2182 3137
188 178 240 203 An.
261 178 377 206 c.1730
422 169 487 202 1325

186 556 305 581 Earumque
315 558 370 575 tran-

187 584 277 607 sumptis
308 588 370 607 piae>

188 609 264 628 stantia
279 608 337 628 sides.

381 227 462 267 bus,
490 227 596 269 quoad
624 236 677 265 ea,
704 235 786 268 quae
813 224 1040 268 praesentibus
1067 225 1121 257 ad-

381 284 566 317 versantur,
593 277 802 320 praeinsertis
835 277 1002 310 Benedicti
1028 287 1121 321 prae-

381 332 559 365 decessoris
593 331 730 370 litteris‚
757 341 887 364 necnon
914 331 1065 364 omnibus
1090 336 1122 364 et

379 384 514 426 singulis
540 395 622 426 quae
648 384 677 415 in
705 383 751 416 eis
776 394 931 416 concessa
956 389 1031 416 sunt
1055 394 1120 417 non

381 437 529 477 obstare,
559 437 741 480 ceterisque
775 437 949 469 contrariis
982 438 1120 479 quibus-

379 501 531 533 cumque.

425 543 439 586 g
456 544 487 575 (i.
508 543 662 575 Volumus
680 553 826 586 quoque,
847 547 882 574 ut
900 542 1016 575 harum
1037 542 1122 575 litte-

381 607 491 629 rarum
511 595 733 638 transumptis,
755 606 813 627 seu
835 594 1007 638 exemplis,
1026 595 1122 628 etiam

381 649 560 692 impressis,
590 660 686 681 manu
713 648 850 681 alicuius
876 659 910 681 ex
938 649 1122 680 secretariis

381 702 523 734 ministri
549 713 605 734 seu
623 701 838 734 commissarii
861 700 1025 742 generalis
1046 700 1121 733 dicti

382 754 511 787 Ordinis
536 759 590 787 aut
615 753 732 786 notarii
759 753 881 796 publici
908 753 1121 796 subscriptis,

973 177 1154 201 BULLARIUM
1179 177 1336 202 ROMANUM

1164 235 1267 259 annos
1293 226 1379 260 dicto
1404 234 1565 260 conventu
1585 228 1617 260 in
1643 228 1820 271 collegium
1839 229 1906 262 sive

1164 279 1373 312 seminarium
1398 280 1591 313 missionum
1628 282 1688 313 sub
1721 281 1909 314 immediata

1164 331 1389 373 subiectione,
1422 333 1636 376 dispositione
1673 339 1705 366 et
1747 334 1908 377 regimine

1166 389 1241 417 ωηο
1265 390 1296 418 et
1320 396 1379 428 pro
1403 392 1547 428 tempore
1573 387 1741 419 existentis
1767 386 1908 419 ministri

1165 439 1329 479 generalis
1347 438 1476 471 Ordinis
1493 440 1642 482 praefati,
1662 451 1735 473 cum
1756 440 1907 473 facultate

1166 489 1310 531 eligendi
1348 492 1563 533 guardianum
1591 497 1625 524 et
1649 492 1829 535 recipiendi
1856 503 1909 525 no-

1166 543 1280 583 vitios,
1305 555 1342 576 ac
1367 555 1437 576 cum
1463 545 1593 587 regulis,
1620 545 1909 578 constitutionibus

1167 601 1198 628 et
1224 596 1485 630 ordinationibus
1511 599 1550 631 ad
1568 598 1811 641 praescriptum
1831 609 1910 641 qua-

1167 651 1316 683 rumdam
1341 651 1522 684 litterarum
1549 653 1651 685 felicis
1673 651 1909 684 recordationis

1166 703 1350 736 Innocentii
1376 704 1435 737 ΡΡ.
1455 705 1494 737 XI
1520 705 1787 748 praedecessoris
1806 704 1909 737 nostri

1166 755 1394 798 incipientium
1423 757 1609 791 Catholicae
1632 757 1808 796 Ecclesiae,
1834 760 1907 789 εἰσ..-

1913 183 1965 208 An.
1988 182 2105 211 (3.1730

383 814 414 841 ct
440 808 549 850 sigillo
576 808 671 840 officii
706 807 852 839 eiusdem
884 806 1024 839 ministri
1065 816 1122 838 seu

381 862 598 895 commissarii
633 867 688 894 aut
712 861 933 904 procuratoris
959 860 1123 903 generalis

383 915 485 958 ipsius
511 914 640 947 Ordinis
666 916 715 946 vel
741 914 874 946 alterius
900 924 1062 956 personae
1090 913 1122 945 in

382 968 606 1000 ecclesiastica
624 967 779 1009 dignitate
798 966 996 999 constitutae
1018 966 1124 998 muni—

385 1021 434 1061 tis,
461 1021 574 1053 cadem
601 1030 733 1062 prorsus
752 1019 832 1052 fides
860 1019 977 1051 tamin
1002 1018 1122 1051 iudicio

1214 810 1227 852 g
1253 808 1283 841 Ξ.
1304 809 1492 851 Novissime,
1515 821 1634 854 nempe
1653 811 1705 843 die
1726 821 1756 843 Vl
1775 815 1911 853 septem·
1934 821 2047 842 Decretum
2064 820 2104 842 Sa·
2151 811 2169 831 Ὗ

1158 862 1234 894 ›bris
1252 872 1451 902 nnccxxvui,
1470 864 1592 906 prodiit
1609 875 1627 896 a
1647 848 2106 906 Congregaiionetssu‘lscssssfflssissl
2140 851 2169 903 ζ,

1169 921 1245 948 ωηο
1272 915 1481 948 existentium
1506 916 1537 949 S.
1561 916 1599 949 R.
1618 916 1653 949 E.
1682 915 1907 956 cardinalium,
1921 899 2105 956 Effi‘ifflssfflssai
2141 907 2169 947 ⁴1

1168 968 1310 1010 negotiis
1337 969 1572 1011 Propagandae
1597 969 1687 1002 Fidei
1711 968 1911 1012 praeposito·
1922 953 2107 1009 ii1}‚{i³i.⁶12‘}¹i³l1i1¹i2

1168 1032 1262 1061 rum,
1288 1023 1456 1054 decretum
1492 1022 1631 1056 subinde
1668 1034 1686 1056 a
1721 1005 2106 1057 venerabileUzitwpliizffii
2140 1015 2169 1030 “¹

231 2198 373 2219 Seminarium

189 2225 374 2250 huiusmodiapri-

190 2254 225 2273 ma
239 2252 271 2271 sui
292 2252 372 2270 institu-

383 1084 478 1116 quam
497 1078 587 1105 extra
605 1072 685 1105 illud
711 1072 919 1111 adhibeatur,
940 1082 1023 1114 quae
1041 1071 1122 1113 ipsis

380 1125 610 1168 praesentibus
636 1125 851 1157 adhiberetur
869 1126 896 1157 si
915 1125 1021 1157 forent
1038 1123 1124 1156 exhi-

381 1180 466 1212 bitae
489 1181 538 1212 vel
559 1185 722 1212 ostensae.

424 1233 538 1265 Datum
565 1233 699 1271 Romae,
725 1232 811 1275 apud
844 1232 875 1264 S.
903 1231 1036 1263 Mariam
1061 1230 1125 1263 Ma-

381 1286 483 1318 iorem
500 1313 507 1325 ‚
535 1287 595 1318 sul)
621 1287 744 1318 annulo
770 1284 966 1324 piscatoris,
992 1283 1043 1316 die
1068 1293 1123 1316 xxv

381 1339 526 1372 octobris
550 1348 709 1379 MDccxxx,
728 1338 939 1381 pontificatus
954 1337 1059 1370 nostri
1074 1347 1124 1369 an·

381 1403 423 1425 no
448 1403 470 1425 1.

417 1455 477 1481 Dat.
495 1455 540 1481 die
565 1455 594 1481 lli
614 1454 735 1481 octobris
759 1454 836 1487 1730,
858 1453 1053 1488 1301itif.anno
1070 1460 1088 1478 1.

672 1509 708 1541 F.
736 1509 824 1541 card.
852 1508 1035 1541 OLlVERIUS.

713 1659 792 1691 XIII.

383 1731 591 1770 Declaratio,
620 1730 706 1773 quod
731 1730 906 1772 collegyium
943 1729 981 1762 de
1017 1729 1126 1762 Ozzier

426 1785 570 1827 fratrum
594 1784 879 1815 nu‘ssiorzarz'ormn
906 1782 1042 1816 Ordinis
1067 1782 1126 1815 Mi-

426 1847 545 1869 uorum
570 1837 678 1869 sancti
701 1836 874 1868 Francisci
891 1835 929 1868 de
954 1835 1126 1869 Observan-

427 1890 475 1922 titis
500 1890 536 1922 in
560 1899 659 1931 reqno
684 1888 860 1921 Sardiniae
880 1893 1047 1921 remaneat
1067 1889 1125 1920 sub

426 1942 655 1975 iurisdictione
679 1942 859 1985 superioris
889 1942 1053 1985 qenerczlc's
1086 1945 1125 1974 lo-

425 1996 489 2028 lius
516 1994 662 2035 Ordinis,
691 2000 747 2027 etc.

595 2075 730 2101 Clemens
750 2075 829 2107 Papa
848 2075 912 2106 XII,

520 2121 557 2147 ad
575 2121 711 2147 futuram
729 2121 776 2146 rei
795 2120 982 2147 memoriam.

429 2192 443 2233 ξ
470 2191 500 2223 1.
527 2191 653 2233 Exponi
679 2190 772 2222 nobis
803 2201 910 2233 nuper
944 2190 1020 2223 fecit
1051 2191 1127 2223 (lile-

1168 1074 1345 1107 mcmoriae
1382 1075 1559 1108 Benedicto
1591 1075 1651 1107 ΡΡ.
1684 1075 1752 1108 XIII
1775 1075 1911 1118 praede-

1168 1137 1297 1160 cessore
1325 1127 1422 1160 etiam
1449 1133 1560 1161 nostro
1586 1138 1645 1171 per
1665 1138 1741 1160 suas
1759 1128 1793 1160 in
1810 1127 1909 1160 simili

1168 1180 1272 1214 forma
1298 1181 1408 1214 Brevis
1433 1181 1559 1214 litteras
1586 1181 1825 1221 confirmatum,
1852 1191 1912 1224 per

1169 1235 1269 1277 quod,
1298 1234 1440 1277 exceptis
1466 1235 1614 1277 collegiis
1640 1245 1699 1267 seu
1725 1234 1910 1267 seminariis

1169 1287 1304 1319 fratrum
1329 1287 1611 1320 missionariorum
1637 1287 1824 1320 huiusmodi
1845 1292 1909 1319 tam

1169 1341 1287 1373 erectis
1314 1351 1410 1383 quam
1436 1340 1603 1382 erigendis
1624 1340 1657 1372 in
1681 1340 1791 1382 regnis
1817 1339 1910 1372 lilexi-

1170 1404 1251 1426 cano
1278 1399 1309 1426 et
1334 1394 1481 1426 Peruano
1500 1393 1636 1436 aliisque
1656 1393 1819 1425 Indiarum
1841 1403 1911 1436 pro-

1170 1446 1283 1479 vinciis
1310 1457 1370 1489 pro
1397 1447 1608 1479 conversione
1635 1446 1837 1485 infidelium,
1876 1456 1912 1478 ac

1170 1499 1310 1542 demptis
1347 1500 1474 1532 duobus
1514 1500 1547 1532 in
1586 1509 1686 1541 regno
1728 1498 1911 1531 Lusitaniae

1170 1552 1396 1593 existentibus,
1422 1559 1540 1592 cetera,
1570 1563 1652 1595 quae
1678 1553 1710 1584 in
1732 1551 1909 1594 provinciis

1170 1605 1399 1648 Hispaniarum
1424 1607 1482 1638 sub
1517 1606 1663 1638 dominio
1688 1605 1775 1647 regis
1800 1605 1911 1637 catho-

1169 1659 1224 1692 lici
1250 1664 1355 1692 erecta
1381 1664 1470 1698 sunt,
1498 1659 1698 1691 reducuntur
1734 1659 1792 1690 sub
1829 1658 1909 1690 ohe-

1171 1712 1294 1744 dientia
1324 1717 1356 1745 et
1386 1712 1544 1754 regimine
1581 1711 1808 1744 ministrorum
1834 1721 1911 1753 pro-

1170 1765 1357 1798 vincialium
1396 1776 1466 1797 cum
1509 1765 1625 1797 iisdem
1666 1763 1910 1797 conditionibus

1169 1818 1379 1861 praescriptis
1405 1818 1437 1851 in
1462 1819 1525 1851 alio
1562 1819 1693 1851 decreto
1730 1816 1911 1859 Congrega-

1170 1871 1267 1904 tionis
1301 1877 1378 1904 tune
1411 1882 1540 1914 quoquc
1566 1871 1773 1904 existentium
1808 1869 1910 1912 ipsius

1170 1924 1200 1957 S.
1221 1925 1258 1957 R.
1281 1924 1316 1957 E.
1344 1925 1556 1957 cardinalium
1598 1925 1737 1967 negotiis
1774 1928 1806 1956 et
1837 1933 1911 1956 con-

1170 1977 1400 2010 sultationibus
1417 1977 1648 2021 episcoporum
1664 1983 1695 2010 et
1713 1976 1911 2019 regularium

1170 2032 1429 2074 praepositorum
1441 2032 1493 2064 die
1507 2042 1577 2065 xxlv
1589 2031 1724 2064 ianuarii
1737 2040 1911 2064 nnccxxvn

1171 2090 1322 2117 emauato
1342 2090 1373 2117 et
1392 2096 1449 2127 per
1466 2090 1680 2117 memoratum
1697 2083 1910 2116 Benedictum

1170 2139 1457 2181 praedecessorem
1500 2138 1597 2170 etiam
1632 2136 1838 2180 approbato;
1880 2142 1912 2169 et

1171 2191 1258 2230 alias,
1277 2196 1377 2234 prout
1396 2191 1429 2223 in
1448 2191 1582 2223 decreto
1603 2189 1816 2233 primodictae
1835 2189 1911 2222 Con-

1171 2244 1372 2286 gregationis
1414 2243 1629 2276 cardinalium
1669 2254 1704 2275 ac
1743 2243 1909 2275 Benedicti

1922 1059 1971 1079 ciali
1980 1058 2104 1080 subiiciens.
2146 1059 2161 1090 :t-

190 2280 247 2299 5¹0oe
277 2250 452 2298 mimamcms
478 2244 562 2277 tilius
588 2243 806 2276 Bernardinus
824 2254 841 2275 a
859 2243 975 2282 Sanna,
997 2244 1127 2287 presby—

191 2294 372 2352 fiiffliilloeffi'fjti
384 2304 432 2331 ter
457 2308 610 2341 expresse
636 2298 802 2340 professus
820 2303 997 2330 conventus
1022 2297 1124 2330 Castri

189 2358 316 2379 subiectum·
385 2352 423 2383 de
449 2351 558 2383 Ozzier
584 2351 614 2382 in
642 2351 808 2392 provincia
842 2350 1009 2382 Sardiniae
1034 2350 1126 2383 Ordi-

385 2404 433 2435 nis
469 2405 601 2435 fratrum
631 2403 790 2435 Minoi-um
829 2403 932 2435 sancti
964 2403 1124 2435 Fraucisci

385 2457 425 2489 de
457 2457 666 2489 Observantia
692 2463 952 2499 nuncupatorum
985 2467 1020 2489 ac
1046 2456 1125 2489 eius-
1171 2455 1301 2488 uberius
1326 2455 1526 2488 continetur.
2162 2488 2167 2491 ,,

385 2511 457 2543 dem
483 2515 661 2542 conventus
688 2509 720 2541 in
757 2509 850 2542 Curia
880 2509 1025 2542 Romana
1052 2520 1126 2552 pro·
1214 2509 1229 2552 §
1254 2508 1284 2542 3.
1311 2508 1388 2542 Cum
1416 2513 1538 2547 autem,
1565 2508 1647 2541 sicut
1672 2509 1785 2541 eadem
1811 2518 1910 2552 expo-
1922 2513 2106 2561 92⁵¹g¹¹zg¹⁶sgg¹32
2134 2500 2172 2540 §st

384 2567 523 2602 curator,
545 2562 647 2605 quod,
673 2567 782 2595 erecto
808 2567 881 2594 ante
907 2562 1124 2605 quadraginta
1170 2562 1244 2595 sitio
1258 2561 1487 2605 subiungebat,
1502 2561 1577 2594 licet
1591 2561 1713 2594 dictum
1732 2546 2044 2603 collegium3¹¹3Ari¹1c1011i3n
2064 2565 2106 2587 ¹²⁸¹-
2136 2551 2146 2598 ᾖ

1170 2296 1434 2339 praedecessoris
1463 2296 1578 2329 litteris
1609 2296 1798 2338 praedictis,
1831 2306 1909 2339 quo-

1169 2360 1238 2382 rum
1262 2354 1393 2382 tenores
1412 2349 1638 2392 praesentibus
1664 2359 1724 2392 pro
1751 2349 1910 2392 expressis

1170 2408 1201 2436 et
1225 2403 1265 2435 ad
1290 2402 1423 2435 verbum
1449 2403 1581 2435 insertis
1610 2402 1725 2435 haberi
1750 2403 1908 2440 volumus,
