<?xml version="1.0" encoding="UTF-8"?>
<!DOCTYPE html PUBLIC "-//W3C//DTD XHTML 1.0 Transitional//EN"
    "http://www.w3.org/TR/xhtml1/DTD/xhtml1-transitional.dtd">
<html xmlns="http://www.w3.org/1999/xhtml" xml:lang="en" lang="en">
 <head>
  <title>
</title>
<meta http-equiv="Content-Type" content="text/html;charset=utf-8" />
  <meta name='ocr-system' content='tesseract 3.04.00' />
  <meta name='ocr-capabilities' content='ocr_page ocr_carea ocr_par ocr_line ocrx_word'/>
</head>
<body>
  <div class='ocr_page' id='page_1' title='image "./bullarumdiplomat23cath_0161.png"; bbox 0 0 2182 3137; ppageno 0'>
   <div class='ocr_carea' id='block_1_1' title="bbox 0 845 22 3137">
    <p class='ocr_par' dir='ltr' id='par_1_1' title="bbox 0 845 22 3137">
     <span class='ocr_line' id='line_1_1' title="bbox 0 845 22 3137; baseline 0 0"><span class='ocrx_word' id='word_1_1' title='bbox 0 845 22 3137; x_wconf 95' lang='lat' dir='ltr'> </span> 
     </span>
    </p>
   </div>
   <div class='ocr_carea' id='block_1_2' title="bbox 60 207 243 237">
    <p class='ocr_par' dir='ltr' id='par_1_2' title="bbox 60 207 243 237">
     <span class='ocr_line' id='line_1_2' title="bbox 60 207 243 237; baseline -0.022 0"><span class='ocrx_word' id='word_1_2' title='bbox 60 212 108 237; x_wconf 76' lang='lat' dir='ltr'>An.</span> <span class='ocrx_word' id='word_1_3' title='bbox 125 209 153 235; x_wconf 87' lang='lat' dir='ltr'>C.</span> <span class='ocrx_word' id='word_1_4' title='bbox 175 207 243 234; x_wconf 74' lang='lat'>1730</span> 
     </span>
    </p>
   </div>
   <div class='ocr_carea' id='block_1_3' title="bbox 61 269 244 345">
    <p class='ocr_par' dir='ltr' id='par_1_3' title="bbox 61 269 244 345">
     <span class='ocr_line' id='line_1_3' title="bbox 62 269 244 292; baseline -0.016 0"><span class='ocrx_word' id='word_1_5' title='bbox 62 270 151 292; x_wconf 81' lang='lat' dir='ltr'>iuswodi</span> <span class='ocrx_word' id='word_1_6' title='bbox 170 269 244 290; x_wconf 74' lang='lat' dir='ltr'>decre·</span> 
     </span>
     <span class='ocr_line' id='line_1_4' title="bbox 62 298 244 321; baseline -0.016 -4"><span class='ocrx_word' id='word_1_7' title='bbox 62 298 87 318; x_wconf 83' lang='lat' dir='ltr'>tis</span> <span class='ocrx_word' id='word_1_8' title='bbox 99 304 138 317; x_wconf 77' lang='lat' dir='ltr'>non</span> <span class='ocrx_word' id='word_1_9' title='bbox 150 301 244 321; x_wconf 80' lang='lat' dir='ltr'>compre—</span> 
     </span>
     <span class='ocr_line' id='line_1_5' title="bbox 61 322 243 345; baseline -0.016 0"><span class='ocrx_word' id='word_1_10' title='bbox 61 324 124 345; x_wconf 74' lang='lat' dir='ltr'>heum</span> <span class='ocrx_word' id='word_1_11' title='bbox 141 322 243 342; x_wconf 74' lang='lat' dir='ltr'>videatur.</span> 
     </span>
    </p>
   </div>
   <div class='ocr_carea' id='block_1_4' title="bbox 56 1909 243 2089">
    <p class='ocr_par' dir='ltr' id='par_1_4' title="bbox 56 1909 243 2089">
     <span class='ocr_line' id='line_1_6' title="bbox 94 1909 241 1937; baseline -0.014 -8"><span class='ocrx_word' id='word_1_12' title='bbox 94 1909 241 1937; x_wconf 65' lang='lat' dir='ltr'>procuratoris</span> 
     </span>
     <span class='ocr_line' id='line_1_7' title="bbox 57 1936 242 1962; baseline -0.011 -6"><span class='ocrx_word' id='word_1_13' title='bbox 57 1941 132 1962; x_wconf 80' lang='lat' dir='ltr'>preces</span> <span class='ocrx_word' id='word_1_14' title='bbox 156 1936 242 1957; x_wconf 77' lang='lat' dir='ltr'>Sancti-</span> 
     </span>
     <span class='ocr_line' id='line_1_8' title="bbox 56 1963 243 1987; baseline -0.016 -3"><span class='ocrx_word' id='word_1_15' title='bbox 56 1963 95 1984; x_wconf 76' lang='lat' dir='ltr'>tati</span> <span class='ocrx_word' id='word_1_16' title='bbox 117 1963 173 1984; x_wconf 82' lang='lat' dir='ltr'>Suae</span> <span class='ocrx_word' id='word_1_17' title='bbox 193 1967 243 1987; x_wconf 82' lang='lat' dir='ltr'>por-</span> 
     </span>
     <span class='ocr_line' id='line_1_9' title="bbox 57 1990 243 2015; baseline -0.005 -5"><span class='ocrx_word' id='word_1_18' title='bbox 57 1991 128 2010; x_wconf 77' lang='lat' dir='ltr'>rectae</span> <span class='ocrx_word' id='word_1_19' title='bbox 144 1995 181 2015; x_wconf 84' lang='lat' dir='ltr'>pro</span> <span class='ocrx_word' id='word_1_20' title='bbox 204 1990 243 2010; x_wconf 78' lang='lat' dir='ltr'>liu-</span> 
     </span>
     <span class='ocr_line' id='line_1_10' title="bbox 58 2016 242 2036; baseline -0.005 0"><span class='ocrx_word' id='word_1_21' title='bbox 58 2016 148 2036; x_wconf 83' lang='lat' dir='ltr'>iusmodi</span> <span class='ocrx_word' id='word_1_22' title='bbox 188 2017 242 2035; x_wconf 72' lang='grc' dir='ltr'>οΙιιι-</span> 
     </span>
     <span class='ocr_line' id='line_1_11' title="bbox 58 2043 242 2064; baseline 0 -1"><span class='ocrx_word' id='word_1_23' title='bbox 58 2043 127 2063; x_wconf 77' lang='lat' dir='ltr'>nenda</span> <span class='ocrx_word' id='word_1_24' title='bbox 145 2043 242 2064; x_wconf 76' lang='lat' dir='ltr'>declara-</span> 
     </span>
     <span class='ocr_line' id='line_1_12' title="bbox 63 2070 125 2089; baseline 0.016 -1"><span class='ocrx_word' id='word_1_25' title='bbox 63 2070 125 2089; x_wconf 84' lang='lat' dir='ltr'>tione.</span> 
     </span>
    </p>
   </div>
   <div class='ocr_carea' id='block_1_5' title="bbox 869 203 1159 227">
    <p class='ocr_par' dir='ltr' id='par_1_5' title="bbox 869 203 1159 227">
     <span class='ocr_line' id='line_1_13' title="bbox 869 203 1159 227; baseline 0 0"><span class='ocrx_word' id='word_1_26' title='bbox 869 203 1012 227; x_wconf 86' lang='lat' dir='ltr'>CLEMENS</span> <span class='ocrx_word' id='word_1_27' title='bbox 1037 203 1083 225; x_wconf 82' lang='lat' dir='ltr'>xn</span> <span class='ocrx_word' id='word_1_28' title='bbox 1109 204 1159 227; x_wconf 81' lang='lat' dir='ltr'>PP-</span> 
     </span>
    </p>
   </div>
   <div class='ocr_carea' id='block_1_6' title="bbox 252 251 1001 1731">
    <p class='ocr_par' dir='ltr' id='par_1_6' title="bbox 252 251 1001 1731">
     <span class='ocr_line' id='line_1_14' title="bbox 256 251 999 296; baseline -0.007 -8"><span class='ocrx_word' id='word_1_29' title='bbox 256 255 359 289; x_wconf 87' lang='lat' dir='ltr'>Castri</span> <span class='ocrx_word' id='word_1_30' title='bbox 394 255 434 288; x_wconf 87' lang='lat' dir='ltr'>de</span> <span class='ocrx_word' id='word_1_31' title='bbox 468 254 579 287; x_wconf 89' lang='lat' dir='ltr'>Ozzier</span> <span class='ocrx_word' id='word_1_32' title='bbox 604 252 793 296; x_wconf 85' lang='lat' dir='ltr'>provinciae</span> <span class='ocrx_word' id='word_1_33' title='bbox 829 251 999 284; x_wconf 79' lang='lat' dir='ltr'>Sardiniae</span> 
     </span>
     <span class='ocr_line' id='line_1_15' title="bbox 255 303 999 341; baseline -0.008 0"><span class='ocrx_word' id='word_1_34' title='bbox 255 308 288 340; x_wconf 91' lang='lat' dir='ltr'>in</span> <span class='ocrx_word' id='word_1_35' title='bbox 321 307 504 341; x_wconf 81' lang='lat' dir='ltr'>istiusmodi</span> <span class='ocrx_word' id='word_1_36' title='bbox 530 307 663 339; x_wconf 87' lang='lat' dir='ltr'>decreto</span> <span class='ocrx_word' id='word_1_37' title='bbox 696 315 733 337; x_wconf 90' lang='lat' dir='ltr'>ac</span> <span class='ocrx_word' id='word_1_38' title='bbox 762 303 882 337; x_wconf 89' lang='lat' dir='ltr'>litteris</span> <span class='ocrx_word' id='word_1_39' title='bbox 917 313 999 336; x_wconf 91' lang='lat' dir='ltr'>com-</span> 
     </span>
     <span class='ocr_line' id='line_1_16' title="bbox 255 356 999 404; baseline -0.007 -10"><span class='ocrx_word' id='word_1_40' title='bbox 255 361 458 404; x_wconf 88' lang='lat' dir='ltr'>prehensum</span> <span class='ocrx_word' id='word_1_41' title='bbox 495 369 558 392; x_wconf 92' lang='lat' dir='ltr'>non</span> <span class='ocrx_word' id='word_1_42' title='bbox 594 358 764 396; x_wconf 85' lang='lat' dir='ltr'>videatur,</span> <span class='ocrx_word' id='word_1_43' title='bbox 792 356 885 399; x_wconf 79' lang='lat' dir='ltr'>quia,</span> <span class='ocrx_word' id='word_1_44' title='bbox 913 357 999 389; x_wconf 87' lang='lat' dir='ltr'>ultra</span> 
     </span>
     <span class='ocr_line' id='line_1_17' title="bbox 255 409 998 458; baseline -0.008 -11"><span class='ocrx_word' id='word_1_45' title='bbox 255 414 343 458; x_wconf 91' lang='lat' dir='ltr'>quod</span> <span class='ocrx_word' id='word_1_46' title='bbox 383 413 416 446; x_wconf 84' lang='lat' dir='ltr'>in</span> <span class='ocrx_word' id='word_1_47' title='bbox 452 411 630 456; x_wconf 88' lang='lat' dir='ltr'>provinciis</span> <span class='ocrx_word' id='word_1_48' title='bbox 667 410 901 453; x_wconf 76' lang='lat' dir='ltr'>Hispaniarum</span> <span class='ocrx_word' id='word_1_49' title='bbox 937 409 998 442; x_wconf 89' lang='lat' dir='ltr'>sub</span> 
     </span>
     <span class='ocr_line' id='line_1_18' title="bbox 255 463 999 508; baseline -0.008 -8"><span class='ocrx_word' id='word_1_50' title='bbox 255 466 400 500; x_wconf 90' lang='lat' dir='ltr'>dominio</span> <span class='ocrx_word' id='word_1_51' title='bbox 426 465 512 508; x_wconf 78' lang='lat' dir='ltr'>regis</span> <span class='ocrx_word' id='word_1_52' title='bbox 538 464 692 497; x_wconf 80' lang='lat' dir='ltr'>catholici</span> <span class='ocrx_word' id='word_1_53' title='bbox 725 463 822 496; x_wconf 89' lang='lat' dir='ltr'>situm</span> <span class='ocrx_word' id='word_1_54' title='bbox 856 473 920 496; x_wconf 91' lang='lat' dir='ltr'>non</span> <span class='ocrx_word' id='word_1_55' title='bbox 946 473 999 495; x_wconf 90' lang='lat' dir='ltr'>re-</span> 
     </span>
     <span class='ocr_line' id='line_1_19' title="bbox 253 519 999 563; baseline -0.005 -11"><span class='ocrx_word' id='word_1_56' title='bbox 253 519 388 563; x_wconf 86' lang='lat' dir='ltr'>peritur,</span> <span class='ocrx_word' id='word_1_57' title='bbox 416 519 578 551; x_wconf 89' lang='lat' dir='ltr'>rationum</span> <span class='ocrx_word' id='word_1_58' title='bbox 600 523 775 554; x_wconf 86' lang='lat' dir='ltr'>momenta,</span> <span class='ocrx_word' id='word_1_59' title='bbox 803 526 886 559; x_wconf 89' lang='lat' dir='ltr'>quae</span> <span class='ocrx_word' id='word_1_60' title='bbox 922 527 999 549; x_wconf 87' lang='lat' dir='ltr'>cau-</span> 
     </span>
     <span class='ocr_line' id='line_1_20' title="bbox 254 569 996 615; baseline -0.007 -10"><span class='ocrx_word' id='word_1_61' title='bbox 254 583 320 605; x_wconf 88' lang='lat' dir='ltr'>sam</span> <span class='ocrx_word' id='word_1_62' title='bbox 345 572 568 615; x_wconf 86' lang='lat' dir='ltr'>praebuerunt</span> <span class='ocrx_word' id='word_1_63' title='bbox 593 575 762 603; x_wconf 70' lang='lat' dir='ltr'>enarratae</span> <span class='ocrx_word' id='word_1_64' title='bbox 789 569 996 609; x_wconf 79' lang='lat' dir='ltr'>reductioni,</span> 
     </span>
     <span class='ocr_line' id='line_1_21' title="bbox 254 623 997 665; baseline -0.005 -7"><span class='ocrx_word' id='word_1_65' title='bbox 254 626 359 658; x_wconf 90' lang='lat' dir='ltr'>locum</span> <span class='ocrx_word' id='word_1_66' title='bbox 397 625 459 657; x_wconf 91' lang='lat' dir='ltr'>sibi</span> <span class='ocrx_word' id='word_1_67' title='bbox 495 635 563 657; x_wconf 92' lang='lat' dir='ltr'>non</span> <span class='ocrx_word' id='word_1_68' title='bbox 598 623 766 656; x_wconf 84' lang='lat' dir='ltr'>vindicant</span> <span class='ocrx_word' id='word_1_69' title='bbox 796 623 827 654; x_wconf 91' lang='lat' dir='ltr'>in</span> <span class='ocrx_word' id='word_1_70' title='bbox 854 623 997 665; x_wconf 84' lang='lat' dir='ltr'>collegio</span> 
     </span>
     <span class='ocr_line' id='line_1_22' title="bbox 253 676 998 721; baseline -0.004 -11"><span class='ocrx_word' id='word_1_71' title='bbox 253 679 434 721; x_wconf 85' lang='lat' dir='ltr'>praedicto,</span> <span class='ocrx_word' id='word_1_72' title='bbox 457 683 570 721; x_wconf 89' lang='lat' dir='ltr'>utpote</span> <span class='ocrx_word' id='word_1_73' title='bbox 596 678 628 710; x_wconf 92' lang='lat' dir='ltr'>in</span> <span class='ocrx_word' id='word_1_74' title='bbox 663 677 731 709; x_wconf 88' lang='lat' dir='ltr'>eius</span> <span class='ocrx_word' id='word_1_75' title='bbox 768 676 928 719; x_wconf 85' lang='lat' dir='ltr'>regimine</span> <span class='ocrx_word' id='word_1_76' title='bbox 966 681 998 708; x_wconf 86' lang='lat' dir='ltr'>et</span> 
     </span>
     <span class='ocr_line' id='line_1_23' title="bbox 254 728 996 774; baseline -0.004 -10"><span class='ocrx_word' id='word_1_77' title='bbox 254 731 418 774; x_wconf 82' lang='lat' dir='ltr'>gubernio</span> <span class='ocrx_word' id='word_1_78' title='bbox 455 730 645 774; x_wconf 87' lang='lat' dir='ltr'>superiores</span> <span class='ocrx_word' id='word_1_79' title='bbox 670 730 800 762; x_wconf 88' lang='lat' dir='ltr'>Ordinis</span> <span class='ocrx_word' id='word_1_80' title='bbox 836 728 996 772; x_wconf 80' lang='lat' dir='ltr'>praedicti</span> 
     </span>
     <span class='ocr_line' id='line_1_24' title="bbox 254 783 998 827; baseline -0.004 -10"><span class='ocrx_word' id='word_1_81' title='bbox 254 786 375 818; x_wconf 87' lang='lat' dir='ltr'>nullam</span> <span class='ocrx_word' id='word_1_82' title='bbox 412 784 537 827; x_wconf 85' lang='lat' dir='ltr'>experti</span> <span class='ocrx_word' id='word_1_83' title='bbox 570 789 644 816; x_wconf 88' lang='lat' dir='ltr'>suut</span> <span class='ocrx_word' id='word_1_84' title='bbox 670 783 916 822; x_wconf 79' lang='lat' dir='ltr'>difficultatem,</span> <span class='ocrx_word' id='word_1_85' title='bbox 941 793 998 815; x_wconf 86' lang='lat' dir='ltr'>ne-</span> 
     </span>
     <span class='ocr_line' id='line_1_25' title="bbox 255 836 998 881; baseline -0.004 -11"><span class='ocrx_word' id='word_1_86' title='bbox 255 849 317 881; x_wconf 90' lang='lat' dir='ltr'>que</span> <span class='ocrx_word' id='word_1_87' title='bbox 342 838 409 870; x_wconf 83' lang='lat' dir='ltr'>ulla</span> <span class='ocrx_word' id='word_1_88' title='bbox 433 837 701 870; x_wconf 79' lang='lat' dir='ltr'>inconvenientia</span> <span class='ocrx_word' id='word_1_89' title='bbox 733 841 829 868; x_wconf 85' lang='lat' dir='ltr'>enata</span> <span class='ocrx_word' id='word_1_90' title='bbox 865 836 998 868; x_wconf 89' lang='lat' dir='ltr'>suerunt</span> 
     </span>
     <span class='ocr_line' id='line_1_26' title="bbox 256 888 996 931; baseline -0.003 -9"><span class='ocrx_word' id='word_1_91' title='bbox 256 891 289 923; x_wconf 90' lang='lat' dir='ltr'>in</span> <span class='ocrx_word' id='word_1_92' title='bbox 315 890 547 923; x_wconf 89' lang='lat' dir='ltr'>detrimentum</span> <span class='ocrx_word' id='word_1_93' title='bbox 575 889 722 922; x_wconf 85' lang='lat' dir='ltr'>salutaris</span> <span class='ocrx_word' id='word_1_94' title='bbox 745 888 882 921; x_wconf 86' lang='lat' dir='ltr'>instituti</span> <span class='ocrx_word' id='word_1_95' title='bbox 908 889 996 931; x_wconf 86' lang='lat' dir='ltr'>quod</span> 
     </span>
     <span class='ocr_line' id='line_1_27' title="bbox 254 941 998 986; baseline -0.005 -9"><span class='ocrx_word' id='word_1_96' title='bbox 254 944 342 977; x_wconf 90' lang='lat' dir='ltr'>illius</span> <span class='ocrx_word' id='word_1_97' title='bbox 369 944 484 977; x_wconf 85' lang='lat' dir='ltr'>fratres</span> <span class='ocrx_word' id='word_1_98' title='bbox 509 942 721 986; x_wconf 72' lang='lat' dir='ltr'>profitentur,</span> <span class='ocrx_word' id='word_1_99' title='bbox 748 947 802 974; x_wconf 87' lang='lat' dir='ltr'>aut.</span> <span class='ocrx_word' id='word_1_100' title='bbox 820 941 948 974; x_wconf 83' lang='lat' dir='ltr'>debitae</span> <span class='ocrx_word' id='word_1_101' title='bbox 968 946 998 974; x_wconf 88' lang='lat' dir='ltr'>et</span> 
     </span>
     <span class='ocr_line' id='line_1_28' title="bbox 256 995 998 1040; baseline -0.004 -10"><span class='ocrx_word' id='word_1_102' title='bbox 256 997 435 1040; x_wconf 70' lang='lat' dir='ltr'>promissae</span> <span class='ocrx_word' id='word_1_103' title='bbox 462 996 672 1030; x_wconf 85' lang='lat' dir='ltr'>obedientiae</span> <span class='ocrx_word' id='word_1_104' title='bbox 703 995 827 1038; x_wconf 85' lang='lat' dir='ltr'>aliquid</span> <span class='ocrx_word' id='word_1_105' title='bbox 865 995 913 1028; x_wconf 85' lang='lat' dir='ltr'>vel</span> <span class='ocrx_word' id='word_1_106' title='bbox 939 995 998 1027; x_wconf 90' lang='lat' dir='ltr'>mi-</span> 
     </span>
     <span class='ocr_line' id='line_1_29' title="bbox 255 1048 999 1083; baseline -0.005 0"><span class='ocrx_word' id='word_1_107' title='bbox 255 1051 378 1083; x_wconf 88' lang='lat' dir='ltr'>nimum</span> <span class='ocrx_word' id='word_1_108' title='bbox 406 1051 585 1083; x_wconf 86' lang='lat' dir='ltr'>detractum</span> <span class='ocrx_word' id='word_1_109' title='bbox 614 1054 667 1082; x_wconf 88' lang='lat' dir='ltr'>aut</span> <span class='ocrx_word' id='word_1_110' title='bbox 692 1049 898 1081; x_wconf 89' lang='lat' dir='ltr'>imminutum</span> <span class='ocrx_word' id='word_1_111' title='bbox 921 1048 999 1081; x_wconf 76' lang='lat' dir='ltr'>exti-</span> 
     </span>
     <span class='ocr_line' id='line_1_30' title="bbox 255 1101 999 1147; baseline -0.004 -11"><span class='ocrx_word' id='word_1_112' title='bbox 255 1104 312 1144; x_wconf 87' lang='lat' dir='ltr'>tit;</span> <span class='ocrx_word' id='word_1_113' title='bbox 340 1104 487 1147; x_wconf 85' lang='lat' dir='ltr'>quinimo</span> <span class='ocrx_word' id='word_1_114' title='bbox 508 1114 578 1135; x_wconf 89' lang='lat' dir='ltr'>cum</span> <span class='ocrx_word' id='word_1_115' title='bbox 605 1103 728 1145; x_wconf 75' lang='lat' dir='ltr'>ingenti</span> <span class='ocrx_word' id='word_1_116' title='bbox 756 1101 918 1144; x_wconf 75' lang='lat' dir='ltr'>regutaris</span> <span class='ocrx_word' id='word_1_117' title='bbox 941 1102 999 1134; x_wconf 86' lang='lat' dir='ltr'>ob-</span> 
     </span>
     <span class='ocr_line' id='line_1_31' title="bbox 255 1154 999 1196; baseline -0.005 -7"><span class='ocrx_word' id='word_1_118' title='bbox 255 1157 437 1190; x_wconf 84' lang='lat' dir='ltr'>servantiae</span> <span class='ocrx_word' id='word_1_119' title='bbox 456 1157 659 1189; x_wconf 83' lang='lat' dir='ltr'>incremento</span> <span class='ocrx_word' id='word_1_120' title='bbox 689 1155 866 1196; x_wconf 78' lang='lat' dir='ltr'>collegium</span> <span class='ocrx_word' id='word_1_121' title='bbox 885 1164 921 1187; x_wconf 91' lang='lat' dir='ltr'>ac</span> <span class='ocrx_word' id='word_1_122' title='bbox 939 1154 999 1186; x_wconf 85' lang='lat' dir='ltr'>sra-</span> 
     </span>
     <span class='ocr_line' id='line_1_32' title="bbox 255 1208 1000 1253; baseline -0.004 -11"><span class='ocrx_word' id='word_1_123' title='bbox 255 1216 320 1243; x_wconf 89' lang='lat' dir='ltr'>tres</span> <span class='ocrx_word' id='word_1_124' title='bbox 346 1210 479 1253; x_wconf 80' lang='lat' dir='ltr'>praefati</span> <span class='ocrx_word' id='word_1_125' title='bbox 519 1211 703 1242; x_wconf 86' lang='lat' dir='ltr'>uberrimos</span> <span class='ocrx_word' id='word_1_126' title='bbox 740 1209 860 1241; x_wconf 78' lang='lat' dir='ltr'>fructus</span> <span class='ocrx_word' id='word_1_127' title='bbox 891 1208 923 1239; x_wconf 90' lang='lat' dir='ltr'>in</span> <span class='ocrx_word' id='word_1_128' title='bbox 951 1218 1000 1240; x_wconf 88' lang='lat' dir='ltr'>sa-</span> 
     </span>
     <span class='ocr_line' id='line_1_33' title="bbox 258 1261 1000 1306; baseline -0.004 -10"><span class='ocrx_word' id='word_1_129' title='bbox 258 1263 322 1296; x_wconf 87' lang='lat' dir='ltr'>cris</span> <span class='ocrx_word' id='word_1_130' title='bbox 340 1263 551 1296; x_wconf 80' lang='lat' dir='ltr'>missionibus</span> <span class='ocrx_word' id='word_1_131' title='bbox 569 1262 742 1306; x_wconf 73' lang='lat' dir='ltr'>quotannis</span> <span class='ocrx_word' id='word_1_132' title='bbox 761 1262 936 1301; x_wconf 79' lang='lat' dir='ltr'>obeundis,</span> <span class='ocrx_word' id='word_1_133' title='bbox 958 1261 1000 1293; x_wconf 90' lang='lat' dir='ltr'>vi-</span> 
     </span>
     <span class='ocr_line' id='line_1_34' title="bbox 254 1316 1001 1360; baseline -0.001 -13"><span class='ocrx_word' id='word_1_134' title='bbox 254 1316 297 1349; x_wconf 87' lang='lat' dir='ltr'>tia</span> <span class='ocrx_word' id='word_1_135' title='bbox 323 1317 531 1360; x_wconf 81' lang='lat' dir='ltr'>extirpando,</span> <span class='ocrx_word' id='word_1_136' title='bbox 547 1326 654 1348; x_wconf 89' lang='lat' dir='ltr'>mores</span> <span class='ocrx_word' id='word_1_137' title='bbox 673 1316 894 1353; x_wconf 74' lang='lat' dir='ltr'>reformando,</span> <span class='ocrx_word' id='word_1_138' title='bbox 916 1319 1001 1347; x_wconf 86' lang='lat' dir='ltr'>catc-</span> 
     </span>
     <span class='ocr_line' id='line_1_35' title="bbox 255 1369 1000 1403; baseline -0.003 0"><span class='ocrx_word' id='word_1_139' title='bbox 255 1370 414 1403; x_wconf 82' lang='lat' dir='ltr'>chismum</span> <span class='ocrx_word' id='word_1_140' title='bbox 442 1375 474 1402; x_wconf 91' lang='lat' dir='ltr'>et</span> <span class='ocrx_word' id='word_1_141' title='bbox 504 1370 686 1402; x_wconf 84' lang='lat' dir='ltr'>catholicae</span> <span class='ocrx_word' id='word_1_142' title='bbox 712 1370 787 1402; x_wconf 73' lang='lat' dir='ltr'>fidei</span> <span class='ocrx_word' id='word_1_143' title='bbox 815 1369 1000 1401; x_wconf 83' lang='lat' dir='ltr'>rudimenta</span> 
     </span>
     <span class='ocr_line' id='line_1_36' title="bbox 255 1423 997 1467; baseline -0.003 -11"><span class='ocrx_word' id='word_1_144' title='bbox 255 1424 437 1463; x_wconf 85' lang='lat' dir='ltr'>edocendo,</span> <span class='ocrx_word' id='word_1_145' title='bbox 465 1429 655 1467; x_wconf 78' lang='lat' dir='ltr'>peccatores</span> <span class='ocrx_word' id='word_1_146' title='bbox 680 1424 719 1456; x_wconf 89' lang='lat' dir='ltr'>ad</span> <span class='ocrx_word' id='word_1_147' title='bbox 746 1423 997 1466; x_wconf 75' lang='lat' dir='ltr'>poenitentiam,</span> 
     </span>
     <span class='ocr_line' id='line_1_37' title="bbox 256 1475 998 1518; baseline -0.003 -9"><span class='ocrx_word' id='word_1_148' title='bbox 256 1477 450 1509; x_wconf 82' lang='lat' dir='ltr'>dissidentes</span> <span class='ocrx_word' id='word_1_149' title='bbox 489 1477 527 1509; x_wconf 88' lang='lat' dir='ltr'>ad</span> <span class='ocrx_word' id='word_1_150' title='bbox 570 1487 682 1518; x_wconf 90' lang='lat' dir='ltr'>pacem</span> <span class='ocrx_word' id='word_1_151' title='bbox 721 1481 753 1508; x_wconf 89' lang='lat' dir='ltr'>et</span> <span class='ocrx_word' id='word_1_152' title='bbox 788 1475 998 1509; x_wconf 78' lang='lat' dir='ltr'>concordiam</span> 
     </span>
     <span class='ocr_line' id='line_1_38' title="bbox 252 1528 996 1572; baseline -0.001 -11"><span class='ocrx_word' id='word_1_153' title='bbox 252 1529 449 1568; x_wconf 82' lang='lat' dir='ltr'>revocando,</span> <span class='ocrx_word' id='word_1_154' title='bbox 475 1529 630 1572; x_wconf 83' lang='lat' dir='ltr'>pietatem</span> <span class='ocrx_word' id='word_1_155' title='bbox 656 1529 688 1561; x_wconf 87' lang='lat' dir='ltr'>in</span> <span class='ocrx_word' id='word_1_156' title='bbox 707 1529 808 1561; x_wconf 86' lang='lat' dir='ltr'>Deum</span> <span class='ocrx_word' id='word_1_157' title='bbox 830 1528 996 1571; x_wconf 82' lang='lat' dir='ltr'>augendo,</span> 
     </span>
     <span class='ocr_line' id='line_1_39' title="bbox 255 1580 997 1624; baseline -0.001 -10"><span class='ocrx_word' id='word_1_158' title='bbox 255 1593 320 1615; x_wconf 92' lang='lat' dir='ltr'>non</span> <span class='ocrx_word' id='word_1_159' title='bbox 346 1582 416 1615; x_wconf 90' lang='lat' dir='ltr'>sine</span> <span class='ocrx_word' id='word_1_160' title='bbox 435 1585 551 1624; x_wconf 73' lang='lat' dir='ltr'>magna</span> <span class='ocrx_word' id='word_1_161' title='bbox 570 1582 833 1614; x_wconf 81' lang='lat' dir='ltr'>christifidelium</span> <span class='ocrx_word' id='word_1_162' title='bbox 853 1580 997 1614; x_wconf 81' lang='lat' dir='ltr'>universi</span> 
     </span>
     <span class='ocr_line' id='line_1_40' title="bbox 254 1634 997 1678; baseline -0.001 -11"><span class='ocrx_word' id='word_1_163' title='bbox 254 1636 347 1678; x_wconf 78' lang='lat' dir='ltr'>regni</span> <span class='ocrx_word' id='word_1_164' title='bbox 373 1635 541 1668; x_wconf 85' lang='lat' dir='ltr'>Sardiniae</span> <span class='ocrx_word' id='word_1_165' title='bbox 567 1635 856 1675; x_wconf 52' lang='lat' dir='ltr'>aedificationem</span> <span class='ocrx_word' id='word_1_166' title='bbox 883 1634 997 1666; x_wconf 87' lang='lat' dir='ltr'>vineae</span> 
     </span>
     <span class='ocr_line' id='line_1_41' title="bbox 254 1688 999 1731; baseline -0.003 -10"><span class='ocrx_word' id='word_1_167' title='bbox 254 1688 438 1721; x_wconf 84' lang='lat' dir='ltr'>dominicae</span> <span class='ocrx_word' id='word_1_168' title='bbox 476 1689 604 1721; x_wconf 75' lang='lat' dir='ltr'>cultura</span> <span class='ocrx_word' id='word_1_169' title='bbox 640 1690 865 1731; x_wconf 88' lang='lat' dir='ltr'>protulerunt,</span> <span class='ocrx_word' id='word_1_170' title='bbox 901 1691 999 1730; x_wconf 80' lang='lat' dir='ltr'>prout</span> 
     </span>
    </p>
   </div>
   <div class='ocr_carea' id='block_1_7' title="bbox 253 1741 1020 1843">
    <p class='ocr_par' dir='ltr' id='par_1_7' title="bbox 253 1741 1020 1843">
     <span class='ocr_line' id='line_1_42' title="bbox 253 1741 1020 1785; baseline -0.003 -11"><span class='ocrx_word' id='word_1_171' title='bbox 253 1743 365 1785; x_wconf 85' lang='lat' dir='ltr'>plures</span> <span class='ocrx_word' id='word_1_172' title='bbox 391 1743 599 1774; x_wconf 87' lang='lat' dir='ltr'>venerabiles</span> <span class='ocrx_word' id='word_1_173' title='bbox 625 1742 740 1775; x_wconf 79' lang='lat' dir='ltr'>fratres</span> <span class='ocrx_word' id='word_1_174' title='bbox 778 1741 923 1785; x_wconf 76' lang='lat' dir='ltr'>episcopi</span> <span class='ocrx_word' id='word_1_175' title='bbox 961 1752 997 1773; x_wconf 87' lang='lat' dir='ltr'>ac</span> <span class='ocrx_word' id='word_1_176' title='bbox 1019 1758 1020 1763; x_wconf 67' lang='lat'>=</span> 
     </span>
     <span class='ocr_line' id='line_1_43' title="bbox 253 1792 1020 1843; baseline -0.003 -14"><span class='ocrx_word' id='word_1_177' title='bbox 253 1792 362 1829; x_wconf 86' lang='lat' dir='ltr'>dilecti</span> <span class='ocrx_word' id='word_1_178' title='bbox 391 1796 447 1829; x_wconf 81' lang='lat' dir='ltr'>filii</span> <span class='ocrx_word' id='word_1_179' title='bbox 477 1796 623 1829; x_wconf 84' lang='lat' dir='ltr'>locorum</span> <span class='ocrx_word' id='word_1_180' title='bbox 650 1796 813 1829; x_wconf 87' lang='lat' dir='ltr'>Ordinarii</span> <span class='ocrx_word' id='word_1_181' title='bbox 849 1795 1020 1843; x_wconf 59' lang='lat' dir='ltr'>eiusdem3</span> 
     </span>
    </p>
   </div>
   <div class='ocr_carea' id='block_1_8' title="bbox 253 1849 997 2159">
    <p class='ocr_par' dir='ltr' id='par_1_8' title="bbox 253 1849 615 1892">
     <span class='ocr_line' id='line_1_44' title="bbox 253 1849 615 1892; baseline -0.003 -11"><span class='ocrx_word' id='word_1_182' title='bbox 253 1849 346 1892; x_wconf 81' lang='lat' dir='ltr'>regui</span> <span class='ocrx_word' id='word_1_183' title='bbox 373 1854 615 1889; x_wconf 73' lang='lat' dir='ltr'>contestantur3</span> 
     </span>
    </p>

    <p class='ocr_par' dir='ltr' id='par_1_9' title="bbox 253 1902 997 2159">
     <span class='ocr_line' id='line_1_45' title="bbox 298 1902 996 1946; baseline -0.001 -11"><span class='ocrx_word' id='word_1_184' title='bbox 298 1904 313 1946; x_wconf 59' lang='grc' dir='ltr'>ξ,</span> <span class='ocrx_word' id='word_1_185' title='bbox 338 1902 370 1935; x_wconf 68' lang='lat' dir='ltr'>lt.</span> <span class='ocrx_word' id='word_1_186' title='bbox 398 1902 618 1935; x_wconf 70' lang='lat' dir='ltr'>Nihilominus</span> <span class='ocrx_word' id='word_1_187' title='bbox 644 1903 748 1935; x_wconf 82' lang='lat' dir='ltr'>dictus</span> <span class='ocrx_word' id='word_1_188' title='bbox 775 1903 996 1935; x_wconf 66' lang='lat' dir='ltr'>sserxmrdinus</span> 
     </span>
     <span class='ocr_line' id='line_1_46' title="bbox 254 1955 997 1998; baseline -0.003 -10"><span class='ocrx_word' id='word_1_189' title='bbox 254 1956 293 1988; x_wconf 86' lang='lat' dir='ltr'>ad</span> <span class='ocrx_word' id='word_1_190' title='bbox 319 1966 448 1988; x_wconf 88' lang='lat' dir='ltr'>omnem</span> <span class='ocrx_word' id='word_1_191' title='bbox 483 1956 697 1988; x_wconf 81' lang='lat' dir='ltr'>dubitationis</span> <span class='ocrx_word' id='word_1_192' title='bbox 728 1966 764 1988; x_wconf 85' lang='lat' dir='ltr'>ac</span> <span class='ocrx_word' id='word_1_193' title='bbox 796 1955 997 1998; x_wconf 81' lang='lat' dir='ltr'>quaestionis</span> 
     </span>
     <span class='ocr_line' id='line_1_47' title="bbox 254 2009 997 2052; baseline -0.001 -10"><span class='ocrx_word' id='word_1_194' title='bbox 254 2010 480 2047; x_wconf 80' lang='lat' dir='ltr'>occasionem,</span> <span class='ocrx_word' id='word_1_195' title='bbox 508 2020 589 2051; x_wconf 85' lang='lat' dir='ltr'>quae</span> <span class='ocrx_word' id='word_1_196' title='bbox 615 2009 756 2042; x_wconf 85' lang='lat' dir='ltr'>suboriri</span> <span class='ocrx_word' id='word_1_197' title='bbox 783 2015 904 2052; x_wconf 78' lang='lat' dir='ltr'>posset,</span> <span class='ocrx_word' id='word_1_198' title='bbox 923 2009 997 2041; x_wconf 85' lang='lat' dir='ltr'>sub-</span> 
     </span>
     <span class='ocr_line' id='line_1_48' title="bbox 253 2062 994 2105; baseline -0.001 -10"><span class='ocrx_word' id='word_1_199' title='bbox 253 2063 477 2101; x_wconf 82' lang='lat' dir='ltr'>movendum,</span> <span class='ocrx_word' id='word_1_200' title='bbox 520 2062 693 2104; x_wconf 73' lang='lat' dir='ltr'>collegium</span> <span class='ocrx_word' id='word_1_201' title='bbox 734 2063 917 2105; x_wconf 79' lang='lat' dir='ltr'>praefatum</span> <span class='ocrx_word' id='word_1_202' title='bbox 963 2063 994 2094; x_wconf 89' lang='lat' dir='ltr'>in</span> 
     </span>
     <span class='ocr_line' id='line_1_49' title="bbox 253 2115 996 2159; baseline -0.001 -11"><span class='ocrx_word' id='word_1_203' title='bbox 253 2115 469 2159; x_wconf 62' lang='lat' dir='ltr'>prii‘nodictac</span> <span class='ocrx_word' id='word_1_204' title='bbox 502 2115 772 2158; x_wconf 80' lang='lat' dir='ltr'>Congrcgatiouis</span> <span class='ocrx_word' id='word_1_205' title='bbox 803 2116 934 2148; x_wconf 87' lang='lat' dir='ltr'>decreto</span> <span class='ocrx_word' id='word_1_206' title='bbox 960 2126 996 2148; x_wconf 85' lang='lat' dir='ltr'>ac</span> 
     </span>
    </p>
   </div>
   <div class='ocr_carea' id='block_1_9' title="bbox 232 2169 996 2212">
    <p class='ocr_par' dir='ltr' id='par_1_10' title="bbox 232 2169 996 2212">
     <span class='ocr_line' id='line_1_50' title="bbox 232 2169 996 2212; baseline 0.001 -12"><span class='ocrx_word' id='word_1_207' title='bbox 232 2170 421 2203; x_wconf 78' lang='lat' dir='ltr'>‚Benedicti</span> <span class='ocrx_word' id='word_1_208' title='bbox 458 2169 724 2212; x_wconf 78' lang='lat' dir='ltr'>praedecessoris</span> <span class='ocrx_word' id='word_1_209' title='bbox 758 2169 874 2202; x_wconf 82' lang='lat' dir='ltr'>litteris</span> <span class='ocrx_word' id='word_1_210' title='bbox 911 2169 996 2201; x_wconf 84' lang='lat' dir='ltr'>eius-</span> 
     </span>
    </p>
   </div>
   <div class='ocr_carea' id='block_1_10' title="bbox 251 2221 996 2638">
    <p class='ocr_par' dir='ltr' id='par_1_11' title="bbox 251 2221 996 2638">
     <span class='ocr_line' id='line_1_51' title="bbox 252 2221 995 2266; baseline -0.004 -10"><span class='ocrx_word' id='word_1_211' title='bbox 252 2223 340 2256; x_wconf 90' lang='lat' dir='ltr'>modi</span> <span class='ocrx_word' id='word_1_212' title='bbox 363 2233 567 2266; x_wconf 82' lang='lat' dir='ltr'>nequaquam</span> <span class='ocrx_word' id='word_1_213' title='bbox 586 2223 838 2265; x_wconf 83' lang='lat' dir='ltr'>comprehendi⁷</span> <span class='ocrx_word' id='word_1_214' title='bbox 858 2222 915 2255; x_wconf 87' lang='lat' dir='ltr'>scd</span> <span class='ocrx_word' id='word_1_215' title='bbox 935 2221 995 2254; x_wconf 88' lang='lat' dir='ltr'>sub</span> 
     </span>
     <span class='ocr_line' id='line_1_52' title="bbox 252 2276 996 2319; baseline 0 -10"><span class='ocrx_word' id='word_1_216' title='bbox 252 2276 469 2319; x_wconf 83' lang='lat' dir='ltr'>dispositione</span> <span class='ocrx_word' id='word_1_217' title='bbox 496 2277 641 2318; x_wconf 85' lang='lat' dir='ltr'>priorum</span> <span class='ocrx_word' id='word_1_218' title='bbox 681 2277 863 2308; x_wconf 88' lang='lat' dir='ltr'>litterarum</span> <span class='ocrx_word' id='word_1_219' title='bbox 902 2276 996 2309; x_wconf 88' lang='lat' dir='ltr'>Inno-</span> 
     </span>
     <span class='ocr_line' id='line_1_53' title="bbox 251 2329 996 2372; baseline 0.001 -11"><span class='ocrx_word' id='word_1_220' title='bbox 251 2330 348 2361; x_wconf 86' lang='lat' dir='ltr'>centii</span> <span class='ocrx_word' id='word_1_221' title='bbox 387 2329 653 2372; x_wconf 79' lang='lat' dir='ltr'>praedecessoris</span> <span class='ocrx_word' id='word_1_222' title='bbox 689 2340 859 2362; x_wconf 87' lang='lat' dir='ltr'>remanere</span> <span class='ocrx_word' id='word_1_223' title='bbox 895 2330 928 2362; x_wconf 91' lang='lat' dir='ltr'>in</span> <span class='ocrx_word' id='word_1_224' title='bbox 962 2341 996 2362; x_wconf 91' lang='lat' dir='ltr'>o-</span> 
     </span>
     <span class='ocr_line' id='line_1_54' title="bbox 251 2383 995 2426; baseline 0.001 -11"><span class='ocrx_word' id='word_1_225' title='bbox 251 2384 382 2415; x_wconf 85' lang='lat' dir='ltr'>mnibus</span> <span class='ocrx_word' id='word_1_226' title='bbox 408 2388 439 2415; x_wconf 92' lang='lat' dir='ltr'>et</span> <span class='ocrx_word' id='word_1_227' title='bbox 464 2394 523 2426; x_wconf 87' lang='lat' dir='ltr'>per</span> <span class='ocrx_word' id='word_1_228' title='bbox 547 2383 656 2416; x_wconf 83' lang='lat' dir='ltr'>onmia</span> <span class='ocrx_word' id='word_1_229' title='bbox 674 2410 681 2423; x_wconf 82' lang='grc'>,</span> <span class='ocrx_word' id='word_1_230' title='bbox 719 2394 783 2416; x_wconf 89' lang='lat' dir='ltr'>uon</span> <span class='ocrx_word' id='word_1_231' title='bbox 820 2384 927 2416; x_wconf 89' lang='lat' dir='ltr'>minus</span> <span class='ocrx_word' id='word_1_232' title='bbox 959 2394 995 2416; x_wconf 91' lang='lat' dir='ltr'>ac</span> 
     </span>
     <span class='ocr_line' id='line_1_55' title="bbox 252 2436 995 2479; baseline 0 -10"><span class='ocrx_word' id='word_1_233' title='bbox 252 2438 343 2479; x_wconf 81' lang='lat' dir='ltr'>regni</span> <span class='ocrx_word' id='word_1_234' title='bbox 381 2436 564 2468; x_wconf 84' lang='lat' dir='ltr'>Lusitaniae</span> <span class='ocrx_word' id='word_1_235' title='bbox 591 2441 624 2468; x_wconf 90' lang='lat' dir='ltr'>et</span> <span class='ocrx_word' id='word_1_236' title='bbox 649 2437 711 2469; x_wconf 85' lang='lat' dir='ltr'>alia</span> <span class='ocrx_word' id='word_1_237' title='bbox 736 2437 901 2470; x_wconf 87' lang='lat' dir='ltr'>Indiarum</span> <span class='ocrx_word' id='word_1_238' title='bbox 936 2437 995 2470; x_wconf 87' lang='lat' dir='ltr'>Oc-</span> 
     </span>
     <span class='ocr_line' id='line_1_56' title="bbox 253 2488 993 2532; baseline 0 -10"><span class='ocrx_word' id='word_1_239' title='bbox 253 2489 464 2522; x_wconf 88' lang='lat' dir='ltr'>cidentalium</span> <span class='ocrx_word' id='word_1_240' title='bbox 489 2488 634 2530; x_wconf 81' lang='lat' dir='ltr'>collegia,</span> <span class='ocrx_word' id='word_1_241' title='bbox 661 2489 741 2523; x_wconf 88' lang='lat' dir='ltr'>sicut</span> <span class='ocrx_word' id='word_1_242' title='bbox 761 2490 993 2532; x_wconf 89' lang='lat' dir='ltr'>praemittitur,</span> 
     </span>
     <span class='ocr_line' id='line_1_57' title="bbox 253 2542 994 2585; baseline -0.001 -9"><span class='ocrx_word' id='word_1_243' title='bbox 253 2548 409 2585; x_wconf 84' lang='lat' dir='ltr'>excepta,</span> <span class='ocrx_word' id='word_1_244' title='bbox 435 2552 493 2584; x_wconf 91' lang='lat' dir='ltr'>per</span> <span class='ocrx_word' id='word_1_245' title='bbox 518 2552 577 2574; x_wconf 85' lang='lat' dir='ltr'>nos</span> <span class='ocrx_word' id='word_1_246' title='bbox 603 2542 779 2581; x_wconf 79' lang='lat' dir='ltr'>declarari,</span> <span class='ocrx_word' id='word_1_247' title='bbox 807 2548 838 2575; x_wconf 91' lang='lat' dir='ltr'>et</span> <span class='ocrx_word' id='word_1_248' title='bbox 864 2543 904 2575; x_wconf 82' lang='lat' dir='ltr'>ad</span> <span class='ocrx_word' id='word_1_249' title='bbox 930 2553 994 2575; x_wconf 89' lang='lat' dir='ltr'>ma-</span> 
     </span>
     <span class='ocr_line' id='line_1_58' title="bbox 253 2595 991 2638; baseline -0.001 -11"><span class='ocrx_word' id='word_1_250' title='bbox 253 2595 355 2629; x_wconf 88' lang='lat' dir='ltr'>iorem</span> <span class='ocrx_word' id='word_1_251' title='bbox 380 2595 558 2634; x_wconf 84' lang='lat' dir='ltr'>cautelam,</span> <span class='ocrx_word' id='word_1_252' title='bbox 586 2604 622 2626; x_wconf 88' lang='lat' dir='ltr'>ac</span> <span class='ocrx_word' id='word_1_253' title='bbox 647 2600 804 2638; x_wconf 86' lang='lat' dir='ltr'>quatenus</span> <span class='ocrx_word' id='word_1_254' title='bbox 830 2606 912 2638; x_wconf 85' lang='lat' dir='ltr'>opus</span> <span class='ocrx_word' id='word_1_255' title='bbox 931 2595 991 2635; x_wconf 90' lang='lat' dir='ltr'>sit,</span> 
     </span>
    </p>
   </div>
   <div class='ocr_carea' id='block_1_11' title="bbox 1021 1315 1786 1412">
    <p class='ocr_par' dir='ltr' id='par_1_12' title="bbox 1021 1315 1786 1412">
     <span class='ocr_line' id='line_1_59' title="bbox 1021 1315 1419 1363; baseline 0 -16"><span class='ocrx_word' id='word_1_256' title='bbox 1021 1357 1022 1363; x_wconf 12' lang='grc' dir='ltr'>ἵ</span> <span class='ocrx_word' id='word_1_257' title='bbox 1044 1315 1190 1347; x_wconf 85' lang='lat' dir='ltr'>censuris</span> <span class='ocrx_word' id='word_1_258' title='bbox 1219 1320 1250 1346; x_wconf 87' lang='lat' dir='ltr'>ct</span> <span class='ocrx_word' id='word_1_259' title='bbox 1275 1316 1390 1357; x_wconf 86' lang='lat' dir='ltr'>poenis</span> <span class='ocrx_word' id='word_1_260' title='bbox 1412 1342 1419 1353; x_wconf 84' lang='lat'>‚</span> 
     </span>
     <span class='ocr_line' id='line_1_60' title="bbox 1043 1368 1786 1412; baseline 0.005 -12.885"><span class='ocrx_word' id='word_1_261' title='bbox 1043 1369 1144 1407; x_wconf 75' lang='lat' dir='ltr'>mine,</span> <span class='ocrx_word' id='word_1_262' title='bbox 1171 1368 1283 1411; x_wconf 85' lang='lat' dir='ltr'>quavis</span> <span class='ocrx_word' id='word_1_263' title='bbox 1311 1370 1482 1401; x_wconf 85' lang='lat' dir='ltr'>occasione</span> <span class='ocrx_word' id='word_1_264' title='bbox 1507 1371 1556 1402; x_wconf 84' lang='lat' dir='ltr'>vel</span> <span class='ocrx_word' id='word_1_265' title='bbox 1582 1373 1678 1403; x_wconf 73' lang='lat' dir='ltr'>causa</span> <span class='ocrx_word' id='word_1_266' title='bbox 1703 1371 1786 1412; x_wconf 85' lang='lat' dir='ltr'>latis,</span> 
     </span>
    </p>
   </div>
   <div class='ocr_carea' id='block_1_12' title="bbox 1018 253 1025 2472">
    <p class='ocr_par' dir='ltr' id='par_1_13' title="bbox 1018 253 1025 2472">
     <span class='ocr_line' id='line_1_61' title="bbox 1018 253 1025 2472; baseline 0 0"><span class='ocrx_word' id='word_1_267' title='bbox 1018 253 1025 2472; x_wconf 95' lang='lat' dir='ltr'> </span> 
     </span>
    </p>
   </div>
   <div class='ocr_carea' id='block_1_13' title="bbox 1040 194 1984 1305">
    <p class='ocr_par' dir='ltr' id='par_1_14' title="bbox 1040 194 1984 932">
     <span class='ocr_line' id='line_1_62' title="bbox 1685 194 1984 233; baseline 0.02 -6"><span class='ocrx_word' id='word_1_268' title='bbox 1685 194 1748 228; x_wconf 83' lang='lat'>139</span> <span class='ocrx_word' id='word_1_269' title='bbox 1795 204 1892 231; x_wconf 66' lang='lat' dir='ltr'>Amc.</span> <span class='ocrx_word' id='word_1_270' title='bbox 1915 205 1984 233; x_wconf 77' lang='lat'>1730</span> 
     </span>
     <span class='ocr_line' id='line_1_63' title="bbox 1044 251 1785 296; baseline 0.004 -13"><span class='ocrx_word' id='word_1_271' title='bbox 1044 251 1123 284; x_wconf 90' lang='lat' dir='ltr'>illud</span> <span class='ocrx_word' id='word_1_272' title='bbox 1160 252 1193 284; x_wconf 90' lang='lat' dir='ltr'>in</span> <span class='ocrx_word' id='word_1_273' title='bbox 1233 251 1434 295; x_wconf 82' lang='lat' dir='ltr'>pristinum,</span> <span class='ocrx_word' id='word_1_274' title='bbox 1472 263 1509 285; x_wconf 86' lang='lat' dir='ltr'>ac</span> <span class='ocrx_word' id='word_1_275' title='bbox 1546 263 1618 286; x_wconf 91' lang='lat' dir='ltr'>eum</span> <span class='ocrx_word' id='word_1_276' title='bbox 1651 252 1683 285; x_wconf 90' lang='lat' dir='ltr'>in</span> <span class='ocrx_word' id='word_1_277' title='bbox 1721 264 1785 296; x_wconf 91' lang='lat' dir='ltr'>quo</span> 
     </span>
     <span class='ocr_line' id='line_1_64' title="bbox 1042 305 1787 346; baseline 0.005 -11"><span class='ocrx_word' id='word_1_278' title='bbox 1042 308 1214 346; x_wconf 85' lang='lat' dir='ltr'>antequam</span> <span class='ocrx_word' id='word_1_279' title='bbox 1239 305 1430 338; x_wconf 89' lang='lat' dir='ltr'>huiusmodi</span> <span class='ocrx_word' id='word_1_280' title='bbox 1453 306 1620 339; x_wconf 89' lang='lat' dir='ltr'>decretum</span> <span class='ocrx_word' id='word_1_281' title='bbox 1645 316 1681 339; x_wconf 87' lang='lat' dir='ltr'>ac</span> <span class='ocrx_word' id='word_1_282' title='bbox 1699 306 1787 339; x_wconf 86' lang='lat' dir='ltr'>litte-</span> 
     </span>
     <span class='ocr_line' id='line_1_65' title="bbox 1042 357 1784 400; baseline 0.004 -12"><span class='ocrx_word' id='word_1_283' title='bbox 1042 366 1096 388; x_wconf 90' lang='lat' dir='ltr'>rae</span> <span class='ocrx_word' id='word_1_284' title='bbox 1118 357 1286 390; x_wconf 88' lang='lat' dir='ltr'>Benedicti</span> <span class='ocrx_word' id='word_1_285' title='bbox 1305 359 1566 400; x_wconf 86' lang='lat' dir='ltr'>praedecessoris</span> <span class='ocrx_word' id='word_1_286' title='bbox 1593 364 1784 392; x_wconf 86' lang='lat' dir='ltr'>emanarent</span> 
     </span>
     <span class='ocr_line' id='line_1_66' title="bbox 1042 411 1785 455; baseline 0.005 -14"><span class='ocrx_word' id='word_1_287' title='bbox 1042 415 1111 441; x_wconf 87' lang='lat' dir='ltr'>crat</span> <span class='ocrx_word' id='word_1_288' title='bbox 1127 414 1264 450; x_wconf 84' lang='lat' dir='ltr'>statum,</span> <span class='ocrx_word' id='word_1_289' title='bbox 1285 411 1412 443; x_wconf 87' lang='lat' dir='ltr'>restitui</span> <span class='ocrx_word' id='word_1_290' title='bbox 1432 417 1463 444; x_wconf 88' lang='lat' dir='ltr'>et</span> <span class='ocrx_word' id='word_1_291' title='bbox 1479 412 1676 455; x_wconf 80' lang='lat' dir='ltr'>reintegrari</span> <span class='ocrx_word' id='word_1_292' title='bbox 1696 423 1785 444; x_wconf 90' lang='lat' dir='ltr'>sum-</span> 
     </span>
     <span class='ocr_line' id='line_1_67' title="bbox 1042 463 1785 509; baseline 0.005 -16"><span class='ocrx_word' id='word_1_293' title='bbox 1042 472 1178 505; x_wconf 88' lang='lat' dir='ltr'>mopere</span> <span class='ocrx_word' id='word_1_294' title='bbox 1205 463 1387 503; x_wconf 50' lang='lat' dir='ltr'>desiderem</span> <span class='ocrx_word' id='word_1_295' title='bbox 1407 475 1506 507; x_wconf 87' lang='lat' dir='ltr'>quum</span> <span class='ocrx_word' id='word_1_296' title='bbox 1525 465 1620 509; x_wconf 86' lang='lat' dir='ltr'>aequi</span> <span class='ocrx_word' id='word_1_297' title='bbox 1639 465 1785 508; x_wconf 89' lang='lat' dir='ltr'>bonique</span> 
     </span>
     <span class='ocr_line' id='line_1_68' title="bbox 1041 515 1787 561; baseline 0.007 -15"><span class='ocrx_word' id='word_1_298' title='bbox 1041 515 1123 548; x_wconf 88' lang='lat' dir='ltr'>ratio</span> <span class='ocrx_word' id='word_1_299' title='bbox 1150 517 1320 558; x_wconf 85' lang='lat' dir='ltr'>postulet,</span> <span class='ocrx_word' id='word_1_300' title='bbox 1349 527 1385 549; x_wconf 87' lang='lat' dir='ltr'>ea</span> <span class='ocrx_word' id='word_1_301' title='bbox 1411 528 1494 559; x_wconf 87' lang='lat' dir='ltr'>quae</span> <span class='ocrx_word' id='word_1_302' title='bbox 1519 519 1559 550; x_wconf 87' lang='lat' dir='ltr'>ab</span> <span class='ocrx_word' id='word_1_303' title='bbox 1585 518 1678 551; x_wconf 84' lang='lat' dir='ltr'>initio</span> <span class='ocrx_word' id='word_1_304' title='bbox 1711 529 1787 561; x_wconf 82' lang='lat' dir='ltr'>pro-</span> 
     </span>
     <span class='ocr_line' id='line_1_69' title="bbox 1041 568 1786 615; baseline 0.007 -15"><span class='ocrx_word' id='word_1_305' title='bbox 1041 568 1114 601; x_wconf 83' lang='lat' dir='ltr'>vide</span> <span class='ocrx_word' id='word_1_306' title='bbox 1140 569 1316 602; x_wconf 85' lang='lat' dir='ltr'>constituta</span> <span class='ocrx_word' id='word_1_307' title='bbox 1342 570 1484 611; x_wconf 86' lang='lat' dir='ltr'>suerunt,</span> <span class='ocrx_word' id='word_1_308' title='bbox 1512 572 1565 604; x_wconf 89' lang='lat' dir='ltr'>ubi</span> <span class='ocrx_word' id='word_1_309' title='bbox 1593 572 1673 604; x_wconf 87' lang='lat' dir='ltr'>nihil</span> <span class='ocrx_word' id='word_1_310' title='bbox 1699 576 1786 615; x_wconf 87' lang='lat' dir='ltr'>post-</span> 
     </span>
     <span class='ocr_line' id='line_1_70' title="bbox 1044 621 1786 666; baseline 0.005 -13"><span class='ocrx_word' id='word_1_311' title='bbox 1044 621 1177 654; x_wconf 88' lang='lat' dir='ltr'>modum</span> <span class='ocrx_word' id='word_1_312' title='bbox 1217 622 1419 665; x_wconf 80' lang='lat' dir='ltr'>contigerit,</span> <span class='ocrx_word' id='word_1_313' title='bbox 1457 624 1543 666; x_wconf 89' lang='lat' dir='ltr'>quod</span> <span class='ocrx_word' id='word_1_314' title='bbox 1585 625 1786 658; x_wconf 85' lang='lat' dir='ltr'>contrarium</span> 
     </span>
     <span class='ocr_line' id='line_1_71' title="bbox 1041 675 1787 719; baseline 0.004 -13"><span class='ocrx_word' id='word_1_315' title='bbox 1041 675 1192 714; x_wconf 88' lang='lat' dir='ltr'>suadeat,</span> <span class='ocrx_word' id='word_1_316' title='bbox 1219 675 1352 707; x_wconf 88' lang='lat' dir='ltr'>minime</span> <span class='ocrx_word' id='word_1_317' title='bbox 1378 675 1564 708; x_wconf 89' lang='lat' dir='ltr'>immutari:</span> <span class='ocrx_word' id='word_1_318' title='bbox 1590 677 1685 709; x_wconf 86' lang='lat' dir='ltr'>nobis</span> <span class='ocrx_word' id='word_1_319' title='bbox 1709 688 1787 719; x_wconf 92' lang='lat' dir='ltr'>pro-</span> 
     </span>
     <span class='ocr_line' id='line_1_72' title="bbox 1040 728 1787 771; baseline 0.005 -12"><span class='ocrx_word' id='word_1_320' title='bbox 1040 733 1156 771; x_wconf 86' lang='lat' dir='ltr'>pterca</span> <span class='ocrx_word' id='word_1_321' title='bbox 1193 728 1363 761; x_wconf 86' lang='lat' dir='ltr'>humiliter</span> <span class='ocrx_word' id='word_1_322' title='bbox 1389 729 1566 771; x_wconf 89' lang='lat' dir='ltr'>supplicari</span> <span class='ocrx_word' id='word_1_323' title='bbox 1596 730 1670 762; x_wconf 76' lang='lat' dir='ltr'>fecit</span> <span class='ocrx_word' id='word_1_324' title='bbox 1693 736 1728 762; x_wconf 88' lang='lat' dir='ltr'>ut</span> <span class='ocrx_word' id='word_1_325' title='bbox 1753 730 1787 763; x_wconf 90' lang='lat' dir='ltr'>in</span> 
     </span>
     <span class='ocr_line' id='line_1_73' title="bbox 1041 782 1789 825; baseline 0.003 -11"><span class='ocrx_word' id='word_1_326' title='bbox 1041 782 1231 825; x_wconf 86' lang='lat' dir='ltr'>praemissis</span> <span class='ocrx_word' id='word_1_327' title='bbox 1269 787 1455 825; x_wconf 87' lang='lat' dir='ltr'>opportune</span> <span class='ocrx_word' id='word_1_328' title='bbox 1491 783 1666 824; x_wconf 89' lang='lat' dir='ltr'>providere</span> <span class='ocrx_word' id='word_1_329' title='bbox 1693 790 1725 817; x_wconf 89' lang='lat' dir='ltr'>et</span> <span class='ocrx_word' id='word_1_330' title='bbox 1754 790 1789 816; x_wconf 93' lang='lat' dir='ltr'>ut</span> 
     </span>
     <span class='ocr_line' id='line_1_74' title="bbox 1040 835 1787 880; baseline 0.003 -12"><span class='ocrx_word' id='word_1_331' title='bbox 1040 835 1126 868; x_wconf 76' lang='lat' dir='ltr'>infra</span> <span class='ocrx_word' id='word_1_332' title='bbox 1151 836 1322 878; x_wconf 81' lang='lat' dir='ltr'>indulgere</span> <span class='ocrx_word' id='word_1_333' title='bbox 1350 837 1390 868; x_wconf 87' lang='lat' dir='ltr'>de</span> <span class='ocrx_word' id='word_1_334' title='bbox 1414 836 1618 879; x_wconf 80' lang='lat' dir='ltr'>benignitate</span> <span class='ocrx_word' id='word_1_335' title='bbox 1655 842 1787 880; x_wconf 89' lang='lat' dir='ltr'>aposto-</span> 
     </span>
     <span class='ocr_line' id='line_1_75' title="bbox 1040 889 1351 932; baseline 0 -10"><span class='ocrx_word' id='word_1_336' title='bbox 1040 889 1103 922; x_wconf 76' lang='lat' dir='ltr'>lica</span> <span class='ocrx_word' id='word_1_337' title='bbox 1129 890 1351 932; x_wconf 78' lang='lat' dir='ltr'>dignaremur.</span> 
     </span>
    </p>

    <p class='ocr_par' dir='ltr' id='par_1_15' title="bbox 1042 942 1984 1305">
     <span class='ocr_line' id='line_1_76' title="bbox 1085 942 1983 987; baseline 0.003 -12"><span class='ocrx_word' id='word_1_338' title='bbox 1085 943 1100 985; x_wconf 61' lang='grc' dir='ltr'><strong>ἓ</strong></span> <span class='ocrx_word' id='word_1_339' title='bbox 1126 942 1157 975; x_wconf 85' lang='lat'>5.</span> <span class='ocrx_word' id='word_1_340' title='bbox 1185 942 1249 976; x_wconf 89' lang='lat' dir='ltr'>Nos</span> <span class='ocrx_word' id='word_1_341' title='bbox 1272 942 1382 985; x_wconf 77' lang='lat' dir='ltr'>igitur,</span> <span class='ocrx_word' id='word_1_342' title='bbox 1404 943 1506 986; x_wconf 80' lang='lat' dir='ltr'>Ipsius</span> <span class='ocrx_word' id='word_1_343' title='bbox 1527 944 1722 976; x_wconf 83' lang='lat' dir='ltr'>Bernardini</span> <span class='ocrx_word' id='word_1_344' title='bbox 1740 955 1789 977; x_wconf 90' lang='lat' dir='ltr'>vo-</span> <span class='ocrx_word' id='word_1_345' title='bbox 1817 955 1876 978; x_wconf 73' lang='lat' dir='ltr'>Quod</span> <span class='ocrx_word' id='word_1_346' title='bbox 1894 958 1983 987; x_wconf 65' lang='lat' dir='ltr'>sanstis-</span> 
     </span>
     <span class='ocr_line' id='line_1_77' title="bbox 1043 984 1983 1040; baseline 0.003 -12"><span class='ocrx_word' id='word_1_347' title='bbox 1043 996 1081 1028; x_wconf 83' lang='lat' dir='ltr'>tis</span> <span class='ocrx_word' id='word_1_348' title='bbox 1099 996 1158 1028; x_wconf 88' lang='lat' dir='ltr'>bac</span> <span class='ocrx_word' id='word_1_349' title='bbox 1173 995 1204 1028; x_wconf 92' lang='lat' dir='ltr'>in</span> <span class='ocrx_word' id='word_1_350' title='bbox 1220 1007 1264 1034; x_wconf 87' lang='lat' dir='ltr'>re,</span> <span class='ocrx_word' id='word_1_351' title='bbox 1284 1001 1442 1038; x_wconf 88' lang='lat' dir='ltr'>quantum</span> <span class='ocrx_word' id='word_1_352' title='bbox 1461 1007 1536 1029; x_wconf 91' lang='lat' dir='ltr'>cum</span> <span class='ocrx_word' id='word_1_353' title='bbox 1554 996 1693 1030; x_wconf 89' lang='lat' dir='ltr'>Domino</span> <span class='ocrx_word' id='word_1_354' title='bbox 1712 1008 1787 1040; x_wconf 90' lang='lat' dir='ltr'>pos-</span> <span class='ocrx_word' id='word_1_355' title='bbox 1799 987 1871 1037; x_wconf 51' lang='lat' dir='ltr'>{TRE-</span> <span class='ocrx_word' id='word_1_356' title='bbox 1886 984 1983 1031; x_wconf 56' lang='lat' dir='ltr'>{23¹⁰ssssss</span> 
     </span>
     <span class='ocr_line' id='line_1_78' title="bbox 1043 1034 1984 1093; baseline 0.004 -12"><span class='ocrx_word' id='word_1_357' title='bbox 1043 1059 1165 1088; x_wconf 84' lang='lat' dir='ltr'>sumus,</span> <span class='ocrx_word' id='word_1_358' title='bbox 1185 1049 1406 1081; x_wconf 83' lang='lat' dir='ltr'>favorabiliter</span> <span class='ocrx_word' id='word_1_359' title='bbox 1431 1060 1576 1082; x_wconf 88' lang='lat' dir='ltr'>annuere</span> <span class='ocrx_word' id='word_1_360' title='bbox 1602 1050 1786 1093; x_wconf 76' lang='lat' dir='ltr'>cupientes,</span> <span class='ocrx_word' id='word_1_361' title='bbox 1799 1034 1877 1092; x_wconf 47' lang='lat' dir='ltr'>iiii-iae</span> <span class='ocrx_word' id='word_1_362' title='bbox 1888 1038 1984 1087; x_wconf 51' lang='lat' dir='ltr'>⁹62¹less</span> 
     </span>
     <span class='ocr_line' id='line_1_79' title="bbox 1042 1090 1984 1146; baseline 0.002 -11"><span class='ocrx_word' id='word_1_363' title='bbox 1042 1113 1182 1145; x_wconf 87' lang='lat' dir='ltr'>eumque</span> <span class='ocrx_word' id='word_1_364' title='bbox 1208 1102 1405 1145; x_wconf 87' lang='lat' dir='ltr'>specialibus</span> <span class='ocrx_word' id='word_1_365' title='bbox 1432 1103 1595 1135; x_wconf 83' lang='lat' dir='ltr'>favoribus</span> <span class='ocrx_word' id='word_1_366' title='bbox 1623 1109 1654 1136; x_wconf 84' lang='lat' dir='ltr'>et</span> <span class='ocrx_word' id='word_1_367' title='bbox 1676 1104 1787 1146; x_wconf 79' lang='lat' dir='ltr'>gratiis</span> <span class='ocrx_word' id='word_1_368' title='bbox 1799 1090 1984 1144; x_wconf 45' lang='lat' dir='ltr'>filiifss&#39;sii&#39;fizdei’fis}</span> 
     </span>
     <span class='ocr_line' id='line_1_80' title="bbox 1042 1142 1984 1198; baseline 0.004 -11"><span class='ocrx_word' id='word_1_369' title='bbox 1042 1155 1199 1198; x_wconf 85' lang='lat' dir='ltr'>prosequi</span> <span class='ocrx_word' id='word_1_370' title='bbox 1226 1157 1394 1195; x_wconf 86' lang='lat' dir='ltr'>volentes,</span> <span class='ocrx_word' id='word_1_371' title='bbox 1421 1161 1453 1188; x_wconf 83' lang='lat' dir='ltr'>et</span> <span class='ocrx_word' id='word_1_372' title='bbox 1478 1166 1495 1188; x_wconf 88' lang='lat' dir='ltr'>a</span> <span class='ocrx_word' id='word_1_373' title='bbox 1528 1156 1698 1198; x_wconf 84' lang='lat' dir='ltr'>quibusvis</span> <span class='ocrx_word' id='word_1_374' title='bbox 1735 1142 1984 1198; x_wconf 53' lang='lat' dir='ltr'>ex-Lfssssfflsslfffssiill&#39;iss‘?</span> 
     </span>
     <span class='ocr_line' id='line_1_81' title="bbox 1043 1195 1984 1252; baseline 0.003 -12"><span class='ocrx_word' id='word_1_375' title='bbox 1043 1208 1362 1247; x_wconf 79' lang='lat' dir='ltr'>communicationis,</span> <span class='ocrx_word' id='word_1_376' title='bbox 1389 1209 1614 1252; x_wconf 84' lang='lat' dir='ltr'>suspensionis</span> <span class='ocrx_word' id='word_1_377' title='bbox 1639 1215 1670 1242; x_wconf 83' lang='lat' dir='ltr'>et</span> <span class='ocrx_word' id='word_1_378' title='bbox 1688 1195 1984 1243; x_wconf 58' lang='lat' dir='ltr'>inter-330‡3}?&#39;⁵‘‹3‘}i1{?;</span> 
     </span>
     <span class='ocr_line' id='line_1_82' title="bbox 1044 1248 1983 1305; baseline 0.002 -10"><span class='ocrx_word' id='word_1_379' title='bbox 1044 1262 1139 1301; x_wconf 80' lang='lat' dir='ltr'>dicti,</span> <span class='ocrx_word' id='word_1_380' title='bbox 1165 1263 1304 1305; x_wconf 82' lang='lat' dir='ltr'>aliisque</span> <span class='ocrx_word' id='word_1_381' title='bbox 1340 1263 1568 1295; x_wconf 80' lang='lat' dir='ltr'>ecclesiasticis</span> <span class='ocrx_word' id='word_1_382' title='bbox 1595 1248 1917 1304; x_wconf 56' lang='lat' dir='ltr'>sententiis,Zffi&#39;r&#39;jii‘uffl</span> <span class='ocrx_word' id='word_1_383' title='bbox 1947 1250 1983 1270; x_wconf 38' lang='grc' dir='ltr'>ιη’</span> 
     </span>
    </p>
   </div>
   <div class='ocr_carea' id='block_1_14' title="bbox 1445 1316 1788 1349">
    <p class='ocr_par' dir='ltr' id='par_1_16' title="bbox 1445 1316 1788 1349">
     <span class='ocr_line' id='line_1_83' title="bbox 1445 1316 1788 1349; baseline 0.006 -2"><span class='ocrx_word' id='word_1_384' title='bbox 1445 1326 1462 1347; x_wconf 91' lang='lat' dir='ltr'>a</span> <span class='ocrx_word' id='word_1_385' title='bbox 1488 1316 1558 1348; x_wconf 86' lang='lat' dir='ltr'>iure</span> <span class='ocrx_word' id='word_1_386' title='bbox 1585 1317 1635 1348; x_wconf 90' lang='lat' dir='ltr'>vcl</span> <span class='ocrx_word' id='word_1_387' title='bbox 1662 1317 1701 1349; x_wconf 89' lang='lat' dir='ltr'>ab</span> <span class='ocrx_word' id='word_1_388' title='bbox 1728 1317 1788 1349; x_wconf 88' lang='lat' dir='ltr'>bo—</span> 
     </span>
    </p>
   </div>
   <div class='ocr_carea' id='block_1_15' title="bbox 1041 1422 1788 1997">
    <p class='ocr_par' dir='ltr' id='par_1_17' title="bbox 1041 1422 1788 1997">
     <span class='ocr_line' id='line_1_84' title="bbox 1043 1422 1787 1465; baseline 0.004 -12"><span class='ocrx_word' id='word_1_389' title='bbox 1043 1423 1068 1454; x_wconf 90' lang='lat' dir='ltr'>si</span> <span class='ocrx_word' id='word_1_390' title='bbox 1095 1422 1212 1464; x_wconf 86' lang='lat' dir='ltr'>quibus</span> <span class='ocrx_word' id='word_1_391' title='bbox 1240 1423 1489 1465; x_wconf 84' lang='lat' dir='ltr'>quomodolibet</span> <span class='ocrx_word' id='word_1_392' title='bbox 1515 1424 1687 1456; x_wconf 90' lang='lat' dir='ltr'>innodatus</span> <span class='ocrx_word' id='word_1_393' title='bbox 1722 1425 1787 1457; x_wconf 82' lang='lat' dir='ltr'>exi-</span> 
     </span>
     <span class='ocr_line' id='line_1_85' title="bbox 1043 1474 1788 1518; baseline 0.004 -12"><span class='ocrx_word' id='word_1_394' title='bbox 1043 1474 1104 1515; x_wconf 81' lang='lat' dir='ltr'>stit,</span> <span class='ocrx_word' id='word_1_395' title='bbox 1131 1475 1171 1508; x_wconf 88' lang='lat' dir='ltr'>ad</span> <span class='ocrx_word' id='word_1_396' title='bbox 1197 1474 1345 1507; x_wconf 84' lang='lat' dir='ltr'>etl‘cctum</span> <span class='ocrx_word' id='word_1_397' title='bbox 1371 1476 1596 1518; x_wconf 86' lang='lat' dir='ltr'>praesentium</span> <span class='ocrx_word' id='word_1_398' title='bbox 1623 1477 1788 1510; x_wconf 72' lang='lat' dir='ltr'>dumtaxat</span> 
     </span>
     <span class='ocr_line' id='line_1_86' title="bbox 1043 1528 1787 1571; baseline 0.003 -11"><span class='ocrx_word' id='word_1_399' title='bbox 1043 1528 1311 1571; x_wconf 86' lang='lat' dir='ltr'>consequendum</span> <span class='ocrx_word' id='word_1_400' title='bbox 1329 1555 1336 1568; x_wconf 83' lang='grc'>,</span> <span class='ocrx_word' id='word_1_401' title='bbox 1364 1529 1479 1560; x_wconf 89' lang='lat' dir='ltr'>barum</span> <span class='ocrx_word' id='word_1_402' title='bbox 1506 1529 1591 1561; x_wconf 80' lang='lat' dir='ltr'>serie</span> <span class='ocrx_word' id='word_1_403' title='bbox 1618 1530 1787 1562; x_wconf 80' lang='lat' dir='ltr'>absolven-</span> 
     </span>
     <span class='ocr_line' id='line_1_87' title="bbox 1044 1582 1786 1621; baseline 0.005 -10"><span class='ocrx_word' id='word_1_404' title='bbox 1044 1585 1089 1612; x_wconf 87' lang='lat' dir='ltr'>tes</span> <span class='ocrx_word' id='word_1_405' title='bbox 1116 1586 1148 1613; x_wconf 86' lang='lat' dir='ltr'>et</span> <span class='ocrx_word' id='word_1_406' title='bbox 1172 1582 1357 1614; x_wconf 86' lang='lat' dir='ltr'>absolutum</span> <span class='ocrx_word' id='word_1_407' title='bbox 1386 1582 1453 1615; x_wconf 83' lang='lat' dir='ltr'>t&#39;ore</span> <span class='ocrx_word' id='word_1_408' title='bbox 1472 1588 1655 1621; x_wconf 84' lang='lat' dir='ltr'>censentes,</span> <span class='ocrx_word' id='word_1_409' title='bbox 1675 1583 1786 1615; x_wconf 77' lang='lat' dir='ltr'>liuius-</span> 
     </span>
     <span class='ocr_line' id='line_1_88' title="bbox 1041 1634 1787 1677; baseline 0.005 -12"><span class='ocrx_word' id='word_1_410' title='bbox 1041 1634 1129 1666; x_wconf 86' lang='lat' dir='ltr'>modi</span> <span class='ocrx_word' id='word_1_411' title='bbox 1155 1634 1448 1677; x_wconf 80' lang='lat' dir='ltr'>supplicationibus</span> <span class='ocrx_word' id='word_1_412' title='bbox 1473 1635 1618 1668; x_wconf 85' lang='lat' dir='ltr'>inclinati</span> <span class='ocrx_word' id='word_1_413' title='bbox 1640 1663 1647 1675; x_wconf 90' lang='lat'>‚</span> <span class='ocrx_word' id='word_1_414' title='bbox 1672 1637 1711 1669; x_wconf 87' lang='lat' dir='ltr'>dc</span> <span class='ocrx_word' id='word_1_415' title='bbox 1736 1647 1787 1669; x_wconf 89' lang='lat' dir='ltr'>vc-</span> 
     </span>
     <span class='ocr_line' id='line_1_89' title="bbox 1042 1687 1786 1722; baseline 0.004 -3"><span class='ocrx_word' id='word_1_416' title='bbox 1042 1687 1236 1720; x_wconf 87' lang='lat' dir='ltr'>nerabilium</span> <span class='ocrx_word' id='word_1_417' title='bbox 1262 1688 1398 1721; x_wconf 83' lang='lat' dir='ltr'>fratrum</span> <span class='ocrx_word' id='word_1_418' title='bbox 1424 1694 1613 1721; x_wconf 87' lang='lat' dir='ltr'>nostrorum</span> <span class='ocrx_word' id='word_1_419' title='bbox 1640 1689 1786 1722; x_wconf 89' lang='lat' dir='ltr'>ciusdem</span> 
     </span>
     <span class='ocr_line' id='line_1_90' title="bbox 1042 1740 1785 1785; baseline 0.004 -13"><span class='ocrx_word' id='word_1_420' title='bbox 1042 1740 1073 1773; x_wconf 85' lang='lat' dir='ltr'>S.</span> <span class='ocrx_word' id='word_1_421' title='bbox 1101 1740 1139 1772; x_wconf 77' lang='lat' dir='ltr'>P..</span> <span class='ocrx_word' id='word_1_422' title='bbox 1168 1740 1202 1773; x_wconf 86' lang='lat' dir='ltr'>E.</span> <span class='ocrx_word' id='word_1_423' title='bbox 1231 1741 1445 1774; x_wconf 83' lang='lat' dir='ltr'>cardinalium</span> <span class='ocrx_word' id='word_1_424' title='bbox 1482 1742 1659 1784; x_wconf 82' lang='lat' dir='ltr'>praedictis</span> <span class='ocrx_word' id='word_1_425' title='bbox 1684 1753 1785 1785; x_wconf 79' lang='lat' dir='ltr'>nego-</span> 
     </span>
     <span class='ocr_line' id='line_1_91' title="bbox 1043 1793 1784 1838; baseline 0.004 -13"><span class='ocrx_word' id='word_1_426' title='bbox 1043 1793 1094 1826; x_wconf 85' lang='lat' dir='ltr'>tiis</span> <span class='ocrx_word' id='word_1_427' title='bbox 1120 1794 1355 1836; x_wconf 69' lang='lat' dir='ltr'>Propagandae</span> <span class='ocrx_word' id='word_1_428' title='bbox 1380 1795 1469 1827; x_wconf 81' lang='lat' dir='ltr'>Fidei</span> <span class='ocrx_word' id='word_1_429' title='bbox 1497 1796 1784 1838; x_wconf 87' lang='lat' dir='ltr'>praepositorum,</span> 
     </span>
     <span class='ocr_line' id='line_1_92' title="bbox 1042 1848 1783 1890; baseline 0.003 -12"><span class='ocrx_word' id='word_1_430' title='bbox 1042 1848 1096 1890; x_wconf 86' lang='lat' dir='ltr'>qui</span> <span class='ocrx_word' id='word_1_431' title='bbox 1122 1849 1316 1880; x_wconf 78' lang='lat' dir='ltr'>relationem</span> <span class='ocrx_word' id='word_1_432' title='bbox 1336 1849 1445 1881; x_wconf 80' lang='lat' dir='ltr'>dilecti</span> <span class='ocrx_word' id='word_1_433' title='bbox 1464 1848 1520 1881; x_wconf 79' lang='lat' dir='ltr'>filii</span> <span class='ocrx_word' id='word_1_434' title='bbox 1541 1849 1642 1880; x_wconf 84' lang='lat' dir='ltr'>nostri</span> <span class='ocrx_word' id='word_1_435' title='bbox 1661 1848 1783 1880; x_wconf 78' lang='lat' dir='ltr'>Nicolai</span> 
     </span>
     <span class='ocr_line' id='line_1_93' title="bbox 1042 1900 1786 1944; baseline 0.003 -12"><span class='ocrx_word' id='word_1_436' title='bbox 1042 1900 1143 1943; x_wconf 77' lang='lat' dir='ltr'>ipsius</span> <span class='ocrx_word' id='word_1_437' title='bbox 1169 1901 1297 1933; x_wconf 59' lang='lat' dir='ltr'>§.ab</span> <span class='ocrx_word' id='word_1_438' title='bbox 1326 1901 1501 1934; x_wconf 83' lang='lat' dir='ltr'>cardinalis</span> <span class='ocrx_word' id='word_1_439' title='bbox 1528 1902 1681 1944; x_wconf 83' lang='lat' dir='ltr'>Spinulao</span> <span class='ocrx_word' id='word_1_440' title='bbox 1702 1913 1786 1934; x_wconf 90' lang='lat' dir='ltr'>nun-</span> 
     </span>
     <span class='ocr_line' id='line_1_94' title="bbox 1042 1954 1782 1997; baseline 0.004 -13"><span class='ocrx_word' id='word_1_441' title='bbox 1042 1954 1150 1996; x_wconf 87' lang='lat' dir='ltr'>cupati</span> <span class='ocrx_word' id='word_1_442' title='bbox 1178 1954 1240 1986; x_wconf 85' lang='lat' dir='ltr'>sibi</span> <span class='ocrx_word' id='word_1_443' title='bbox 1267 1955 1409 1997; x_wconf 80' lang='lat' dir='ltr'>desuper</span> <span class='ocrx_word' id='word_1_444' title='bbox 1435 1955 1550 1987; x_wconf 83' lang='lat' dir='ltr'>saetam</span> <span class='ocrx_word' id='word_1_445' title='bbox 1570 1955 1782 1995; x_wconf 85' lang='lat' dir='ltr'>audiverunt,</span> 
     </span>
    </p>
   </div>
   <div class='ocr_carea' id='block_1_16' title="bbox 1018 2001 1783 2103">
    <p class='ocr_par' dir='ltr' id='par_1_18' title="bbox 1018 2001 1783 2103">
     <span class='ocr_line' id='line_1_95' title="bbox 1018 2001 1783 2051; baseline 0.003 -13"><span class='ocrx_word' id='word_1_446' title='bbox 1018 2001 1020 2018; x_wconf 65' lang='lat'><strong>³</strong></span> <span class='ocrx_word' id='word_1_447' title='bbox 1040 2018 1176 2050; x_wconf 80' lang='lat' dir='ltr'>remque</span> <span class='ocrx_word' id='word_1_448' title='bbox 1202 2013 1326 2040; x_wconf 88' lang='lat' dir='ltr'>mature</span> <span class='ocrx_word' id='word_1_449' title='bbox 1352 2009 1611 2051; x_wconf 75' lang='lat' dir='ltr'>perpenderunt,</span> <span class='ocrx_word' id='word_1_450' title='bbox 1632 2009 1783 2048; x_wconf 82' lang='lat' dir='ltr'>consilio,</span> 
     </span>
     <span class='ocr_line' id='line_1_96' title="bbox 1018 2061 1783 2103; baseline 0.001 -11"><span class='ocrx_word' id='word_1_451' title='bbox 1018 2062 1220 2103; x_wconf 70' lang='lat' dir='ltr'>&#39;praeratum</span> <span class='ocrx_word' id='word_1_452' title='bbox 1258 2061 1431 2103; x_wconf 63' lang='lat' dir='ltr'>collegium</span> <span class='ocrx_word' id='word_1_453' title='bbox 1469 2061 1535 2093; x_wconf 78' lang='lat' dir='ltr'>sive</span> <span class='ocrx_word' id='word_1_454' title='bbox 1573 2061 1783 2094; x_wconf 82' lang='lat' dir='ltr'>seminarium</span> 
     </span>
    </p>
   </div>
   <div class='ocr_carea' id='block_1_17' title="bbox 1037 2114 1784 2637">
    <p class='ocr_par' dir='ltr' id='par_1_19' title="bbox 1037 2114 1784 2583">
     <span class='ocr_line' id='line_1_97' title="bbox 1040 2114 1784 2153; baseline 0.001 -7"><span class='ocrx_word' id='word_1_455' title='bbox 1040 2114 1141 2146; x_wconf 86' lang='lat' dir='ltr'>Castri</span> <span class='ocrx_word' id='word_1_456' title='bbox 1169 2116 1207 2147; x_wconf 89' lang='lat' dir='ltr'>de</span> <span class='ocrx_word' id='word_1_457' title='bbox 1228 2115 1340 2147; x_wconf 84' lang='lat' dir='ltr'>Ozzier</span> <span class='ocrx_word' id='word_1_458' title='bbox 1365 2115 1425 2146; x_wconf 85' lang='lat' dir='ltr'>sub</span> <span class='ocrx_word' id='word_1_459' title='bbox 1451 2115 1689 2153; x_wconf 78' lang='lat' dir='ltr'>iurisdictione,</span> <span class='ocrx_word' id='word_1_460' title='bbox 1707 2115 1784 2147; x_wconf 85' lang='lat' dir='ltr'>obe-</span> 
     </span>
     <span class='ocr_line' id='line_1_98' title="bbox 1040 2167 1782 2210; baseline -0.001 -11"><span class='ocrx_word' id='word_1_461' title='bbox 1040 2167 1162 2200; x_wconf 77' lang='lat' dir='ltr'>dientia</span> <span class='ocrx_word' id='word_1_462' title='bbox 1188 2173 1220 2200; x_wconf 86' lang='lat' dir='ltr'>et</span> <span class='ocrx_word' id='word_1_463' title='bbox 1244 2168 1405 2209; x_wconf 74' lang='lat' dir='ltr'>regimine</span> <span class='ocrx_word' id='word_1_464' title='bbox 1424 2168 1603 2210; x_wconf 83' lang='lat' dir='ltr'>superioris</span> <span class='ocrx_word' id='word_1_465' title='bbox 1620 2168 1782 2209; x_wconf 73' lang='lat' dir='ltr'>generalis</span> 
     </span>
     <span class='ocr_line' id='line_1_99' title="bbox 1039 2220 1783 2263; baseline 0 -10"><span class='ocrx_word' id='word_1_466' title='bbox 1039 2220 1170 2254; x_wconf 84' lang='lat' dir='ltr'>Ordinis</span> <span class='ocrx_word' id='word_1_467' title='bbox 1196 2221 1356 2263; x_wconf 84' lang='lat' dir='ltr'>praedicti</span> <span class='ocrx_word' id='word_1_468' title='bbox 1382 2221 1471 2254; x_wconf 77' lang='lat' dir='ltr'>iuxta</span> <span class='ocrx_word' id='word_1_469' title='bbox 1495 2222 1632 2253; x_wconf 87' lang='lat' dir='ltr'>sormam</span> <span class='ocrx_word' id='word_1_470' title='bbox 1659 2221 1783 2253; x_wconf 90' lang='lat' dir='ltr'>littera-</span> 
     </span>
     <span class='ocr_line' id='line_1_100' title="bbox 1038 2273 1780 2317; baseline 0 -11"><span class='ocrx_word' id='word_1_471' title='bbox 1038 2285 1109 2307; x_wconf 90' lang='lat' dir='ltr'>rum</span> <span class='ocrx_word' id='word_1_472' title='bbox 1150 2274 1252 2317; x_wconf 85' lang='lat' dir='ltr'>ipsius</span> <span class='ocrx_word' id='word_1_473' title='bbox 1289 2274 1470 2307; x_wconf 85' lang='lat' dir='ltr'>Innocentii</span> <span class='ocrx_word' id='word_1_474' title='bbox 1514 2273 1780 2316; x_wconf 81' lang='lat' dir='ltr'>praedecessoris</span> 
     </span>
     <span class='ocr_line' id='line_1_101' title="bbox 1038 2327 1781 2368; baseline -0.003 -9"><span class='ocrx_word' id='word_1_475' title='bbox 1038 2327 1293 2360; x_wconf 85' lang='lat' dir='ltr'>continuandum</span> <span class='ocrx_word' id='word_1_476' title='bbox 1320 2338 1403 2367; x_wconf 84' lang='lat' dir='ltr'>esse,</span> <span class='ocrx_word' id='word_1_477' title='bbox 1429 2327 1623 2359; x_wconf 85' lang='lat' dir='ltr'>auctoritate</span> <span class='ocrx_word' id='word_1_478' title='bbox 1650 2331 1781 2368; x_wconf 81' lang='lat' dir='ltr'>aposto-</span> 
     </span>
     <span class='ocr_line' id='line_1_102' title="bbox 1037 2379 1781 2424; baseline 0 -12"><span class='ocrx_word' id='word_1_479' title='bbox 1037 2381 1116 2420; x_wconf 73' lang='lat' dir='ltr'>lica,</span> <span class='ocrx_word' id='word_1_480' title='bbox 1144 2386 1256 2413; x_wconf 86' lang='lat' dir='ltr'>tenore</span> <span class='ocrx_word' id='word_1_481' title='bbox 1283 2381 1521 2424; x_wconf 85' lang='lat' dir='ltr'>praesentium,</span> <span class='ocrx_word' id='word_1_482' title='bbox 1549 2379 1723 2411; x_wconf 86' lang='lat' dir='ltr'>statuimus</span> <span class='ocrx_word' id='word_1_483' title='bbox 1748 2385 1781 2412; x_wconf 85' lang='lat' dir='ltr'>et</span> 
     </span>
     <span class='ocr_line' id='line_1_103' title="bbox 1038 2433 1780 2475; baseline -0.003 -9"><span class='ocrx_word' id='word_1_484' title='bbox 1038 2434 1240 2467; x_wconf 88' lang='lat' dir='ltr'>declaramus</span> <span class='ocrx_word' id='word_1_485' title='bbox 1262 2445 1268 2466; x_wconf 87' lang='lat'>:</span> <span class='ocrx_word' id='word_1_486' title='bbox 1307 2435 1392 2466; x_wconf 72' lang='lat' dir='ltr'>salva</span> <span class='ocrx_word' id='word_1_487' title='bbox 1431 2440 1537 2465; x_wconf 80' lang='lat' dir='ltr'>tamen</span> <span class='ocrx_word' id='word_1_488' title='bbox 1576 2443 1708 2475; x_wconf 85' lang='lat' dir='ltr'>semper</span> <span class='ocrx_word' id='word_1_489' title='bbox 1747 2433 1780 2464; x_wconf 91' lang='lat' dir='ltr'>in</span> 
     </span>
     <span class='ocr_line' id='line_1_104' title="bbox 1038 2485 1782 2529; baseline -0.003 -10"><span class='ocrx_word' id='word_1_490' title='bbox 1038 2488 1226 2529; x_wconf 85' lang='lat' dir='ltr'>praemissis</span> <span class='ocrx_word' id='word_1_491' title='bbox 1252 2487 1445 2519; x_wconf 87' lang='lat' dir='ltr'>auctoritate</span> <span class='ocrx_word' id='word_1_492' title='bbox 1471 2485 1686 2528; x_wconf 87' lang='lat' dir='ltr'>primodictac</span> <span class='ocrx_word' id='word_1_493' title='bbox 1704 2485 1782 2518; x_wconf 90' lang='lat' dir='ltr'>Con-</span> 
     </span>
     <span class='ocr_line' id='line_1_105' title="bbox 1038 2540 1495 2583; baseline 0 -11"><span class='ocrx_word' id='word_1_494' title='bbox 1038 2541 1239 2583; x_wconf 80' lang='lat' dir='ltr'>gregationis</span> <span class='ocrx_word' id='word_1_495' title='bbox 1265 2540 1495 2573; x_wconf 83' lang='lat' dir='ltr'>cardinalium.</span> 
     </span>
    </p>

    <p class='ocr_par' dir='ltr' id='par_1_20' title="bbox 1082 2593 1781 2637">
     <span class='ocr_line' id='line_1_106' title="bbox 1082 2593 1781 2637; baseline -0.003 -10"><span class='ocrx_word' id='word_1_496' title='bbox 1082 2596 1096 2637; x_wconf 61' lang='grc' dir='ltr'><strong>ἓ</strong></span> <span class='ocrx_word' id='word_1_497' title='bbox 1121 2594 1150 2627; x_wconf 81' lang='grc'>6.</span> <span class='ocrx_word' id='word_1_498' title='bbox 1177 2594 1404 2634; x_wconf 77' lang='lat' dir='ltr'>DecerncnteS,</span> <span class='ocrx_word' id='word_1_499' title='bbox 1432 2593 1563 2626; x_wconf 85' lang='lat' dir='ltr'>easdem</span> <span class='ocrx_word' id='word_1_500' title='bbox 1590 2598 1781 2635; x_wconf 85' lang='lat' dir='ltr'>praesentes</span> 
     </span>
    </p>
   </div>
   <div class='ocr_carea' id='block_1_18' title="bbox 1829 2597 1976 2617">
    <p class='ocr_par' dir='ltr' id='par_1_21' title="bbox 1829 2597 1976 2617">
     <span class='ocr_line' id='line_1_107' title="bbox 1829 2597 1976 2617; baseline -0.007 0"><span class='ocrx_word' id='word_1_501' title='bbox 1829 2597 1976 2617; x_wconf 75' lang='lat' dir='ltr'>l‘raesentium</span> 
     </span>
    </p>
   </div>
  </div>
 </body>
</html>
