2182 3137
145 188 191 211 Αη.
210 187 236 210 (J.
263 184 328 211 1730

174 1925 276 1949 Exponat«
287 1931 304 1944 ιιι
314 1930 332 1944 ιιι

152 1951 267 1971 litterarum
284 1958 333 1976 api)-

152 1980 273 1997 stativarum

153 2010 177 2023 ιι-
203 2006 265 2026 ιιι-ιιι,
290 2005 332 2024 {leri

153 2031 244 2050 munitat.

374 175 413 207 ,Ἣ

339 233 433 265 ctiam
459 232 583 270 assumi,
603 232 721 273 illaque
739 239 852 272 gerere
872 234 901 261 ct
921 237 1070 261 exercere

341 286 371 317 in
397 285 542 318 omnibus
570 289 599 316 et
624 293 680 325 per
706 282 813 314 omnia
845 292 881 314 ac
906 281 932 314 si
959 280 996 313 dc
1026 281 1071 313 le-

345 338 454 379 gitimo
480 335 682 368 matrimonio
709 334 868 377 procreati
887 334 1013 366 forent:
1037 342 1072 364 ac

343 390 453 421 codem
480 388 604 421 defectu
639 397 701 419 non
735 387 901 425 obstante,
932 386 957 418 si
985 383 1071 417 aliud

341 438 528 472 canonicum
546 438 591 470 eis
614 447 678 470 non
704 436 841 469 obsistat
862 435 1073 478 impedimen-

342 498 416 532 tum,
436 490 488 524 ac¹
505 489 645 523 clericali
665 493 838 527 caractere,
854 488 907 530 qui
925 487 982 520 illo
997 496 1073 519 non-

341 546 413 576 duin
430 542 570 584 insigniti
586 548 667 583 sunt,
682 540 839 583 insigniri,
858 539 941 572 etad
959 548 1072 572 omnes

340 597 433 629 etiam
472 606 578 628 sacros
605 600 635 627 et
660 594 898 637 presbyteratus
925 591 1072 631 ordines,

339 649 363 681 si
389 649 428 681 ad
455 648 533 680 illud
560 647 703 680 nondum
728 644 870 688 promoti
897 649 981 683 sunt,
1005 653 1074 686 pro-

338 701 469 740 moveri,
489 705 518 733 et
544 699 749 743 postmodum
775 702 938 730 caractere
964 702 996 730 et
1021 706 1074 729 or-

339 754 467 787 dinibus
494 752 697 791 huiusmodi,
725 748 922 792 illorumque
948 748 1074 792 privile-

339 808 398 850 giis
425 807 486 846 uti,
513 817 548 838 ac
575 806 605 838 in
632 804 751 838 eisdem
778 803 946 836 ordinibus
976 802 1073 835 etiam

340 861 370 893 in
390 860 498 893 altaris
522 857 700 890 ministerio
717 856 911 894 ministrare,
928 865 963 887 ac
981 865 1074 898 quae-

340 923 475 956 cumque
498 916 526 945 et
544 908 837 955 qualitercumque2
857 919 929 942 cum
948 909 1020 941 cura
1042 912 1074 941 et

339 967 406 999 sine
425 967 498 998 cura
523 964 678 997 beneficia
703 961 929 1003 ecclesiastica,
948 961 1073 994 etiamsi

341 1023 540 1062 personatus,
568 1015 862 1049 administrationes
888 1020 919 1048 et
944 1014 1048 1047 officia
1064 1041 1071 1054 ,

340 1071 433 1104 etiam
459 1075 566 1102 curata
584 1074 614 1101 et
631 1068 764 1101 electiva
782 1069 814 1100 in
831 1068 1073 1100 cathedralibus

340 1130 370 1157 ct
396 1122 652 1166 metropolitanis
678 1122 726 1154 vel
753 1121 937 1163 collegiatis
971 1121 1075 1154 eccle-

340 1178 405 1216 siis‚
423 1187 478 1210 scu
497 1177 522 1209 si
541 1175 746 1219 parochiales
765 1174 935 1214 ecclesiae,
952 1175 1003 1207 vel
1025 1184 1075 1207 eo-

340 1240 409 1263 rum
433 1235 607 1273 perpetuae
633 1228 780 1267 vicariae,
803 1238 839 1260 ac
865 1227 1074 1261 canonicatus

339 1289 369 1315 et
404 1282 629 1325 praebendae,
657 1291 721 1313 non
756 1286 863 1313 tamen
898 1281 931 1313 in
964 1281 1075 1313 cathe-

341 1335 504 1374 dralibus,
531 1346 567 1367 ac
592 1334 765 1377 dignitates
781 1361 789 1374 ,
816 1344 880 1367 non
907 1338 1017 1367 tamen
1042 1334 1075 1366 in

342 1388 463 1421 eisdem
486 1387 729 1420 cathedralibus
754 1392 828 1430 post
856 1387 1074 1430 pontificalem

341 1440 498 1479 maiores,
529 1450 589 1473 nec
614 1439 812 1482 principales
838 1439 869 1472 in
895 1439 1076 1482 collegiatis

342 1492 486 1526 ecelesiis
507 1492 692 1525 huiusmodi
718 1491 854 1532 suerint,
873 1492 899 1524 si
918 1492 980 1525 sibi
997 1493 1076 1526 alias

341 1545 496 1578 canonice
514 1545 729 1585 conserantur,
751 1550 804 1577 aut
824 1545 884 1588 ipsi
906 1545 1077 1587 eligantur,

341 1603 604 1642 praesententur,
631 1599 679 1631 vel
706 1598 784 1631 alias
809 1603 1013 1631 assumantur
1038 1599 1076 1631 ad

342 1652 408 1691 illa,
426 1657 457 1684 et
479 1651 685 1684 instituantur
702 1651 734 1683 in
752 1651 828 1691 illis,
850 1651 1010 1694 recipcre,
1031 1656 1078 1692 et,

342 1704 516 1737 dnmmodo
543 1705 649 1746 plures
675 1704 768 1736 simul
794 1714 858 1736 non
884 1704 950 1737 sint
982 1714 1077 1748 quain

344 1767 423 1799 quae
439 1767 456 1789 a
473 1756 615 1789 Concilio
631 1756 820 1789 Tridentino
836 1756 1078 1800 permittuntur,

344 1810 450 1853 quoad
475 1809 610 1842 vixerint
635 1810 775 1844 retinere
801 1810 904 1843 libere
931 1815 962 1843 et
991 1810 1078 1844 licite

345 1863 479 1902 valeant,
499 1862 647 1895 similiter
672 1863 910 1906 dispensamus.

387 1916 401 1958 ξ
425 1916 456 1948 6.
484 1915 639 1959 Quodque
666 1927 778 1949 omnes
802 1920 831 1950 et
857 1927 1080 1960 quaecumque

345 1969 491 2011 gratiae,
518 1970 717 2012 provisiones
738 1998 745 2011 ,
772 1971 983 2003 commendae
1003 1997 1010 2010 ,
1045 1980 1081 2003 ac

345 2027 533 2064 praesentes
560 2027 591 2054 et
612 2023 742 2065 quaevis
761 2024 842 2056 aliae
861 2024 988 2056 litterae
1006 2034 1081 2067 apo-

346 2074 500 2114 stolicae,
520 2086 555 2107 ai:
581 2075 675 2107 etiam
701 2076 731 2107 in
763 2076 862 2108 forma
888 2076 996 2110 Brevis
1022 2087 1080 2119 pro

346 2126 409 2159 illis
437 2127 688 2170 expediendae&
718 2128 813 2170 gratis
841 2129 959 2172 ubique
986 2140 1082 2173 expe-

346 2180 493 2219 ilianum-3
522 2191 584 2213 non
616 2186 721 2213 tamen
756 2182 793 2214 de
827 2182 985 2225 capienda
1010 2193 1083 2226 pos·

346 2233 491 2266 sessione
520 2233 652 2266 nomine
677 2233 829 2267 Gamerae
856 2235 1082 2278 Apostolicae,

347 2295 441 2327 quam
469 2285 499 2317 in
527 2287 666 2318 savorem
693 2286 872 2319 litterarum
890 2288 1082 2330 apostolica-

349 2348 435 2377 rum,
462 2339 503 2369 ub
530 2338 592 2371 illis
619 2349 715 2381 super
740 2339 977 2382 provisionibus
1004 2351 1083 2383 quo-

349 2400 556 2433 rumcumque
586 2391 817 2425 beneficiorum
849 2391 1084 2427 ecclesiastico-

386 2471 396 2495 1
417 2469 570 2495 Coniunctio
587 2478 618 2495 ac
634 2470 749 2497 delenda
764 2472 804 2498 vel
823 2475 851 2497 ιιι
867 2471 972 2506 legend.
988 2473 1081 2506 (aaz).

385 2512 400 2538 2
423 2512 521 2538 Forsan
542 2514 762 2548 qualiacumque
781 2519 818 2548 (a.
837 2517 885 2547 TC).

387 2555 402 2582 3
421 2555 484 2583 Male
500 2555 564 2583 edit.
586 2557 665 2584 Maia.
684 2558 747 2593 legit
767 2560 954 2594 expediendis
976 2560 1014 2595 (n.
1033 2560 1081 2595 ιι).

917 178 1098 204 BULLARIUM
1125 178 1279 203 ROMANUM

1866 177 1917 204 An.
1933 177 1960 204 C.
1984 177 2052 206 1730

1116 237 1186 258 rum
1207 226 1276 258 dari
1295 230 1472 269 poterunt,
1498 231 1598 269 prout
1622 225 1655 258 in
1675 225 1797 259 nostris
1815 226 1858 258 sa-

1117 278 1296 312 miliaribus
1326 284 1358 312 et
1386 279 1548 312 continuis
1580 278 1856 312 commensalibus

1116 332 1215 364 etiam
1237 331 1336 373 gratis
1363 332 1482 365 dantur
1505 343 1541 366 ac
1567 332 1799 372 conceduntur,
1821 343 1858 366 ac

1117 384 1185 417 dari
1212 390 1244 417 et
1264 384 1396 418 concedi
1424 385 1560 425 debent,
1581 384 1799 429 praecipimus
1826 390 1859 419 et

1117 436 1321 470 mandamus.

1161 490 1175 532 ἓ
1190 489 1221 522 7.
1235 489 1278 522 Ac
1291 489 1444 533 dapiferis
1460 491 1613 534 praefatis
1626 496 1783 524 eteorum
1797 491 1858 524 sin·
1922 501 2052 533 rivulum-5.

1118 541 1212 584 gulis,
1229 547 1262 574 ut
1279 543 1475 587 quicumque
1490 543 1551 577 loci
1566 542 1726 576 Ordinarii
1745 544 1796 577 vel
1810 554 1856 576 ca·
1868 529 2054 580 {3235'l¹²p052i32

1118 593 1223 626 nonici
1241 595 1566 638 metropolitanarum
1583 599 1635 629 aut
1660 595 1795 628 aliarum
1812 581 2053 628 in-2'531„?2⁵1‘.l⁰⁹033

1118 646 1257 689 signium
1273 647 1493 689 ecclesiarum,
1509 654 1562 681 aut
1578 658 1740 692 personae
1759 658 1858 691 quae·
1869 636 1911 655 ιω
1921 633 2053 655 Μωωω·

1118 709 1255 742 eumque
1270 700 1506 734 ecclesiasticae
1531 701 1563 734 in
1582 701 1740 744 dignitate
1760 701 1860 734 eccle-

1117 752 1244 785 siastica
1261 754 1464 796 constitutae,
1481 759 1543 787 tam
1559 754 1592 787 in
1607 754 1751 787 Romana
1765 753 1859 787 Curia

1118 816 1212 848 quani
1232 811 1321 839 extra
1335 817 1416 847 eam,
1437 807 1476 840 ad
1494 807 1526 840 id
1541 817 1601 850 per
1622 817 1677 840 eos
1695 811 1726 840 et
1744 816 1859 840 eorum

1117 859 1263 902 singulos
1297 860 1439 902 eligendi
1466 871 1523 893 seu
1549 860 1740 903 eligendae,
1768 869 1859 903 quas·

1118 922 1256 955 cumque
1273 913 1449 956 pensiones
1474 923 1588 946 omnes
1613 912 1858 956 eis‘eorumque

1117 964 1253 1007 singulis
1269 975 1367 1008 super
1385 965 1555 1006 fructibus,
1575 965 1765 1005 redditibus,
1784 975 1859 1008 pro-

1118 1017 1278 1059 ventibus,
1299 1017 1433 1058 iuribus,
1453 1017 1706 1051 obventionibus
1728 1022 1760 1050 et
1777 1027 1860 1051 emo-

1119 1070 1273 1103 lumentis
1298 1070 1458 1103 universis
1474 1097 1481 1110 ‚
1506 1069 1604 1103 certis
1638 1075 1670 1103 et
1701 1069 1857 1111 incertis,

1119 1133 1154 1156 ac
1173 1123 1456 1156 distributionibus
1479 1122 1688 1167 quotidianis,
1710 1132 1861 1165 quarum-

1119 1187 1258 1220 cumque
1282 1186 1468 1210 mensarum
1483 1175 1731 1219 episcopalium,
1754 1175 1861 1208 archi-'

1119 1230 1354 1273 episcopalium
1371 1234 1402 1262 et
1422 1229 1642 1276 ablmtialium,
1665 1233 1697 1262 et
1719 1227 1860 1271 dignita·

1120 1287 1206 1323 tum,
1234 1282 1483 1316 canonicatuum
1518 1287 1550 1315 et
1574 1282 1859 1326 praebendarum,

1119 1341 1372 1379 ceterorumque
1398 1334 1636 1368 beneficiorum
1667 1334 1862 1368 ecclesiasti-

1119 1399 1230 1421 corum
1258 1388 1339 1430 (non
1365 1394 1471 1421 tamen
1496 1398 1555 1432 per
1579 1387 1610 1421 S.
1632 1388 1668 1420 R.
1693 1387 1727 1420 E.
1759 1387 1863 1420 cardi-

1119 1443 1209 1475 nales
1234 1442 1443 1475 obtentorum
1476 1446 1507 1474 et
1538 1441 1753 1484 imposterum
1779 1440 1864 1474 obti-

1120 1495 1325 1538 nendorum),
1344 1505 1419 1527 cum
1439 1495 1516 1527 cura
1542 1499 1572 1527 et
1592 1495 1661 1527 sine
1681 1496 1766 1533 cura,
1789 1503 1862 1526 sae-

1120 1548 1279 1582 cularium
1310 1553 1363 1580 aut
1399 1557 1681 1591 quorumcumque
1706 1546 1863 1579 Ordinum

1121 1601 1328 1644 regularium,
1348 1611 1405 1634 seu
1424 1600 1554 1640 fructus,
1573 1600 1719 1633 redditus
1737 1604 1768 1633 et
1789 1610 1863 1643 pro-

1122 1659 1245 1693 ventus,
1265 1654 1395 1696 aliaque
1421 1654 1639 1687 emolumenta
1659 1658 1691 1686 et
1711 1653 1863 1686 distribu-

1123 1707 1228 1741 tiones
1255 1706 1443 1740 huiusmodi
1469 1711 1647 1739 reservatas
1677 1716 1735 1738 seu
1760 1716 1864 1742 reser-

1121 1765 1223 1801 vatos,
1251 1770 1288 1793 ac
1313 1759 1527 1793 reservandas
1551 1769 1607 1792 seu
1629 1759 1861 1799 reservandos,

1123 1812 1250 1847 etiamsi
1276 1809 1354 1846 alias
1372 1813 1475 1846 semel
1494 1813 1543 1846 vel
1560 1811 1682 1855 pluries
1709 1813 1864 1845 translata

1123 1877 1178 1900 seu
1201 1865 1348 1899 translati
1374 1864 1506 1905 suerint,
1524 1875 1627 1908 usque
1648 1865 1686 1898 ad
1705 1875 1864 1898 summam

1123 1925 1253 1953 centum
1279 1919 1471 1951 ducatorum
1489 1917 1521 1950 in
1541 1922 1608 1950 toto
1627 1918 1676 1950 vel
1702 1917 1732 1950 in
1760 1922 1864 1961 parte,

1124 1983 1159 2006 ac
1185 1971 1280 2005 etiam
1308 1971 1342 2003 in
1367 1970 1479 2003 mortis
1512 1970 1648 2003 articulo
1679 1980 1804 2003 cassare
1833 1975 1866 2003 et

1125 2026 1330 2069 extinguere3
1349 2034 1393 2063 ac,
1413 2028 1582 2067 postquam
1596 2029 1740 2056 cassatae
1759 2028 1790 2057 et
1810 2034 1862 2057 ex-

1126 2079 1245 2112 tinctae
1271 2077 1410 2117 suerint,
1435 2077 1513 2110 alias
1539 2076 1664 2109 similes
1688 2076 1863 2120 pensiones

1125 2142 1260 2172 annuas,
1280 2141 1336 2164 seu
1360 2131 1495 2170 fructus,
1516 2130 1662 2163 redditus
1681 2135 1711 2163 et
1730 2140 1864 2173 proven-

1127 2191 1177 2218 tus
1192 2212 1199 2225 ,
1222 2191 1255 2218 et
1278 2185 1342 2218 alia
1367 2184 1583 2217 emolumenta
1609 2188 1640 2216 et
1665 2183 1866 2217 distributio-

1126 2249 1183 2272 nes
1200 2237 1395 2277 huiusmodi,
1417 2247 1519 2280 usque
1537 2237 1575 2270 ad
1595 2247 1751 2270 summam
1772 2247 1866 2280 prae-

1127 2291 1259 2330 dictam,
1286 2289 1342 2322 uni
1368 2290 1417 2323 vel
1443 2288 1592 2332 pluribus
1618 2289 1689 2322 aliis
1713 2289 1864 2332 personis

1127 2341 1376 2381 ecclesiasticis,
1403 2351 1462 2384 per
1487 2341 1618 2374 eosdem
1644 2342 1808 2385 dapiferos
1835 2346 1868 2375 et

1127 2406 1242 2429 eornm
1268 2394 1416 2437 singulos
1442 2393 1668 2435 nominandis,
1695 2399 1867 2438 quotcum-

1127 2455 1200 2492 que,
1226 2456 1452 2491 quaecumque
1479 2452 1508 2479 et
1534 2447 1784 2490 qualiacumque
1809 2446 1866 2480 be-

1126 2499 1243 2534 neficia
1268 2498 1484 2532 ecclesiastica
1509 2498 1732 2532 obtinentibus
1757 2504 1789 2533 et
1817 2509 1867 2532 ex-

1127 2551 1342 2597 pectantibus,
1364 2551 1441 2585 alias
1460 2556 1568 2585 tamen
1590 2551 1787 2596 pensionum
1808 2551 1866 2586 liu-
