2182 3137
240 243 287 268 An.
305 246 333 270 (3.
359 244 418 270 1731

286 411 313 430 [Ιιι
329 411 418 431 levirum-¹

237 438 349 463 ssfvztzlcalt.

262 1153 289 1173 Ue
306 1154 397 1173 siientio.

471 235 532 268 206

432 294 576 326 desectus
597 305 774 338 corumque
795 294 919 327 radices
936 295 1065 338 penitus
1084 296 1164 328 crel-

430 348 496 380 lcre
522 347 693 380 curabunt.

475 412 502 432 x.
530 400 645 433 Clu-isti
678 400 818 441 domiui,
851 400 904 444 qui
931 400 1099 434 Nazarethi
1118 413 1166 445 sy-

429 464 586 495 nagogam
614 454 735 487 intrans
767 455 909 488 surrexit
945 455 1085 497 leymvt',
1114 466 1166 488 ex-

430 508 571 549 emplum
591 513 765 546 sectantes,
789 518 902 540 omnes
929 508 1009 540 hora
1030 508 1166 540 secunda

429 560 613 602 vespertina
645 571 704 603 per
738 561 819 593 duos
854 561 1047 604 quadrantes
1071 561 1166 602 spiri-

431 612 506 645 tuali
526 612 713 646 incumbant
731 614 873 653 lectioni,
893 619 925 646 et
943 613 1073 656 aliquod
1088 612 1164 645 Novi

429 665 621 698 Testamenti
648 677 778 710 semper
802 668 975 710 perlegant
1001 671 1106 709 caput,
1131 671 1166 697 ut

429 718 472 751 ita
494 730 584 752 mens
609 719 799 758 illustretur,
819 721 968 752 voluntas
987 725 1163 758 moveatur,

429 778 522 816 atque
548 772 579 805 in
606 773 735 813 animo,
772 773 928 816 quidquid
955 773 994 805 ad
1019 778 1164 805 nostrum

429 826 631 869 aliorumque
665 826 866 869 spiritualem
893 826 1075 869 profectum
1104 826 1165 859 Do-

428 872 536 912 minus
571 880 758 917 donaverit,
784 879 944 922 infigatur.
983 879 1165 922 Spiritualis

429 933 524 966 etiaim
551 932 644 965 lectio
671 932 815 975 qualibet
839 933 871 965 in
898 933 1096 966 comestione
1119 939 1166 966 est.

429 985 588 1025 habenda,
617 990 650 1017 ut
675 997 774 1029 quum
795 985 891 1019 alitur
909 997 1037 1029 corpus,
1059 986 1165 1019 anima

429 1049 557 1081 quoque
584 1038 754 1078 reficiatur,
777 1039 826 1071 cui
846 1038 954 1072 debita
971 1038 1166 1071 adhibeatur

428 1092 575 1126 attentio.

471 1156 513 1178 xr.
550 1146 666 1179 Christi
703 1146 826 1179 domini
860 1145 1024 1179 silentium
1060 1146 1166 1178 adhuc

428 1198 531 1231 Pilato
572 1209 721 1241 magnam
759 1199 866 1231 attulit
900 1198 1162 1231 admirationem.

416 1245 521 1284 'litum
549 1252 722 1292 imitando,
750 1253 836 1285 idem
862 1252 1023 1285 silentium
1049 1262 1166 1295 perpe-

262 2010 290 2029 Da
306 2010 420 2031 solitudine

238 2040 255 2056 vt
267 2037 365 2057 rtursura
377 2044 420 2058 scr·

239 2063 317 2084 wuda.

428 1312 482 1338 tuo
509 1305 539 1338 in
566 1305 742 1339 seminario
761 1306 984 1339 observabitur
1004 1306 1165 1348 (tempore

429 1359 641 1392 recreationis
681 1360 846 1392 dumtaxat
880 1364 1038 1403 excepto,
1066 1359 1166 1392 tribus

428 1413 580 1446 videlicet
617 1413 850 1457 quadrantibus
875 1418 949 1457 post
980 1413 1162 1456 prandium,

430 1466 620 1510 duobusque
661 1473 734 1509 post
772 1477 924 1506 coenam,
961 1466 1015 1499 ubi
1052 1476 1165 1499 omnes

430 1520 661 1562 convenient)·,
690 1526 779 1553 extra
804 1520 836 1553 id
862 1526 1010 1563 tempus,
1035 1520 1164 1553 nonnisi

431 1574 470 1606 de
510 1573 642 1617 speciali
675 1579 729 1606 aut
765 1573 909 1616 generali
948 1573 1164 1617 praesidentis

430 1627 586 1666 licentia,
612 1627 645 1659 in
670 1628 743 1660 loco
765 1627 804 1660 ad
830 1628 860 1661 id
887 1628 1078 1671 praefinito,
1111 1638 1167 1661 ne-

430 1680 602 1719 cessitate,
629 1681 789 1713 charitate
824 1687 879 1713 aut
903 1681 1086 1714 urbanitate
1118 1681 1167 1725 in-

429 1738 543 1773 stante,
572 1738 603 1765 et
628 1733 757 1776 quidem
782 1744 860 1766 voce
886 1734 972 1773 leni,
997 1744 1165 1767 sermones

430 1786 657 1819 conserentur:
683 1797 766 1830 quae
792 1787 922 1830 quidem
957 1787 1167 1820 circumstan-

430 1839 506 1879 tiae,
531 1846 563 1872 ut
588 1839 659 1883 quis
684 1840 827 1873 alienum
853 1840 1053 1883 ingrediatur
1078 1841 1167 1873 cubi-

431 1894 549 1934 culum,
577 1898 734 1937 quantum
761 1893 829 1926 sieri
855 1894 967 1937 possit,
995 1895 1168 1928 observen—

432 1951 495 1980 tur.

474 2010 529 2034 ΧΗ.
564 2000 666 2039 Quum
708 2000 853 2034 Christus
892 2001 1042 2034 dominus
1078 2006 1167 2034 extra

431 2060 557 2098 tempus
584 2065 659 2087 suae
685 2054 954 2097 praedicationis,
983 2061 1014 2088 et
1038 2055 1166 2098 quando

432 2109 599 2142 charitatis
626 2109 730 2142 officia
747 2109 844 2142 aliter
863 2120 929 2142 non
948 2110 1166 2153 postulabant,

431 2162 639 2195 solitudinem
677 2173 804 2205 semper
830 2163 1023 2206 quaesierit,
1055 2173 1167 2206 opera-

430 2216 490 2256 rii,
517 2216 648 2259 quando
681 2216 776 2249 alicui
815 2228 852 2249 ex
889 2217 956 2249 suis
981 2216 1167 2250 ministeriis

431 2279 496 2301 non
527 2268 739 2309 incumbant,
778 2270 862 2302 lianc
893 2270 1103 2302 solitudinem
1134 2280 1167 2302 o-

430 2322 542 2355 mnino
558 2333 671 2355 cinare
689 2323 840 2356 debeant.
860 2323 897 2355 Et
912 2329 947 2355 ut
963 2323 1166 2356 commodius

430 2378 597 2418 reguletur
621 2376 718 2408 animi
746 2376 907 2416 collectio,
934 2377 1043 2409 stricta
1068 2376 1099 2408 in
1118 2386 1167 2408 se-

430 2429 568 2462 minario
594 2429 778 2461 servabitur
796 2430 955 2468 clausura,
974 2430 1055 2462 itaut
1072 2439 1168 2462 nemo

431 2482 552 2526 absque
578 2484 731 2526 expressa
767 2483 926 2526 praesidis
962 2482 1091 2516 licentia
1129 2482 1168 2515 de

433 2536 527 2568 dome
553 2536 756 2578 egrediatur,
783 2547 892 2580 neque
926 2536 996 2569 sine
1029 2536 1169 2570 necessi-

432 2595 497 2622 tate
523 2590 630 2633 aliqua
655 2596 710 2623 aut
734 2590 873 2624 utilitate
899 2601 915 2624 e
941 2590 1093 2624 cubiculo
1111 2601 1168 2623 suo
1214 2599 1297 2621 mam
1323 2598 1433 2621 euram
1464 2587 1496 2620 in
1531 2596 1566 2620 se
1599 2586 1728 2619 interne
1760 2591 1792 2619 et
1815 2591 1949 2620 externe

466 2652 479 2679 1
501 2651 708 2687 Luc.‚1v‚28.

1008 246 1189 270 attuxntttta
1216 247 1371 271 nonaum

1949 250 1996 274 An.
2019 249 2047 274 C.
2070 248 2131 275 ¹73¹

1211 295 1365 334 discedat,
1385 301 1416 328 ct
1438 296 1477 328 de
1503 295 1564 328 hoc
1589 296 1712 329 veniam
1735 297 1823 339 prius
1848 308 1865 330 a
1890 297 1943 330 de-

1211 348 1298 381 mine
1336 348 1403 381 lesu
1445 349 1612 382 humiliter
1648 349 1871 393 deprecando3
1910 350 1942 383 in

1210 412 1360 434 sensuum
1385 412 1460 435 vero
1500 402 1781 446 potentiarumque
1807 405 1944 437 recolle-

1210 455 1317 486 ctione
1343 455 1541 497 peculiarem
1559 456 1677 498 ubique
1695 466 1805 488 curam
1830 466 1942 489 omnes

1211 507 1361 547 habeant,
1388 507 1594 540 discretionis
1616 513 1731 545 tamen,
1754 508 1942 547 modestiae,

1209 561 1471 604 christianaeque
1513 562 1701 594 urbanitatis
1740 563 1870 605 regulas
1910 562 1942 594 in

1209 614 1356 647 omuibus
1383 614 1612 648 custodiendo.

1252 677 1322 700 xut.
1350 667 1466 700 Christi
1505 668 1648 708 domini,
1683 668 1735 711 qui
1769 669 1801 700 in
1837 669 2138 710 Coen2'1409m1xaaqu0-

1210 720 1287 753 seria
1313 720 1435 764 quinta,
1456 726 1487 753 et
1510 721 1660 764 sequenti
1686 721 1716 753 in
1744 723 1797 753 ara
1821 706 2042 764 Ci=11cis‚51'3¹1'1‘'2‚..}
2066 713 2138 754 ’ἶῖῗξῗ

1210 778 1304 816 atque
1333 773 1520 816 Frequenter
1545 784 1577 805 se
1595 773 1712 806 obtulit
1737 779 1869 806 aeterno
1890 760 2044 806 Pa—b¹³¹''³²'

1210 826 1248 858 tri
1274 826 1380 869 quoad
1409 825 1504 864 vixit,
1538 826 1721 869 exemplum
1748 825 1918 868 sequendo
1935 852 1942 866 ,

1209 889 1321 911 omnes
1335 879 1499 912 seminarii
1518 879 1703 912 sacerdotes
1721 880 1831 911 exacta
1852 889 1946 921 prae-

1209 931 1388 974 paratione,
1415 931 1605 970 rererentia,
1633 931 1806 964 devotione
1832 936 1864 964 et
1887 930 1945 964 Ec-

1210 985 1327 1018 clesiae
1353 985 1471 1018 rituum
1490 986 1689 1028 impletione,
1709 985 1784 1018 dum
1799 985 1944 1027 legitime

1209 1039 1355 1081 impediti
1388 1049 1454 1071 non
1491 1039 1631 1078 suerint,
1668 1039 1748 1071 hora
1784 1039 1903 1082 cuique
1928 1049 1946 1070 a

1210 1093 1357 1135 praeside
1394 1093 1612 1136 praescripta,
1644 1102 1771 1124 sacrum
1797 1091 1944 1135 quotidie

1210 1146 1436 1186 celebrabunt,
1461 1146 1614 1179 dimidiae
1639 1146 1740 1178 horae
1766 1150 1893 1188 tempus
1911 1145 1944 1178 in

1210 1200 1429 1233 celebratione
1455 1199 1696 1242 impendendo,
1731 1199 1946 1232 tantumdem-

1210 1264 1271 1296 que
1297 1252 1450 1296 temporis
1475 1252 1506 1284 in
1525 1252 1700 1294 gratiarum
1720 1251 1846 1284 actione
1863 1261 1947 1284 sem—

1211 1317 1268 1350 per
1293 1307 1467 1346 insument,
1493 1305 1555 1338 nisi
1581 1306 1817 1349 poenitentium
1843 1305 1947 1338 multi-

1211 1361 1287 1394 tudo
1324 1360 1424 1393 aliave
1458 1359 1542 1391 iusta
1574 1369 1667 1391 causa
1703 1359 1878 1401 gratiarum
1913 1368 1946 1390 a-

1210 1415 1351 1447 ctionem
1376 1412 1522 1445 breviare
1559 1418 1663 1455 cogat.
1701 1411 1833 1444 Sacrum
1869 1421 1944 1444 vero

1210 1471 1413 1511 peragentes,
1432 1465 1470 1498 ad
1492 1464 1726 1498 Eucharistiam
1752 1464 1945 1498 sumendam

1211 1521 1331 1565 paratis
1357 1531 1428 1553 eam
1453 1530 1580 1563 semper
1604 1518 1844 1566 ministrabunt.

1254 1585 1315 1608 xlv.
1348 1574 1394 1606 Ad
1432 1572 1588 1606 maiorem
1629 1577 1736 1605 autem
1774 1583 1941 1606 sacrorum
1957 1580 2140 1617 narrabuntu-

1211 1629 1327 1660 rituum
1353 1626 1602 1666 observantiam,
1621 1625 1700 1658 ritus
1725 1630 1846 1658 attente
1867 1636 1945 1669 quo-
1955 1613 2139 1657 ffif³¹¹¹¹⁵ffi⁶w

1211 1682 1290 1715 libet
1313 1691 1422 1714 mense
1459 1681 1627 1722 relegant,
1654 1679 1772 1722 aliique
1808 1679 1944 1712 aliorum

1211 1734 1377 1768 sacrificiis
1401 1733 1594 1772 inserviant,
1621 1738 1652 1766 et
1677 1733 1716 1766 de
1743 1732 1943 1774 defectibus,

1211 1799 1291 1833 qnos
1315 1787 1519 1827 notaverint,
1547 1786 1634 1830 ipsos
1667 1786 1804 1819 discrete
1836 1787 1946 1819 admo-

1211 1848 1326 1882 neant·,
1353 1842 1429 1881 sed,
1456 1846 1490 1872 ut
1514 1840 1628 1873 maiori
1655 1850 1726 1872 cum
1752 1840 1891 1882 puritate
1914 1844 1947 1873 et

1211 1896 1311 1939 gratia
1325 1896 1363 1928 ad
1383 1900 1505 1928 tantum
1525 1894 1679 1927 accedant
1696 1899 1944 1932 sacramentum,

1211 1948 1377 1982 charitatis
1403 1948 1560 1980 fervorem
1586 1946 1730 1990 quotidie
1754 1945 1788 1978 in
1812 1957 1846 1979 se
1867 1946 1945 1990 ipsis

1210 2008 1360 2035 accurate
1395 2001 1545 2033 studeant
1568 2010 1762 2044 promovere
1779 2026 1786 2040 ‚
1814 2005 1846 2032 et
1869 2001 1948 2032 una-

1211 2066 1335 2099 quaque
1356 2053 1572 2093 hebdomada,
1590 2057 1624 2085 ut
1641 2053 1819 2092 minimum,
1838 2058 1897 2093 ter,
1918 2057 1949 2086 et

1212 2110 1349 2153 singulis
1376 2108 1507 2147 diebus,
1533 2107 1557 2140 si
1584 2107 1754 2139 commode
1787 2106 1858 2139 sieri
1893 2117 1950 2150 po-

1212 2169 1298 2203 test,
1333 2160 1611 2195 sacramentaliter
1647 2159 1884 2200 confiteantur,
1918 2165 1950 2193 et

1213 2218 1402 2259 frequenter
1427 2224 1498 2245 cum
1531 2212 1732 2245 confessario
1758 2223 1775 2245 a
1800 2213 1948 2255 praesule

1212 2270 1250 2303 ad
1276 2269 1309 2301 id
1334 2267 1519 2311 specialiter
1544 2266 1715 2309 deputato·‚
1749 2265 1822 2299 laici
1846 2266 1949 2299 semel

1213 2323 1244 2355 in
1270 2320 1474 2355 hebdomada
1498 2324 1635 2362 utroque
1668 2323 1874 2352 sacramento
1898 2329 1948 2351 re-

1213 2376 1373 2409 [icientur.

1255 2438 1302 2462 xv.
1327 2428 1396 2460 lesu
1429 2427 1547 2461 Christi
1580 2427 1643 2459 vita
1674 2427 1827 2459 continua
1862 2436 1948 2460 mor·
1961 2430 2145 2462 ”eft-iunium-

1960 2460 2054 2484 tei-taque
2076 2458 2145 2484 opori-

1214 2481 1345 2515 titicatio
1371 2490 1500 2523 semper
1524 2480 1600 2512 suit:
1625 2480 1664 2513 ad
1683 2479 1772 2513 cuius
1797 2479 2146 2533 imitatio-fgffisguoruucz-

1213 2546 1288 2568 nem
1313 2544 1427 2567 omnes
1445 2534 1477 2566 in
1499 2533 1674 2566 seminario
1695 2533 1852 2576 degentes
1869 2543 1950 2566 sum-

1213 2641 1436 2677 mortificando
1474 2650 1600 2686 ponere
1633 2639 1787 2674 continuo
1824 2639 1944 2676 debere
