2182 3137
194 177 241 199 An.
258 175 286 199 e.
309 172 378 200 1730

212 2137 289 2158 Eorum
304 2136 383 2156 beneti-

200 2164 234 2184 eia
250 2170 262 2184 a
273 2163 382 2190 quihus-iis

201 2191 273 2211 eximit
315 2195 381 2210 oneri-

202 2217 249 2238 bus.

423 163 487 196 146
972 171 1156 196 natitantem
1183 172 1341 196 nomnen

387 227 440 254 aut
466 220 643 263 quemlibet
663 225 804 252 vestrum
831 220 1010 262 respective
1031 225 1131 252 atten-

388 274 446 305 tari
472 273 664 314 contigerit)
691 282 817 304 necnon
855 272 939 304 cives
963 272 1130 315 originarii

389 326 484 358 etiam
522 325 552 356 iu
591 324 807 366 dignitatum,
835 324 1067 357 beneficiorum
1099 330 1131 357 et

388 378 564 410 officiorum
602 377 894 409 ecelesiasticorum
930 383 962 409 et
986 379 1130 411 saecula-

387 431 479 469 rium,
499 430 595 462 ctiam
623 440 659 462 ex
685 430 832 472 personis
853 441 1061 463 romanorum
1083 431 1128 463 ci-

386 484 471 515 vium
497 482 749 524 originarioruin
781 483 978 523 vacantium,
1004 494 1130 516 assecu-

389 536 475 568 tione
493 541 525 567 et
549 535 705 567 exercitio
732 541 794 567 tam
821 535 853 567 in
881 534 963 567 Urbe
982 546 1077 578 quam
1097 536 1128 569 in

389 588 540 621 omnibus
565 594 595 620 et
618 588 754 630 singulis
789 588 973 620 civitatibus
1004 589 1130 631 praedi-

388 642 455 681 ctis,
475 646 506 674 et
523 641 601 673 alias
618 642 739 684 ubique
759 643 901 674 locorum
921 647 952 674 et
968 641 1127 684 gentium,

387 705 515 727 necnon
541 695 721 727 sessionum
741 700 772 727 et
790 701 1017 734 conventuum,
1036 700 1130 727 utun-

389 754 451 787 tur,
478 749 644 790 potiuntur
670 754 701 780 et
726 749 876 789 gaudent,
896 759 932 780 ae
957 749 1014 787 uti,
1032 749 1130 790 potiri

389 807 421 834 et
452 802 595 843 gaudere
632 806 786 844 poterunt
823 801 1070 843 quomodolibet
1098 802 1130 834 in

390 856 553 894 futurum,
581 865 645 887 non
678 856 780 887 solum
807 854 845 886 ad
872 865 983 887 eorum
1009 854 1129 894 instar,

390 909 446 941 sed
474 908 693 951 parisormiter
718 913 750 939 et
774 918 877 949 aeque
893 907 1131 950 principaliter,

389 972 425 993 ac
443 962 467 993 si
496 961 673 1003 privilegia,
693 960 869 999 facultates,
895 961 1130 1002 exemptiones,

390 1014 511 1056 gratiae
537 1020 568 1045 et
593 1013 718 1045 indulta
743 1013 928 1045 huiusmodi
955 1023 1014 1055 pro
1041 1014 1131 1046 vobis

389 1072 606 1104 emanassent,
627 1066 683 1105 uti,
704 1066 801 1108 potiri
829 1072 860 1098 et
878 1066 1030 1108 gaudere,
1046 1077 1082 1098 ac
1099 1067 1131 1098 in

388 1119 537 1151 omuibus
564 1124 595 1151 et
618 1119 753 1160 singulis
775 1119 974 1162 apostolicis,
994 1119 1130 1162 aliisque

389 1172 516 1212 litteris,
537 1172 762 1204 instrumentis
780 1178 811 1205 et
828 1173 999 1215 scripturis
1025 1173 1132 1215 publi-

390 1226 435 1258 cis
461 1231 492 1258 et
517 1225 664 1268 privatis,
689 1225 843 1269 deinceps
869 1226 1000 1258 nomine
1026 1231 1131 1258 vestro

389 1278 613 1317 conficiendis,
640 1278 795 1317 notarios,
821 1279 979 1317 comites,
1007 1279 1132 1322 equites

390 1337 421 1363 et
442 1331 581 1372 nobiles,
600 1341 636 1363 ac
655 1331 694 1363 dc
713 1331 815 1363 nobili
835 1342 957 1372 genere
983 1342 1020 1363 ex
1046 1336 1133 1364 utro-

390 1395 451 1427 que
476 1390 612 1427 parente
638 1390 846 1426 procreatos,
872 1394 1000 1416 necnon
1025 1395 1133 1417 roma·

390 1448 450 1470 nae
485 1443 516 1469 et
541 1437 679 1469 aliarum
714 1437 877 1469 civitatum
911 1444 942 1468 et
974 1442 1133 1469 terrarum

390 1490 492 1530 cives,
520 1496 616 1533 prout
641 1491 793 1529 libuerit,
818 1501 872 1523 vos
899 1491 1076 1523 inscribere
1103 1496 1134 1523 et

390 1543 456 1576 illis
482 1543 692 1575 subscribere
725 1543 877 1583 valeatis,
905 1554 941 1576 ae
966 1554 1025 1586 pro
1050 1543 1133 1576 veris

392 1602 424 1629 et
448 1606 513 1628 non
539 1595 622 1628 fictis
647 1596 798 1635 notariis,
824 1596 1018 1635 comitibus,
1046 1596 1134 1637 equi-

392 1650 478 1681 tibus
502 1656 532 1682 et
550 1649 714 1681 nobilibus
736 1660 772 1681 ac
795 1649 918 1682 civibus
937 1650 1131 1689 habeamini,

391 1703 550 1745 nihilque,
571 1704 808 1746 qualecumque
834 1703 914 1735 illud
941 1703 1036 1735 suerit
1061 1713 1133 1735 eum

392 1756 431 1789 iis
469 1757 787 1799 subscriptionibus,
823 1756 1054 1798 subreptitium
1084 1757 1133 1788 vel

393 1810 605 1852 obreptitium
642 1815 696 1842 aut
731 1809 931 1848 invalidum,
963 1810 1018 1841 sod
1053 1809 1133 1841 illud

392 1863 477 1895 idem
503 1864 612 1895 essicax
632 1862 662 1895 iu
682 1863 833 1895 omnibus
852 1868 1042 1901 censeatur·,
1065 1872 1135 1893 nec-

391 1927 469 1956 non,
494 1917 628 1948 honoris
654 1918 757 1954 eausa,
784 1916 925 1958 insignia
949 1915 1053 1957 gentis
1079 1925 1134 1947 no-

392 1975 487 2009 strae,
514 1969 582 2001 sive
608 1969 734 2011 integre
761 1969 827 2000 sive
846 1979 917 2000 eum
944 1969 1059 2000 vestris
1085 1978 1135 2000 re-

392 2023 535 2065 spective
547 2023 735 2065 composita,
748 2028 872 2064 gestare
883 2021 1026 2064 possitis,
1038 2027 1135 2064 prout

392 2075 483 2108 vobis
510 2076 677 2118 placuerit,
705 2075 928 2107 concedimus.

438 2130 453 2172 g
477 2129 508 2161 Q.
535 2129 573 2161 Et
597 2128 732 2170 insuper
757 2138 821 2167 vos,
842 2133 1010 2170 vestraque
1035 2129 1134 2159 bene-

394 2182 464 2214 ficia
483 2189 515 2215 et
532 2182 635 2214 ossieia
652 2181 877 2219 ecclesiastica,
898 2191 1133 2222 quaecun‘iun

395 2242 617 2280 quotcumque
655 2240 686 2267 ct
722 2235 970 2276 qualiacumque
1004 2233 1133 2266 illorum

396 2292 519 2322 fructus
542 2299 591 2321 res
614 2295 643 2320 ct
665 2288 745 2325 iura,
768 2287 964 2329 ubic-imque
987 2288 1133 2319 locorum

395 2353 570 2381 regnorum
599 2349 625 2373 et
654 2341 913 2383 provinciarum,
941 2350 1068 2372 necnon
1103 2341 1134 2372 in

398 2396 490 2434 Urbe,
518 2395 717 2433 civitatibus,
746 2394 838 2426 terris
867 2399 897 2425 et
923 2394 1002 2426 locis
1030 2394 1135 2426 eidem

398 2449 560 2480 Romanae
587 2448 751 2480 Ecclesiae
786 2447 925 2479 mediate
952 2448 1001 2479 vel
1027 2447 1137 2479 imme-

399 2502 485 2533 diate
512 2501 663 2533 subiectis
684 2499 896 2532 consistentia
919 2499 1062 2543 praedia,
1081 2500 1137 2532 do-

398 2564 477 2594 mos,
493 2553 720 2596 possessiones
739 2559 770 2586 et
786 2554 872 2586 bona
886 2553 1137 2596 patrimonialia,

1173 220 1301 263 aliaque
1324 220 1525 263 temporalia,
1546 221 1681 253 mobilia
1705 225 1739 252 et
1763 220 1915 253 immobi-

1173 273 1216 306 lia
1241 284 1278 306 ae
1304 283 1339 306 se
1365 273 1541 312 moventia,
1562 283 1689 306 necnon
1715 272 1858 305 actiones
1883 279 1916 306 et

1173 325 1243 358 iura
1270 326 1454 368 praesentia
1479 331 1511 358 et
1536 326 1650 363 sutura,
1677 326 1914 368 cuiuscumque

1174 378 1352 421 qualitatis,
1373 378 1563 421 quantitatis
1590 385 1622 411 et
1646 385 1787 418 naturae,
1807 389 1843 410 ac
1860 389 1915 410 cu-

1172 431 1271 464 iusvis
1296 432 1396 464 etiam
1413 432 1513 464 annui
1534 431 1667 471 valoris,
1687 432 1821 470 fruetus,
1842 432 1916 464 red-

1173 484 1257 516 ditus
1273 490 1304 517 et
1317 490 1493 528 proventus
1508 485 1693 517 huiusmodi
1708 485 1768 517 sint
1784 485 1833 516 vel
1848 484 1915 517 sue-

1173 537 1250 576 rint,
1274 548 1311 570 ac
1332 538 1427 570 etiam
1448 548 1673 580 quaecumque
1691 550 1708 569 a
1726 537 1816 570 vobis
1837 547 1914 570 ven-

1174 590 1291 629 denda,
1319 602 1356 622 ac
1382 600 1440 632 pro
1465 590 1578 622 vestris
1600 595 1632 622 et
1647 590 1844 622 familiarum
1866 600 1916 622 ve-

1174 647 1314 675 strarum
1339 643 1453 675 usibus
1478 643 1625 682 emenda,
1652 644 1691 675 ab
1717 643 1868 675 omnibus
1885 649 1918 675 et

1174 695 1432 738 quibuscumque
1459 696 1603 735 decimis,
1622 695 1744 738 quartis
1766 700 1798 728 et
1822 695 1917 728 dimi-

1175 748 1235 780 diis
1260 749 1426 790 partibus,
1453 749 1627 786 subsidiis,
1655 749 1752 781 etiam
1778 749 1918 781 charita-

1174 801 1259 841 tivis,
1279 812 1408 834 necnon
1429 802 1651 844 vectigalibus,
1675 802 1842 844 portoriis,
1862 802 1918 834 tri·

1174 855 1270 894 hatis,
1297 855 1403 894 datiis,
1425 855 1580 897 pedagiis,
1603 855 1756 895 collectis,
1783 861 1815 887 et
1835 865 1917 897 quo-

1175 918 1316 952 cumque
1341 909 1405 941 alio
1432 909 1565 941 nomine
1590 908 1787 951 nuncupatis
1820 918 1918 950 anga—

1175 962 1244 1001 riis,
1270 961 1486 1004 perangariis,
1511 961 1693 1003 ceterisque
1711 961 1867 993 oneribus
1885 967 1918 993 et

1175 1015 1483 1054 contributimiibus,
1503 1020 1566 1046 tam
1584 1015 1717 1046 urbanis
1743 1025 1840 1057 quam
1865 1024 1919 1046 ru-

1175 1068 1274 1108 sticis,
1301 1067 1474 1100 ordinariis
1496 1073 1527 1100 et
1551 1067 1825 1106 extraordinariis,
1847 1077 1919 1099 rea-

1175 1122 1271 1160 libus,
1297 1121 1526 1163 personalibus
1552 1126 1583 1152 et
1607 1120 1722 1159 mixtis,
1748 1120 1843 1152 etiam
1868 1131 1919 1153 ra-

1177 1175 1265 1206 tione
1283 1173 1510 1212 munitionum,
1527 1173 1694 1205 moenium
1709 1178 1740 1205 et
1754 1173 1916 1215 pontium,

1176 1232 1341 1270 portarum
1368 1232 1400 1258 et
1425 1226 1672 1266 moliturarum,
1699 1232 1730 1258 et
1761 1226 1918 1259 mercium

1176 1280 1409 1322 cuiuscumque
1431 1280 1562 1322 generis
1588 1279 1738 1311 transitus
1763 1289 1820 1311 seu
1844 1290 1918 1322 pas-

1177 1345 1231 1366 sus
1258 1339 1289 1365 et
1313 1340 1474 1374 vecturae,
1496 1334 1592 1365 etiam
1618 1333 1650 1365 in
1675 1333 1763 1365 aliud
1789 1333 1919 1366 territo-

1177 1388 1261 1419 rium
1287 1397 1342 1418 seu
1369 1386 1567 1429 provinciam
1595 1388 1688 1424 terra,
1707 1385 1788 1417 mari
1814 1391 1844 1418 et
1861 1386 1918 1418 ssu-

1177 1440 1274 1476 mine,
1291 1449 1421 1471 necnon
1449 1449 1606 1481 equorum
1626 1444 1840 1477 mortuorum,
1860 1444 1920 1471 sta-

1176 1492 1380 1524 bulationum
1406 1491 1562 1530 militum,
1588 1491 1798 1523 institutionis
1823 1491 1920 1523 semi-

1177 1545 1260 1577 narii
1286 1544 1502 1577 ecclesiastici
1519 1571 1526 1584 ,
1554 1550 1608 1576 aut
1630 1555 1833 1587 quacumque
1858 1544 1920 1577 alia

1177 1598 1381 1641 quantumvis
1410 1597 1497 1639 gravi
1533 1603 1565 1629 et
1597 1598 1789 1639 gravissima
1824 1600 1920 1630 eausa

1178 1652 1260 1693 (pro
1287 1650 1501 1683 subventione
1527 1656 1640 1683 contra
1655 1650 1806 1683 infideles
1831 1651 1920 1683 dum-

1180 1710 1264 1735 taxat
1281 1705 1435 1746 excepta)
1457 1714 1542 1736 nune
1561 1709 1591 1735 et
1612 1714 1670 1746 pro
1697 1709 1843 1745 tempore
1861 1703 1920 1735 im-

1179 1757 1292 1799 positis
1307 1768 1314 1796 ;
1331 1757 1373 1788 ita
1391 1757 1480 1799 quod
1497 1767 1553 1789 vos
1572 1762 1604 1789 et
1625 1756 1762 1799 quilibet
1777 1762 1920 1789 vestrum

1179 1810 1261 1842 nihil
1289 1810 1421 1842 omnino
1448 1810 1564 1842 horum
1591 1816 1645 1842 aut
1671 1810 1805 1842 aliorum
1832 1810 1920 1842 simi-

1178 1864 1257 1895 lium
1283 1863 1395 1895 subire
1414 1862 1601 1901 tenean'iini,
1620 1873 1679 1895 nec
1694 1872 1751 1905 per
1768 1863 1920 1896 Gamerae

1179 1916 1389 1959 Apostolicae
1415 1921 1469 1947 aut
1486 1915 1566 1948 alios
1588 1916 1842 1956 commissarios,
1863 1926 1920 1948 seu

1178 1969 1385 2010 vectigalium
1404 1975 1434 2001 et
1453 1968 1645 2001 tributorum
1666 1969 1850 2002 huiusmodi
1869 1979 1921 2002 re-

1180 2023 1386 2065 demptores,
1413 2022 1627 2054 conductores
1664 2027 1696 2053 et
1732 2027 1920 2061 exactores,

1180 2085 1386 2118 quocumque
1404 2074 1586 2117 privilegio,
1605 2074 1809 2117 exemptione
1828 2080 1859 2107 et
1877 2074 1920 2106 sa-

1180 2130 1298 2161 eultate
1316 2128 1475 2168 suffultos,
1495 2128 1573 2161 alias
1599 2138 1695 2170 quam
1721 2134 1755 2159 ut
1780 2128 1922 2170 praeser-

1182 2187 1232 2212 tur
1258 2182 1391 2213 valeatis
1417 2180 1571 2213 coarctari
1590 2180 1762 2223 (quamdiu
1783 2180 1920 2214 servitiis

1179 2234 1299 2266 nostris
1325 2234 1509 2266 institeritis
1536 2234 1723 2275 dumtaxat)
1751 2233 1921 2266 eximimus

1181 2294 1212 2321 et
1235 2288 1422 2320 liberamus.

1225 2342 1285 2383 §3
1303 2341 1350 2373 Ad
1362 2341 1443 2373 haee
1462 2340 1628 2373 vobiscum
1644 2345 1760 2372 etcum
1775 2339 1924 2382 quolibet
1948 2371 1951 2373 ,

1183 2446 1356 2479 dissimilia
1375 2447 1423 2478 vel
1449 2446 1609 2489 simplicia
1634 2445 1752 2478 similia
1777 2446 1835 2478 sub
1860 2445 1922 2477 sin-

1182 2501 1265 2543 gulis
1293 2500 1394 2532 tribus
1414 2499 1506 2532 tectis
1525 2509 1802 2541 quarumcumque
1824 2498 1921 2530 trium

1183 2553 1421 2586 cathedralium
1461 2552 1558 2584 etiam
1594 2551 1920 2594 metropolitanarum

1925 175 1974 199 An.
1990 173 2019 199 C.
2041 172 2110 202 1730

1180 2399 1323 2427 vestrum
1345 2393 1532 2436 respective,
1552 2398 1587 2425 ut
1612 2403 1835 2436 quaecumque
1857 2367 2116 2425 duofgffyflgigg'gffl,

2146 1024 2178 1435 ῆῐψέἕοέψᾳῖθᾋῑῶἣέ

1956 2343 2024 2369 Super
2039 2340 2118 2362 benaa·
2140 2327 2144 2355 «⁷
2178 2350 2182 2356 -
