2182 3137
47 233 98 256 An.
116 230 144 255 C.
169 229 234 255 1732

60 438 159 461 Quisnam
172 443 233 463 prae*

47 464 156 484 ferendus.

107 874 181 902 AEtatis
211 876 231 892 et

59 902 216 930 exercitationis

48 929 160 953 requisita.

116 1414 229 1439 Priiitrgia

47 1440 85 1460 sub
95 1442 146 1461 certi
159 1447 228 1461 oneris

47 1466 166 1487 conditione
182 1474 228 1493 pro·

46 1493 122 1514 sessori
144 1500 228 1514 count-s-

46 1525 76 1540 sa.

871 227 1013 250 cmiii-:Ns
1036 228 1081 251 xu
1105 229 1153 251 PP.
1663 222 1728 255 333

245 277 296 316 qui
319 286 372 317 pro
395 282 526 316 tempore
548 275 767 306 substitutionis
783 284 853 304 suae
869 275 986 314 privile-
1030 276 1146 305 modum
1170 277 1260 306 ceteri
1287 277 1392 307 fratres
1423 278 1453 307 in
1485 278 1586 308 eodem
1619 284 1765 309 conventu

245 327 321 364 giis,
355 327 421 356 aliis
453 325 615 356 lectoribus
651 324 820 364 provinciae
857 324 986 361 legitime
1028 323 1101 352 altas
1123 325 1277 363 assignati,
1292 327 1498 365 provideatur,
1524 327 1572 357 sed
1593 329 1680 357 etiam
1696 338 1767 366 gau-

245 374 497 414 competentibus‚
521 375 647 404 fruatur.
1028 371 1093 401 deat
1116 373 1253 403 omnihus
1275 379 1303 404 et
1326 375 1451 413 singulis
1484 376 1645 414 privilegiis
1667 382 1695 406 et
1717 386 1766 406 ex-

284 433 324 453 1v.
348 423 379 453 ln
403 425 477 453 nova
498 423 642 453 electione
663 422 717 451 filii
733 425 896 450 conventus
918 429 985 449 eum
1027 421 1240 461 emptionibuS,
1255 423 1361 462 quibus
1377 424 1541 454 lectoresin
1555 426 1678 463 collegio
1690 426 1767 455 eius-

244 473 410 511 praeferant
431 472 483 511 qui
503 472 593 501 semel
615 471 650 500 ad
673 471 702 500 id
724 469 857 499 muneris
874 477 986 498 assum·
1027 468 1092 498 dem
1106 476 1269 500 conventus
1281 472 1410 510 legitime
1430 474 1594 512 potiuntur,
1611 479 1661 504 aut
1677 475 1765 514 potiri

245 525 311 559 ptus
336 522 439 558 fuerit,
462 521 487 550 si
510 520 625 550 muneri
647 529 700 549 suo
723 523 807 548 antea
832 518 917 556 plene
939 526 984 546 sa·
1027 524 1264 556 consueverunt,
1289 530 1322 550 ac
1350 521 1472 560 insuper
1504 523 1666 562 respective
1698 523 1769 553 insi-

243 569 385 598 tisfecisse
400 569 608 608 compererint,
632 568 689 597 nisi
712 567 740 596 in
763 575 908 596 concursu
931 566 985 594 fra·
1027 566 1135 603 gnibus
1156 567 1224 596 aliis
1247 569 1418 606 privilegiis,
1443 570 1517 600 infra
1542 572 1718 601 auctoritate
1740 582 1768 601 a-

243 618 296 647 tris
323 618 456 648 extranei
484 622 618 647 occurrat
641 616 719 646 fitius
740 619 904 645 conventus
925 614 986 643 Mu-
1028 616 1167 653 postolica
1200 626 1252 656 per
1283 627 1337 647 nos
1372 619 1577 650 decernendis.
1611 621 1664 656 Qui
1700 631 1767 651 vero

244 666 379 702 tinensis,
399 671 460 696 tum
484 666 638 704 Regiensis
660 670 711 695 aut
732 663 937 702 Corrigiensis,
953 667 985 692 ut
1027 664 1146 693 realiter
1168 669 1195 694 et
1217 675 1284 695 cum
1307 667 1422 704 effectu,
1445 668 1589 705 absolute,
1614 671 1656 699 vet
1679 671 1767 700 etiam

243 723 330 753 supra
347 738 354 752 ,
384 715 558 753 opportunis
587 713 778 753 qualitatibus
804 713 984 749 instructus,
1028 713 1062 742 ad
1085 713 1203 753 aliquod
1227 720 1352 754 tempus,
1370 726 1421 755 pro
1438 719 1596 756 praedictis
1617 720 1768 750 scholasti-

242 772 328 802 quem
345 763 374 792 in
391 773 444 792 usu
461 762 626 801 praedictae
648 762 803 790 cathedrae
819 761 986 800 praeferen-
1028 762 1070 791 cis
1092 762 1293 793 functionibus
1316 765 1345 793 in
1368 766 1471 795 eadem
1505 768 1698 798 universitate
1720 770 1768 799 de-

241 811 311 841 dum
334 812 391 841 iam
414 812 553 841 diximus.
1028 811 1230 847 terminatum,
1254 813 1341 842 etiam
1365 813 1401 843 ob
1426 815 1584 852 praecisam
1608 816 1767 856 discipulo-

284 869 310 889 ν.
329 861 402 889 Cum
419 861 523 889 aetatis
539 859 695 889 maturitas
716 868 750 888 ac
772 858 940 888 diuturnior
955 858 985 887 in
1028 868 1093 887 rum
1116 861 1289 898 carentiam,
1314 862 1418 891 eadem
1441 873 1498 892 non
1528 865 1694 902 perfecerit,
1719 866 1770 895 ab·

243 908 375 938 docendo
398 909 571 938 exercitatio
594 908 753 947 plurimum
775 908 929 937 conferant
950 908 985 937 ad
1027 908 1122 937 solute
1144 909 1293 947 similiter,
1318 911 1363 940 vel
1385 911 1420 940 ad
1443 911 1518 941 idem
1543 918 1670 952 tempus,
1689 915 1768 945 nullo

242 957 432 985 erudiendam
456 966 523 986 cum
547 962 689 996 proventu
723 962 751 986 et
783 957 985 986 aestimatione
1028 958 1144 996 penitus
1166 968 1201 988 ex
1223 959 1322 996 dictis,
1349 961 1441 989 multo
1463 962 1556 999 magis
1578 972 1613 992 ex
1635 963 1768 994 dicendis

242 1005 441 1043 iuventutem,
465 1006 565 1036 nullus
587 1006 714 1043 eligatur
736 1007 765 1035 in
789 1007 983 1045 professorem
1027 1006 1201 1045 privilegiis,
1225 1008 1366 1045 gaudeat3
1388 1009 1437 1038 sed
1462 1020 1514 1048 per
1537 1011 1665 1049 priorem
1680 1037 1687 1049 ,
1711 1013 1767 1043 nisi

244 1054 399 1084 cathedrae
423 1056 581 1094 praefatae,
605 1055 655 1094 qui
678 1056 779 1085 saltem
798 1065 849 1094 per
867 1065 918 1084 sex
934 1065 985 1084 an—
1027 1054 1145 1085 aliunde
1167 1056 1204 1085 sit
1226 1058 1367 1087 canonice
1390 1063 1554 1098 exemptus,
1578 1061 1613 1089 ad
1631 1061 1767 1091 diurnam

241 1113 294 1133 nos
317 1113 383 1133 cum
408 1104 519 1133 eximia
541 1104 626 1133 laude
650 1109 735 1133 antea
771 1114 828 1133 non
862 1104 982 1142 legerit,
1005 1120 1006 1139 Ι
1027 1109 1054 1133 et
1077 1109 1251 1134 nocturnam
1274 1107 1421 1145 sequelam
1442 1109 1536 1145 chori,
1554 1115 1641 1148 atque
1657 1110 1693 1140 ad
1709 1111 1765 1140 alia

241 1157 280 1188 et,
305 1153 401 1191 quoad
424 1152 487 1182 fieri
512 1153 638 1191 poterit,
662 1154 687 1182 is
709 1153 846 1191 eligatur,
870 1154 920 1192 qui
945 1154 985 1182 le-
1026 1153 1178 1191 religionis
1200 1156 1354 1191 exercitia,
1379 1161 1528 1195 tamquam
1553 1167 1621 1188 vere
1644 1170 1720 1190 unus
1733 1170 1765 1189 ex

241 1201 369 1231 ctionem
394 1202 564 1240 primariam
588 1202 764 1240 theologiae,
790 1203 833 1231 vel
858 1212 910 1241 pro
926 1204 985 1242 pri·
1027 1202 1160 1240 patribus
1183 1203 1367 1243 simplicibus
1390 1211 1563 1243 conventus,
1587 1208 1651 1246 cogi
1676 1210 1764 1248 possit

242 1250 337 1279 maria,
358 1249 394 1279 ab
416 1249 536 1280 Ordinis
559 1251 700 1288 magistro
723 1251 926 1290 approbatam,
948 1251 983 1281 ad
1005 1262 1006 1266 ¹
1026 1261 1058 1280 ac
1081 1251 1196 1281 debeat.

241 1299 369 1338 aliquem
392 1309 502 1328 annum
526 1309 559 1329 ac
581 1300 668 1329 etiam
692 1300 726 1329 ad
745 1301 904 1330 triennium
923 1310 985 1339 per·
1066 1309 1115 1330 vn.
1139 1302 1193 1336 Qui
1223 1302 1307 1332 modo
1340 1304 1488 1342 praedicto
1521 1305 1604 1334 datus
1626 1306 1715 1336 fuerit
1736 1307 1764 1337 in

241 1349 353 1378 fecerit,
1027 1350 1234 1387 professorem,
1253 1355 1340 1389 atque
1364 1357 1428 1390 post
1450 1354 1596 1391 expletam
1613 1355 1765 1385 lectionem

281 1405 318 1426 vi.
343 1397 534 1427 Attendentes
557 1397 673 1427 labores
698 1398 864 1436 singulares
888 1399 986 1428 cathe-
1026 1399 1209 1437 primariam,
1228 1400 1272 1429 vel
1295 1409 1309 1429 a
1329 1402 1469 1439 magistro
1484 1402 1601 1432 Ordinis
1624 1413 1675 1443 pro
1698 1409 1768 1434 tem-

241 1446 311 1476 (trae
333 1446 451 1476 Ordinis
482 1448 574 1476 nostri
589 1470 596 1482 ,
620 1457 694 1486 quos
716 1448 901 1487 saepedictus
922 1458 986 1487 pro·
1028 1456 1096 1486 pore
1120 1457 1171 1486 pro
1191 1448 1332 1486 primaria
1350 1450 1552 1489 approbatam,
1573 1453 1634 1482 sive
1657 1454 1692 1483 acl
1716 1455 1769 1484 mi-

240 1496 341 1531 fessor,
365 1500 393 1525 et
414 1496 533 1534 quidem
560 1496 623 1525 sine
645 1496 705 1526 ullo
729 1497 882 1535 temporali
904 1506 983 1526 emo-
1027 1506 1081 1526 nus
1104 1502 1169 1536 post
1191 1503 1324 1528 exactum
1349 1499 1493 1537 integrum
1519 1501 1548 1530 in
1574 1501 1695 1539 legendo
1717 1513 1769 1532 no-

241 1544 372 1574 lumento
395 1545 463 1577 (cui
494 1545 567 1575 alias
600 1545 702 1575 obesse
728 1546 864 1576 nolumus
886 1551 914 1576 et
936 1546 986 1576 de·
1005 1565 1007 1573 ι
1029 1546 1166 1575 vennium
1182 1569 1188 1581 ‚
1214 1556 1264 1584 per
1295 1547 1367 1576 alios
1399 1553 1525 1586 quatuor
1547 1559 1639 1579 annos
1667 1551 1767 1589 legerit

242 1593 404 1631 claramus,
428 1595 451 1623 si
476 1595 592 1633 quando
614 1596 687 1624 sorte
710 1604 747 1624 ex
770 1600 916 1625 conventu
940 1596 984 1624 vel
1005 1589 1007 1614 Ι
1027 1595 1170 1633 condigne
1193 1597 1355 1626 secundum
1380 1598 1543 1635 praedictas
1559 1599 1637 1637 leges
1656 1606 1684 1629 et
1699 1611 1767 1630 con-

242 1643 360 1672 aliunde
393 1643 487 1672 eidem
519 1644 625 1673 futuris
660 1644 840 1682 temporibus
868 1650 985 1683 propter
1005 1668 1006 1675 ,
1027 1645 1210 1681 suetudines,
1229 1650 1256 1675 et
1272 1647 1488 1676 attestationem
1511 1658 1525 1676 a
1549 1649 1714 1679 rectoribus
1737 1661 1769 1679 u-

243 1692 373 1730 insignes
403 1692 519 1722 labores
551 1693 630 1731 ipsos
663 1693 773 1731 aliquid
807 1693 982 1731 obveniat),
1028 1693 1209 1723 niversitatis
1232 1699 1318 1733 atque
1350 1704 1364 1723 a
1392 1695 1486 1725 tribus
1509 1697 1610 1726 saltem
1634 1698 1767 1736 patribus

242 1746 330 1780 atque
354 1741 425 1771 adeo
447 1742 512 1771 sine
535 1742 680 1780 exemplo,
698 1742 727 1771 in
743 1744 775 1771 ea
794 1742 983 1772 universitate
1027 1751 1060 1771 ex
1083 1742 1269 1780 gravioribus
1291 1744 1361 1773 dicti
1380 1749 1543 1775 conventus
1566 1746 1765 1785 subscriptam

243 1791 343 1820 subire
377 1790 465 1821 dehet
496 1801 529 1820 ac
562 1793 710 1830 perferre;
734 1791 923 1821 decernimus
956 1796 984 1821 et
1026 1792 1061 1821 de
1086 1801 1153 1821 vere
1176 1793 1295 1822 realiter
1317 1804 1349 1822 ac
1380 1793 1567 1824 laudabiliter
1589 1805 1655 1825 cmn
1679 1797 1766 1826 disci<

243 1840 433 1877 mandamus,
458 1845 603 1878 quatenus
631 1841 789 1879 professor,
813 1841 862 1880 qui
885 1841 981 1870 omnia
1003 1828 1005 1855 Ι
1028 1841 1161 1878 palorum
1187 1847 1329 1879 proventu
1363 1846 1390 1871 et
1425 1843 1630 1873 aedificatione
1668 1847 1767 1883 proxi-

242 1892 270 1917 οἱ
292 1888 405 1925 singula
430 1890 611 1927 praescripta
636 1899 686 1928 per
709 1890 786 1927 legas
810 1894 836 1919 et
860 1900 983 1919 consue-
1028 1899 1140 1919 inorum
1165 1896 1282 1928 peracto
1297 1914 1304 1925 ,
1329 1892 1373 1920 vot
1397 1893 1562 1930 propediem
1595 1894 1767 1932 complendo

243 1937 370 1974 tudines,
394 1946 446 1976 pro
469 1937 614 1966 dictandis
636 1942 664 1967 et
681 1938 861 1976 explicandis
878 1939 982 1977 electio·
1026 1939 1075 1967 nto
1098 1940 1313 1977 quadriennio,
1338 1941 1465 1979 capitulo
1489 1943 1659 1979 provinciali
1683 1943 1766 1973 exhi-

243 1986 351 2023 nibus,
385 1996 437 2025 pro
469 1986 657 2016 conferentiis
689 1992 717 2016 et
744 1988 983 2018 conclusionilms
1003 1976 1005 2018 ,Ι
1026 1987 1146 2025 buerit,
1172 1989 1263 2027 possit
1295 1998 1328 2018 ac
1362 1989 1465 2019 debeat
1497 1991 1531 2019 ad
1565 1992 1765 2029 magisterium

243 2040 299 2064 tam
323 2035 444 2073 privatis
467 2045 555 2074 quam
589 2035 735 2074 publicis,
765 2046 817 2065 nec
842 2046 896 2065 non
932 2047 982 2075 pro
1026 2037 1148 2075 simplex
1171 2037 1206 2066 ab
1229 2038 1330 2066 eodem
1348 2039 1476 2077 capitulo
1494 2039 1646 2077 postulari,
1664 2050 1766 2079 quem-

242 2084 348 2114 ceteris
371 2084 606 2124 quibuscumque
629 2084 658 2114 in
686 2087 815 2123 praefata
837 2086 983 2115 universi·
1002 2082 1005 2131 Ι
1026 2085 1180 2114 admodum
1214 2090 1242 2115 et
1275 2086 1309 2115 ad
1343 2087 1547 2123 magisterium
1581 2088 1764 2118 studentium

242 2138 299 2163 tate
334 2134 415 2163 iuxta
449 2134 543 2173 ipsius
580 2134 781 2164 kalendarium
819 2140 847 2164 et
881 2135 981 2164 stilum
1002 2136 1005 2170 Ι
1026 2135 1055 2163 in
1079 2135 1175 2164 studio
1198 2136 1328 2173 generali
1352 2137 1532 2166 Bononiensi
1555 2138 1761 2175 exercendum3

241 2182 505 2213 exercitationibus
538 2182 699 2219 habendis,
723 2183 927 2221 laudabiliter,
952 2189 982 2213 ut
1002 2171 1005 2219 Ι
1026 2183 1082 2212 nisi
1104 2184 1178 2212 alias
1200 2188 1284 2213 antea
1307 2185 1369 2214 suis
1391 2185 1576 2223 exigentibus
1593 2187 1706 2216 meritis
1727 2187 1763 2217 ad

242 2241 329 2272 supra
353 2236 381 2262 et
404 2233 477 2262 infra
494 2257 501 2269 ,
525 2233 680 2272 perfecerit
705 2233 793 2266 (itant
815 2233 877 2262 solo
900 2234 982 2263 infir-
1002 2230 1004 2269 Ι
1027 2233 1079 2262 hoc
1102 2234 1246 2271 posterius
1270 2234 1371 2263 fuisset
1394 2235 1567 2273 postulatus.
1586 2235 1664 2264 ldem
1683 2246 1763 2272 vero,

244 2281 354 2311 mitatis
380 2282 520 2319 actualis,
545 2281 588 2310 vel
618 2282 748 2319 urgentis
779 2283 981 2312 tantummodo
1002 2282 1003 2323 Ι
1026 2283 1215 2320 proportione
1238 2284 1331 2321 quoad
1356 2293 1447 2312 annos
1480 2287 1616 2322 servata,
1642 2286 1691 2315 {iat
1715 2295 1765 2324 pro

241 2330 274 2359 ad
299 2340 407 2370 paucos
429 2330 491 2360 dies
512 2330 611 2368 gravis
634 2331 830 2368 necessitatis,
856 2341 906 2370 pcr
922 2342 982 2361 ma-
1001 2324 1003 2349 Ι
1025 2341 1058 2360 eo
1081 2332 1130 2370 qui
1163 2341 1215 2370 per
1244 2332 1341 2370 plures
1363 2342 1449 2370 quam
1474 2342 1524 2371 per
1546 2343 1649 2362 novem
1673 2344 1766 2364 annos

241 2379 364 2417 gistrum
390 2379 520 2417 Ordinis,
538 2380 700 2419 capitulum
721 2381 912 2419 provinciale,
931 2388 980 2411 aut
1001 2410 1002 2429 Ι
1025 2380 1150 2418 legerit,
1176 2381 1345 2419 prinsquam
1369 2381 1403 2409 ad
1428 2381 1595 2411 cathedram
1620 2383 1698 2412 illam
1722 2394 1766 2413 as⁴

241 2429 328 2459 etiam
354 2438 404 2468 per
427 2433 539 2467 patrem
570 2429 779 2467 provincialem
814 2430 981 2468 provinciae
1001 2437 1002 2463 t
1024 2433 1167 2458 sumatur.

242 2478 408 2517 praedictae
424 2477 548 2506 subinde
565 2478 829 2515 recognoscendae,
846 2478 979 2515 obtentu,
1001 2470 1003 2520 Ι
1065 2487 1122 2507 vm.
1147 2478 1200 2513 Qui
1229 2483 1293 2516 post
1321 2477 1551 2516 quindennium,
1575 2489 1608 2509 ex
1641 2480 1764 2511 decretis

240 2531 267 2556 et
291 2536 347 2556 non
371 2526 427 2556 alio
450 2535 635 2565 quocumque
659 2531 821 2565 praetextu,
846 2528 890 2557 vel
909 2528 980 2567 ipsis
1001 2525 1002 2555 ἶ
1023 2528 1191 2566 apostolicis
1213 2527 1285 2555 alias
1308 2527 1500 2565 requisitum,
1528 2528 1570 2557 vet
1597 2534 1660 2567 post
1683 2538 1766 2568 prae-

241 2576 284 2606 vel
308 2576 438 2615 ipsorum
459 2575 606 2614 aliquibus
622 2576 792 2615 eximatur),
812 2585 869 2606 non
886 2577 980 2607 solum
1000 2594 1002 2614 t
1023 2577 1132 2606 dictum
1167 2581 1282 2614 tempus
1319 2585 1369 2614 pro
1405 2576 1541 2605 cathedra
1576 2578 1603 2605 S.
1637 2577 1764 2609 Thomae

240 2625 274 2654 de
291 2625 379 2659 victu,
396 2624 514 2661 vestitu,
538 2634 571 2653 ac
588 2624 823 2662 medicinalibus,
841 2626 980 2664 quemad·
1001 2617 1003 2649 Ι
1023 2636 1056 2655 ex
1090 2625 1271 2654 Sanctissimi
1306 2625 1493 2654 concessione
1526 2626 1694 2664 sufficiens,
1728 2627 1762 2656 ad

309 2682 386 2708 Ball.
411 2682 491 2708 Rom.
516 2697 546 2701 —
571 2682 630 2708 Vol.
655 2682 761 2708 XXIII.
924 2683 959 2709 50

1775 234 1822 256 Αιι.
1840 232 1867 256 (1¹.
1892 231 1960 257 ¹732

1835 1322 1962 1342 infimitate

1778 1350 1903 1374 apustohcfi.

1816 2498 1959 2523 Magis-ternum

1776 2527 1912 2548 studentium.
