2182 3137
46 256 103 284 ἒΑΙι.
122 254 153 282 (5.
172 253 241 282 1733

287 303 401 337 Datum
428 305 568 347 Romae,
596 306 682 350 apud
707 306 738 340 S.
768 306 898 339 Mariam
924 307 986 340 Ma-

245 357 364 399 iorem,
391 359 450 391 sub
476 359 599 392 annulo
625 359 810 400 piscatoris,
836 359 887 393 die
908 370 985 394 xxm

244 409 313 443 iulii
361 421 576 453 unccxxmu,
619 413 830 456 pontificatus
881 414 984 447 nostri

242 474 328 496 anno
359 475 400 498 iv.

281 525 338 553 Dat.
361 526 405 553 die
425 526 459 553 23
479 527 537 554 iulii
562 528 636 561 1733,
658 528 753 564 pontif.
770 537 839 556 anno
859 535 895 556 tv.

572 584 604 616 F.
635 585 722 617 card.
752 584 937 618 Otltvnntus.

590 737 637 770 Cl.

242 803 423 847 Decretum,
452 811 488 840 ul
512 807 661 851 deinceps
682 813 874 852 procurator
896 819 986 851 yene-

285 859 370 891 ralis
385 870 445 903 pro
460 865 598 904 tempore
613 861 879 905 Conyreyaliow's
896 862 986 895 Mon-

288 913 329 944 tis
345 911 465 946 Oliveti
477 914 618 946 insimul
630 914 727 947 abhas
740 915 783 948 sil
795 915 986 948 monasterii

285 965 317 999 S.
340 966 467 1000 Mariae
483 967 592 1001 Novae
609 968 646 1001 (lc
670 967 760 1002 Urbe.

455 1048 588 1076 Clemens
610 1050 692 1083 Papa
707 1050 770 1084 ΧΠ,

382 1093 419 1119 ad
439 1092 575 1121 futuram
595 1094 641 1121 rei
657 1094 842 1122 memoriam.

3 1173 11 1187 v*
63 1167 138 1190 Potitio
152 1169 230 1194 quibus

3 1204 9 1218 t
50 1195 118 1216 iniiixa
142 1196 231 1217 rationi-

1 1229 11 1246 ο
49 1220 97 1243 bus.

285 1162 352 1206 51.
380 1163 506 1207 Exponi
541 1175 646 1208 nuper
678 1166 754 1199 fecit
788 1167 923 1199 dilectus
949 1166 983 1199 fi-

237 1216 302 1249 ·lius
322 1217 499 1250 modernus
518 1224 712 1262 procurator
728 1220 890 1262 generalis
908 1219 984 1253 Con-

243 1271 442 1313 grcgationis
468 1271 583 1305 Montis
609 1272 723 1306 Oliveti
742 1274 982 1307 monachorum

242 1323 373 1358 Ordinis
399 1326 500 1358 sancti
528 1326 705 1367 Benedicti,
731 1321 915 1371 quod‘mos
936 1333 984 1362 est

242 1378 346 1421 ipsius
370 1378 639 1422 Congregationis
665 1386 699 1413 ut
723 1381 808 1415 illius
834 1393 984 1426 procura-

241 1437 291 1465 tor
315 1433 491 1475 generalis,
516 1434 645 1477 expleto
670 1445 729 1468 suo
755 1435 869 1476 officio,
885 1436 983 1470 abba-

241 1485 316 1518 tiam
342 1487 532 1520 monasterii
569 1487 600 1520 S.
629 1487 745 1522 Mariae
771 1485 878 1523 Novae
904 1500 983 1522 nun-

240 1544 392 1582 cupatam
419 1540 458 1573 de
484 1540 568 1574 Urbe
587 1541 693 1575 dictae
710 1542 982 1586 Congregationis

23 1593 25 1595 '
242 1592 400 1634 obtineat;
426 1594 481 1627 sed
506 1595 722 1638 plurimorum
747 1607 905 1630 annorum
931 1607 982 1630 ex-

20 1658 25 1682 ÷
241 1646 401 1689 perientia
427 1646 544 1680 detexit
563 1648 648 1681 varia
666 1648 879 1690 incommoda,
899 1661 981 1694 quae

21 1684 25 1732 l
242 1709 279 1732 ex
305 1699 466 1734 divisione
494 1701 525 1734 in
551 1702 629 1735 duas
666 1713 823 1746 personas
860 1703 983 1737 officio-

25 1758 27 1789 l
241 1763 311 1786 rum
339 1755 558 1797 procuratoris
588 1756 752 1798 generalis
789 1762 821 1789 et
857 1756 980 1790 abbatis

26 1820 27 1823 ¹
240 1808 430 1841 monasterii
469 1808 656 1842 huiusmodi
698 1809 907 1853 proveniunt.
947 1810 981 1843 In

241 1861 353 1905 primis
379 1872 471 1903 vero,
499 1862 525 1895 si
552 1862 604 1895 isti
631 1863 694 1896 duo
720 1863 908 1907 superiores
934 1865 982 1897 in-

240 1915 341 1948 vicem
368 1915 453 1949 haud
480 1917 698 1957 conveniant,
726 1923 828 1961 prout
852 1919 982 1962 saepius

242 1967 385 2009 accidit,
428 1969 614 2013 religiosam
657 1981 771 2014 pacem
810 1982 846 2005 ac
889 1977 979 2005 tran-

24 2049 27 2077 ?
242 2021 437 2066 quillitatem
483 2023 569 2056 inter
616 2024 798 2057 monachos
847 2025 979 2068 praela-

24 2082 28 2117 ‘s
243 2080 293 2108 tae
317 2075 589 2119 Congregationis
614 2087 680 2110 non
704 2088 817 2120 parum
854 2083 983 2121 pertur-

25 2134 29 2166 ᾖ
241 2128 338 2171 bari,
367 2129 554 2174 dictumque
585 2131 818 2164 monasterium
856 2132 982 2165 tametsi

27 2190 29 2195 ’
242 2183 357 2217 annuis
395 2183 579 2217 redditibus
606 2183 739 2218 minime
764 2185 840 2218 satis
867 2185 984 2218 instru-

26 2206 29 2254 Ι
242 2242 337 2278 ctum,
353 2237 475 2281 duplici
490 2238 665 2282 dispendio
684 2249 743 2282 pro
762 2249 875 2272 eorum
894 2239 984 2272 subs-

241 2291 419 2324 tentatione
445 2291 585 2332 onerari,
613 2303 713 2336 quum
736 2293 837 2336 ipsius
855 2303 985 2326 monas-

243 2344 330 2386 terii,
358 2344 509 2389 illiusque
535 2346 801 2388 necessitatibus,
829 2357 866 2380 ac
890 2357 984 2390 prae-

242 2398 324 2431 fatae
349 2397 620 2442 Congregationis
640 2400 786 2443 negociis
804 2411 863 2444 per
882 2411 983 2434 unum

243 2460 279 2483 ex
306 2451 400 2484 dictis
426 2452 552 2486 duobus
577 2454 804 2497 superioribus
823 2453 984 2487 sussicien-

243 2509 291 2536 ter
326 2504 489 2547 provideri
527 2506 671 2547 valeret,
710 2506 983 2550 quemadmodum

242 2556 452 2591 laudabiliter
484 2559 603 2591 servari
632 2565 832 2593 memoratur
862 2565 924 2593 tam
951 2559 984 2592 in

243 2616 401 2644 conventu
437 2610 468 2644 S.
504 2611 622 2646 Mariae
660 2613 699 2646 de
737 2613 816 2647 Pace
853 2612 982 2647 Ordinis

242 2663 476 2699 Canonicorum
502 2664 714 2710 Regularium
746 2667 849 2702 sancti
876 2667 984 2711 Augu-

865 257 1007 282 CLEMENS
1033 258 1080 283 ΧΠ
1103 259 1154 284 ΡΡ,

1030 308 1103 341 stini
1129 308 1398 352 Congregationis
1416 311 1652 353 LateranensiS,
1671 323 1769 356 quam

1030 360 1061 392 in
1088 363 1286 396 monasterio
1312 363 1343 397 S.
1371 364 1480 398 Crucis
1507 365 1536 398 in
1556 365 1770 405 Hierusalem,

1030 413 1125 446 etiam
1152 415 1333 458 respective
1361 418 1570 461 nuncupatis,
1594 418 1632 451 de
1658 419 1770 452 eadem

1031 465 1125 507 Urbe,
1141 469 1375 502 monachorum
1394 470 1523 503 Ordinis
1542 471 1768 505 cisterciensis

1006 551 1007 555 ,
1028 518 1297 563 Congregationis
1312 523 1532 563 Lombardiae,
1552 535 1587 558 ac
1609 532 1768 558 servatum

1030 583 1157 617 quoque
1196 575 1255 607 suit
1288 576 1319 608 in
1346 576 1486 619 ipsamet
1510 577 1769 621 Congregatione

1029 626 1144 660 Montis
1169 627 1283 661 Oliveti
1309 639 1394 662 anno
1420 640 1578 671 uncxctu,
1602 642 1667 675 quo
1694 639 1770 665 tunc

1031 679 1060 711 in
1088 679 1237 713 humanis
1262 692 1363 723 agens
1388 682 1485 716 abbas
1511 684 1647 718 loannes
1674 686 1770 718 Fran-

1029 731 1132 765 ciscus
1173 732 1296 766 Fossati
1337 734 1589 769 Mediolanensis
1632 744 1770 782 utroque

1005 814 1007 819 .
1028 795 1161 820 munere
1187 789 1408 830 procuratoris
1434 791 1596 831 generalis
1621 796 1652 824 et
1677 792 1772 825 abba-

1031 838 1067 871 tis
1093 840 1250 882 praedicti
1270 842 1506 876 monasteriis.
1527 843 1643 876 Mariae
1665 844 1770 878 Novae

1030 892 1158 926 functus
1181 893 1253 926 suit.
1274 893 1395 932 Quibus
1421 896 1560 937 accedit,
1588 897 1685 940 quod,
1703 909 1771 941 par-

1029 946 1132 979 cendo
1169 947 1351 991 sumptibus
1388 949 1536 983 eiusdem
1567 952 1769 993 monasterii,

1029 1000 1143 1033 melius
1169 1001 1371 1035 constabiliri
1398 1003 1430 1036 in
1456 1014 1494 1037 eo
1524 1010 1637 1048 posset
1672 1007 1772 1040 colle-

1029 1054 1114 1097 gium
1140 1055 1360 1090 studiosorum
1387 1057 1427 1090 ab
1455 1058 1603 1092 universa
1633 1058 1772 1103 Congre-

1029 1108 1158 1150 gatione
1184 1108 1300 1142 Montis
1325 1110 1440 1143 Oliveti
1467 1122 1675 1156 summopere
1695 1124 1771 1146 exo-

1028 1167 1162 1204 ptatum,
1189 1173 1326 1206 quorum
1355 1164 1403 1198 vix
1423 1171 1562 1208 quatuor
1579 1177 1665 1199 nunc
1682 1168 1770 1200 alere

1028 1221 1154 1258 potest:
1182 1216 1281 1260 idque
1306 1228 1344 1251 eo
1370 1219 1474 1251 serius
1499 1220 1771 1254 considerandum

1027 1268 1135 1309 venit,
1161 1271 1249 1313 quod
1275 1271 1458 1305 litterarum
1484 1274 1588 1306 studia
1614 1275 1772 1317 regulari-

1027 1322 1086 1355 bus
1124 1322 1280 1357 institutis
1316 1335 1381 1358 non
1418 1327 1523 1360 solum
1549 1327 1713 1370 splendori
1740 1334 1772 1362 et

1028 1382 1233 1417 ornamento,
1260 1388 1372 1411 verum
1391 1379 1488 1412 etiam
1506 1380 1544 1413 ad
1562 1391 1675 1414 eorum
1695 1392 1772 1415 con-

1027 1431 1240 1464 servationem
1267 1433 1453 1466 necessaria
1479 1444 1548 1468 esse
1568 1440 1768 1476 noscuntur;

1027 1485 1063 1516 ea
1089 1489 1195 1518 autem
1221 1484 1367 1518 adhibita
1395 1487 1534 1528 ratione,
1561 1488 1693 1521 iuvenes
1719 1499 1770 1522 re-

1027 1536 1134 1580 ligiosi
1170 1538 1285 1572 maiori
1312 1550 1447 1573 numero
1473 1540 1506 1573 in
1532 1540 1617 1574 idem
1643 1552 1770 1575 monas-

1028 1591 1142 1624 terium
1168 1592 1344 1634 collocari,
1372 1593 1482 1637 ibique
1519 1594 1650 1628 educari
1687 1597 1771 1629 vale-

1027 1651 1120 1687 rent,
1145 1646 1220 1689 qui,
1246 1652 1378 1691 peracto
1404 1647 1436 1680 in
1462 1648 1533 1681 aliis
1560 1648 1662 1682 dictae
1688 1648 1771 1683 Con-

1027 1698 1225 1741 gregationis
1264 1699 1379 1733 Montis
1415 1700 1530 1735 Oliveti
1565 1703 1771 1736 monasteriis

1027 1752 1207 1786 studiorum
1232 1764 1349 1796 cursu,
1376 1754 1543 1788 uberiores
1577 1755 1609 1788 in
1644 1756 1770 1789 eisdem

1026 1805 1144 1838 litteris
1162 1817 1359 1850 progressus
1377 1808 1624 1851 pollicerentur,
1639 1809 1769 1853 quique,

1027 1859 1174 1893 doctrina
1200 1871 1235 1893 ac
1259 1860 1431 1893 virtutibus
1451 1860 1566 1906 super¹
1585 1862 1681 1895 bonis
1706 1873 1772 1895 ma-

1027 1914 1136 1956 gistris
1162 1924 1198 1947 ac
1223 1915 1492 1958 praeceptoribus
1519 1915 1550 1948 in
1569 1916 1683 1949 eodem
1703 1926 1772 1949 mo-

1027 1967 1170 2000 nasterio
1196 1967 1343 2011 apprime
1370 1967 1532 2007 instructi,
1557 1979 1674 2012 magno
1699 1971 1770 2004 usui

1027 2025 1058 2053 et
1099 2020 1229 2054 utilitati
1273 2021 1381 2054 forent
1422 2021 1479 2054 toti
1516 2021 1770 2066 Congregationi

1027 2074 1213 2118 praedictae
1231 2075 1269 2107 ad
1289 2075 1506 2108 exercendam
1526 2086 1636 2109 curam
1653 2077 1773 2111 anima-

1027 2138 1108 2168 rum,
1132 2128 1339 2172 excipiendas
1362 2128 1506 2162 fidelium
1532 2129 1770 2171 consessiones

1029 2181 1188 2224 regendas
1220 2181 1393 2215 cathedras
1411 2209 1419 2222 ,
1447 2187 1478 2215 et
1514 2182 1772 2217 administranda

1027 2236 1209 2278 gubernia,
1251 2242 1363 2280 utpote
1399 2245 1534 2270 munera
1570 2247 1651 2281 quae
1686 2237 1771 2272 viros

1027 2290 1162 2323 seientia
1186 2300 1222 2322 ac
1246 2289 1362 2323 virtute
1388 2289 1555 2333 praeditos
1575 2296 1767 2334 exposcunt.

1027 2342 1149 2381 Quibus
1175 2343 1327 2376 omnibus
1348 2352 1407 2385 per
1425 2347 1637 2376 memoratum
1656 2353 1772 2387 procu-

1028 2400 1169 2429 ratorem
1205 2395 1394 2438 generalem
1430 2395 1539 2428 debite
1577 2396 1769 2439 perpensis,

1028 2448 1110 2492 ipse,
1137 2449 1321 2482 communis
1346 2448 1424 2481 boni
1443 2458 1518 2482 suae
1537 2448 1771 2493 Congregatio-

1029 2503 1076 2536 nis
1095 2503 1221 2544 intuitu,
1235 2502 1364 2536 abbatia
1381 2503 1562 2546 supradicti
1579 2504 1770 2537 monasterii

1027 2556 1058 2590 S.
1087 2556 1203 2590 Mariae
1229 2556 1353 2597 Novae,
1381 2561 1453 2600 post
1477 2555 1604 2590 linitum
1629 2557 1770 2590 officium

1027 2611 1246 2654 procuratoris
1270 2610 1444 2654 generalis,
1471 2620 1535 2655 quo
1557 2610 1595 2643 ad
1613 2621 1769 2654 praesens

1065 2676 1073 2702 1
1098 2674 1193 2704 Potius
1213 2674 1271 2710 lege
1291 2674 1341 2703 sub
1363 2675 1401 2711 (a.
1417 2673 1466 2710 τ.).

1664 250 1728 286 517
1775 262 1824 290 An.
1847 263 1967 291 c.1733
