2182 3137
18 242 73 264 An.
89 238 118 264 C.
141 236 210 264 ¹732

73 509 135 530 Fides
150 511 206 530 tran-

23 538 162 563 sumptorum.

57 1998 119 2019 Pacu
135 1997 208 2018 series.

837 237 982 260 cLEiiENs
1009 237 1052 259 xii
1078 239 1127 261 1¹1¹.

219 286 388 325 mansuris,
404 286 441 319 ad
459 286 712 329 praemissorum
727 285 887 324 effectum,
901 285 960 317 hac

217 339 287 372 vice
313 339 497 378 dumtaxat,
524 338 713 382 specialiter
744 343 776 370 et
807 347 960 380 expresse

219 393 431 434 derogamus:
469 392 651 434 ceterisque
687 390 859 423 contrariis
889 389 961 433 qui-

220 445 438 487 buscumqne.

261 498 276 540 g
307 497 339 530 5.
372 498 528 530 Volumus
564 503 671 529 autem
704 501 741 528 ut
770 496 959 528 earumdem

217 551 439 594 praesentium
457 550 640 583 litterarum
658 548 881 591 t1·ansuinptiS‚
903 558 960 580 seu

217 603 388 646 exemplis,
407 603 504 636 etiam
518 602 696 645 impressis,
709 612 805 634 manu
825 600 962 634 alieuius

217 656 336 689 notarii
373 655 495 698 publici
532 655 724 697 subscriptis
741 681 748 694 ‚
783 660 813 686 et
851 653 961 696 sigillo

218 719 381 752 personae
406 709 439 741 in
465 707 689 741 ecclesiastica
706 707 862 749 dignitate
884 717 962 739 con-

218 762 350 795 stitutae
382 762 539 801 munitis,
566 761 679 794 eadem
713 770 847 803 prorsus
880 760 961 793 fides

218 816 339 858 ubique
364 816 506 848 locorum
544 819 608 846 tam
642 813 675 845 in
708 813 828 846 iudicio
866 823 961 856 quam

218 873 308 900 extra
325 867 404 900 illud
421 867 591 904 habeatur,
608 877 691 909 quae
709 865 789 909 ipsis
808 876 963 909 praesen-

219 920 305 952 tibus
322 920 539 953 adhiberetur
556 921 581 952 si
602 920 708 952 forent
725 919 890 952 exhibitae
913 920 961 952 vel

220 979 384 1006 ostensae.

260 1028 375 1060 Datum
394 1027 531 1066 Romae,
551 1027 635 1070 apud
658 1027 690 1060 S.
710 1027 842 1060 Mariam
863 1027 961 1060 Maio-

216 1091 297 1120 rem,
311 1081 369 1113 sub
385 1081 505 1113 annulo
521 1080 695 1113 Piscator-is
709 1090 895 1121 iinccxxxn,
911 1081 961 1113 die

216 1143 274 1166 xxx
300 1133 429 1176 aprilis,
457 1133 668 1175 pontificatus
694 1132 795 1165 nostri
817 1143 902 1165 anno
924 1143 959 1166 u.

252 1194 312 1221 Dat.
334 1195 377 1221 die
398 1195 432 1221 30
451 1194 546 1229 aprilis
567 1195 649 1227 1732,
671 1194 767 1229 pontis,
790 1203 859 1220 anno
879 1201 906 1221 11.

572 1248 606 1280 F.
627 1249 712 1281 card.
732 1248 914 1281 OLivnnius.

555 1401 618 1433 LX.

220 1471 443 1513 Confirmatur
467 1471 629 1504 decretum
654 1472 694 1503 ab
718 1471 831 1503 abbate
856 1475 883 1504 ct
916 1472 962 1514 os-

260 1525 426 1568 ficialibus
442 1525 712 1568 Conpreycztionis
729 1525 963 1558 ecclesiasticae

261 1579 318 1612 sub
342 1580 545 1612 <invocatione
569 1579 602 1612 S.
629 1579 723 1612 Petri
746 1579 782 1610 in
808 1583 963 1611 conventu

262 1632 320 1666 SS.
356 1633 532 1665 Trinitatis
578 1633 769 1665 Meoeicmzae
810 1633 963 1664 canonice

262 1690 385 1718 erectae
409 1686 548 1725 editum,
573 1696 613 1718 ne
637 1685 831 1718 natilc‘eribus
857 1685 893 1717 in
917 1695 964 1717 eo-

262 1750 338 1772 rum
368 1739 561 1782 collegyium,
594 1739 771 1782 hospitale,
798 1739 910 1771 domus
936 1743 964 1772 ct

264 1792 485 1829 habitationes
507 1797 619 1836 pateat
644 1793 766 1825 aditus

428 1874 568 1900 clemens
589 1875 670 1907 Papa
690 1874 756 1907 xli,

360 1918 396 1944 ad
416 1917 551 1946 futuram
569 1919 615 1944 rei
636 1918 824 1945 memoriam.

264 1989 326 2033 §i
340 1989 464 2032 Exponi
485 1989 579 2021 uobis
598 1999 704 2031 nuper
723 1989 870 2021 fecerunt
889 1989 965 2021 dilc—

221 2044 262 2076 cti
281 2043 337 2076 lilii
354 2043 452 2075 abbas
471 2048 502 2075 ct
519 2043 674 2075 officiales
693 2042 964 2085 Congregationis

221 2096 460 2130 ecclesiasticae
493 2096 553 2128 sub
586 2096 793 2128 invocatione
820 2096 850 2128 S.
878 2096 962 2128 Petri

220 2150 254 2182 in
279 2155 442 2183 conventu
468 2149 519 2182 SS.
546 2149 713 2181 Trinitatis
738 2148 874 2180 civitatis
901 2149 964 2181 Me-

219 2204 353 2236 xicanae
379 2203 410 2235 in
437 2202 536 2235 indiis
555 2203 710 2235 canonice
730 2203 778 2245 (ut
795 2203 962 2245 asseritur)

223 2262 350 2290 erectae
367 2283 374 2295 ,
405 2256 492 2299 quod
519 2256 600 2299 ipsi,
628 2266 700 2288 cum
726 2256 963 2299 approbatione

221 2309 417 2343 venerabilis
445 2309 551 2341 fratris
570 2309 719 2341 moderni
742 2309 963 2352 archiepisco-

222 2363 254 2406 pi
272 2362 439 2401 Mexicani,
458 2362 623 2395 decretum
643 2362 819 2395 ediderunt
840 2369 874 2395 nt
900 2373 963 2394 mu-

220 2416 318 2449 lieres
337 2415 569 2458 cuiuscumque
587 2420 688 2447 status
707 2421 737 2447 et
755 2415 961 2455 conditionis,

221 2469 318 2502 etiam
350 2469 383 2501 in
419 2479 494 2501 casu
521 2468 743 2508 infirmitatis,
771 2470 962 2502 eorumdem

221 2522 457 2566 exponentium
484 2521 678 2564 collegium,
705 2522 880 2565 hospitale,
910 2523 964 2555 do-

222 2587 332 2616 mum,
360 2581 391 2607 et
417 2576 597 2618 quamlibet
630 2575 725 2608 aliam
758 2576 862 2609 dictae
887 2577 963 2610 Con-

221 2630 422 2672 gregationis
442 2629 678 2662 habitationem
696 2630 823 2672 ingredi
850 2631 963 2673 nequi-

1003 291 1085 325 rent,
1103 286 1183 318 itaut
1209 287 1341 320 decreto
1368 287 1555 320 huiusmodi
1582 287 1642 319 sub
1668 297 1746 330 quo-

1002 338 1048 370 vis
1074 344 1256 381 praetextu,
1276 350 1338 372 nec
1355 351 1371 372 a
1388 340 1537 382 quolibet
1561 340 1745 379 Ordinario,

1003 401 1110 434 neque
1148 394 1187 424 ab
1225 393 1340 425 abbate
1378 393 1515 436 aliisque
1552 393 1742 426 officialibus

1004 454 1090 476 nunc
1109 450 1140 477 et
1157 455 1214 487 pro
1234 450 1383 488 tempore
1409 447 1624 479 existentibus
1650 458 1745 490 prae-

1005 497 1109 530 dictae
1128 498 1402 541 Congregationis
1421 499 1670 539 ecclesiasticae,
1690 501 1747 533 de-

1005 551 1114 592 rogari
1139 562 1282 594 unquam
1310 552 1426 594 possit.

1052 603 1116 645 §2
1144 604 1221 635 Cum
1248 610 1374 643 antem,
1400 605 1482 636 sicut
1507 606 1619 638 eadem
1646 618 1746 650 expo—

1005 656 1078 689 sitio
1103 657 1342 699 subiungebat,
1376 658 1436 700 ipsi
1463 665 1663 701 exponentes
1696 661 1747 693 de—

1006 715 1130 742 cretum
1165 710 1377 749 huiusmodi,
1411 721 1471 753 pro
1498 711 1628 744 tirmiori
1660 713 1748 746 illius

1006 763 1237 802 subsistentia,
1264 763 1464 805 apostolicae
1486 764 1747 798 confirmationis

1007 823 1136 848 nostrae
1157 816 1338 859 patrocinio
1354 817 1548 849 communiri
1569 818 1746 860 plurimum

1007 870 1214 902 desiderent:
1242 880 1308 901 nos
1336 869 1423 912 ipsos
1449 876 1652 912 exponentes
1677 882 1750 914 spe-

1006 923 1096 955 cialis
1126 924 1234 954 l'avore
1259 922 1382 964 gratiae
1408 923 1561 965 prosequi
1587 925 1747 964 volentes,

1007 982 1038 1008 et
1065 986 1175 1008 corum
1195 976 1376 1018 singulares
1394 986 1551 1019 personas
1577 988 1593 1009 a
1619 977 1749 1020 quibus-

1005 1029 1050 1062 vis
1076 1029 1435 1068 cxcommunicahonis,
1465 1030 1693 1073 suspensionis
1719 1037 1752 1064 et

1006 1083 1183 1121 interdicti,
1210 1083 1347 1126 aliisque
1374 1084 1604 1116 ecclesiasticis
1622 1091 1750 1118 senten-

1007 1137 1069 1175 tiis,
1096 1137 1243 1169 rensuris
1269 1142 1301 1169 et
1327 1136 1453 1179 poenis,
1481 1149 1497 1169 a
1523 1137 1593 1170 iure
1625 1140 1673 1171 vel
1708 1139 1749 1171 ab

1006 1190 1145 1229 homine,
1172 1190 1283 1233 quavis
1310 1190 1482 1223 occasione
1509 1192 1558 1224 vel
1584 1193 1680 1223 causa
1705 1193 1750 1224 la-

1008 1244 1055 1283 tis,
1082 1243 1107 1275 si
1134 1244 1252 1286 quihus
1290 1244 1537 1286 quomodolibet
1572 1244 1748 1278 innodatae

1007 1297 1159 1335 existunt,
1183 1297 1222 1328 ad
1241 1295 1390 1328 effectum
1408 1297 1632 1339 praesentium
1658 1297 1749 1330 dum·

1007 1355 1092 1382 taxat
1117 1350 1397 1392 consequendum,
1428 1350 1543 1382 harum
1574 1351 1659 1383 serie
1693 1352 1750 1383 al)—

1005 1405 1168 1436 solventes
1192 1410 1222 1435 et
1259 1403 1421 1436 absolutas
1448 1404 1517 1436 sore
1551 1410 1722 1437 censentes
1740 1432 1748 1445 ‚

1006 1456 1300 1499 supplicationibus
1338 1467 1450 1489 eorum
1485 1457 1616 1490 nomine
1652 1458 1749 1490 nobis

1006 1521 1105 1553 super
1130 1511 1192 1542 hoc
1222 1509 1390 1542 humiliter
1420 1511 1580 1553 porrectis
1613 1511 1751 1544 inclina-

1007 1563 1046 1602 ti,
1073 1564 1112 1596 de
1139 1563 1374 1596 venerabilium
1404 1564 1537 1595 fratrum
1559 1569 1747 1597 nostrornm

1005 1615 1036 1648 S.
1053 1616 1090 1648 R.
1110 1616 1144 1648 E.
1166 1616 1381 1649 cardinalium
1407 1616 1542 1649 Concilii
1567 1617 1747 1650 Tridentini

1006 1669 1235 1712 interpretum,
1261 1669 1315 1712 qui
1341 1674 1450 1702 votum
1478 1670 1587 1702 dilecti
1614 1670 1671 1703 filii
1697 1681 1751 1703 no-

1007 1723 1062 1755 stri
1081 1722 1233 1755 Ludovici
1253 1723 1397 1755 eiusdem
1415 1723 1446 1755 S.
1464 1723 1502 1755 R.
1521 1723 1556 1756 E.
1577 1724 1751 1757 cardinalis

1008 1776 1138 1817 Belluga
1167 1777 1345 1819 nuncupati
1384 1776 1422 1808 ad
1456 1777 1614 1809 eiusmodi
1646 1788 1749 1819 nego-

1009 1831 1085 1862 tium
1113 1829 1362 1862 examinandum]
1385 1842 1402 1862 a
1428 1831 1595 1872 praedicta
1612 1831 1751 1874 Congre-

1007 1883 1137 1925 gatione
1174 1883 1388 1915 cardinalium
1422 1883 1568 1926 deputati
1605 1885 1752 1917 attende-

1008 1942 1094 1975 runt,
1119 1936 1266 1975 consilio,
1286 1947 1384 1978 supra
1405 1937 1610 1968 enunciatum
1639 1937 1750 1970 decre-

1009 1995 1083 2028 tum,
1103 1990 1296 2021 auctoritate
1315 1989 1507 2031 apostoliea,
1529 1995 1638 2022 tenore
1656 2001 1750 2032 prae-

1008 2042 1169 2081 sentium,
1196 2043 1414 2085 approbamus
1439 2048 1470 2074 et
1496 2042 1749 2083 confirmamus,

1007 2095 1120 2138 illique
1141 2095 1339 2127 inviolabilis
1364 2095 1563 2137 apostolicae
1589 2095 1749 2129 firmitatis

1008 2148 1107 2180 robur
1139 2148 1331 2186 adiicimus3
1365 2149 1452 2180 salva
1488 2154 1593 2180 tamen
1618 2159 1750 2192 semper

1007 2201 1039 2234 in
1058 2202 1247 2244 praemissis
1265 2201 1457 2234 auctoritate
1478 2202 1748 2244 Congregationis

1007 2266 1064 2287 cor
1068 2256 1198 2287 umdcm
1225 2266 1251 2287 c
1253 2266 1278 2287 ιι·
1282 2255 1347 2287 dina
1350 2255 1451 2288 ilium.

1051 2310 1064 2352 ξ
1089 2310 1120 2343 3.
1148 2310 1379 2346 Decernentcs,
1405 2309 1533 2341 easdem
1561 2317 1763 2363 praesentes

1006 2364 1141 2401 litteras
1168 2373 1300 2405 semper
1326 2361 1442 2401 sumas,
1467 2362 1588 2395 vilidas
1619 2368 1649 2395 ct
1682 2362 1767 2395 effi

1006 2429 1021 2447 ‹
1025 2428 1098 2448 aces
1133 2416 1271 2448 existcic
1298 2420 1329 2447 ct
1360 2415 1450 2454 sore,
1478 2426 1619 2458 suosque
1640 2416 1750 2459 plena-

1005 2471 1070 2503 rios
1092 2475 1124 2501 ct
1148 2470 1290 2511 integros
1317 2468 1447 2501 ctl'cctus
1473 2469 1583 2502 sortiri
1609 2475 1641 2502 et
1665 2470 1749 2502 obti—

1006 2535 1108 2563 nerc,
1135 2534 1170 2554 ac
1206 2524 1245 2554 ab
1271 2522 1336 2554 illis
1353 2549 1360 2561 ‚
1387 2523 1425 2554 :nl
1457 2533 1538 2565 quos
1565 2529 1692 2566 spectat
1717 2530 1748 2556 et

1006 2588 1064 2619 pro
1092 2583 1238 2619 tempore
1268 2575 1543 2619 ‹piandocumque
1574 2577 1746 2619 spectabit,

1006 2630 1238 2663 iuviolabiliter
1263 2629 1449 2669 observari,
1472 2630 1583 2673 sicque
1603 2630 1633 2662 in
1656 2642 1748 2674 prac-

1644 229 1709 263 397
1756 241 1807 264 An.
1822 239 1852 264 c.
1874 239 1944 266 ¹732

1805 617 1941 638 Confirmatio

1758 644 1847 666 decreti.

1795 2317 1810 2336 l'
1812 2323 1834 2337 ra
1822 2317 1940 2338 esentinm

1759 2344 1802 2363 tnta
1793 2350 1875 2364 eratum
1904 2344 1942 2363 ol·-

1770 2371 1875 2391 crvantim
