2182 3137
37 247 92 273 An.
111 245 141 273 C.
159 245 221 271 173¹

74 1470 167 1491 Huiusce
184 1474 234 1490 con-

48 1498 151 1518 cessionis
170 1496 235 1517 firmi-

877 241 1019 265 CLEMENS
1045 241 1086 263 XII
1114 242 1160 263 PP.

235 294 366 336 gulares
394 303 551 336 personas
569 303 586 324 a
609 290 775 334 quibusvis
797 299 979 322 excommu-

235 346 426 386 nicationis,
449 344 673 388 suspensionis
692 348 723 376 et
747 341 920 380 interdicti,
948 352 979 373 a-

235 400 354 443 liisque
373 397 606 431 ecelesiasticis
625 395 811 433 sententiis,
831 393 978 426 censuris

236 458 267 485 et
283 452 408 495 poenis,
433 462 450 482 a
470 450 542 482 iure
562 450 610 481 vel
636 448 676 480 ab
700 447 845 484 homine,
864 445 978 489 quavis

235 505 408 538 occasione
434 504 483 535 vel
510 503 604 535 causa
625 502 707 541 latis,
728 501 753 533 si
772 500 887 543 quibus
904 509 980 542 quo-

236 557 416 590 modolibet
448 556 622 588 innodatae
649 555 812 593 existunt,
840 554 879 585 ad
906 552 981 585 etse-

237 621 309 642 cum
343 609 565 652 praesentium
592 608 758 640 dumtaxat
782 616 981 649 consequen-

236 663 335 701 dum,
363 663 478 695 harum
513 662 595 694 serie
626 662 831 694 absolventes
864 665 896 692 ct
927 659 981 691 ab·

237 717 358 749 solutas
384 716 452 748 sore
488 721 683 753 censentes,
717 720 803 746 motu
831 713 979 756 proprio,

238 780 275 801 ae
301 780 337 802 ex
363 772 452 802 certa
470 768 606 801 seientia
624 773 655 800 et
676 770 764 799 mera
785 766 981 799 liberalitate

238 822 371 861 nostris,
390 823 494 865 deque
513 821 713 864 apostolicae
731 820 901 863 potestatis
918 820 982 862 ple-

238 874 408 913 nitudine,
435 873 609 917 praedictis
650 873 817 906 modernis
855 878 887 905 et
923 882 981 915 pro

239 933 386 969 tempore
413 927 625 959 existentibus
656 927 840 958 rotantibus
875 926 983 967 signa-

239 985 330 1012 turae
355 980 496 1012 iustitiae
519 981 705 1012 huiusmodi
723 991 814 1012 usum
835 979 983 1011 mantelli

238 1033 357 1075 magni,
376 1033 574 1066 mantellone
591 1035 769 1076 vulgariter
787 1039 983 1076 nuncupato,

241 1096 278 1118 ac
303 1086 381 1128 pilei
407 1086 622 1129 pontificalis,
651 1097 687 1119 ac
712 1087 904 1119 eorumdem
932 1096 985 1118 or-
1006 1117 1008 1124 ,

241 1145 466 1172 namentorum
504 1140 619 1183 quibus
661 1140 843 1182 cappellani
881 1139 1009 1172 nostri·

242 1197 273 1224 et
298 1203 468 1224 causarum
487 1193 598 1236 palatii
621 1193 793 1236 apostolici
820 1193 986 1224 auditores

244 1256 281 1278 ae
307 1245 460 1278 Gamerae
486 1246 694 1288 Apostolicae
727 1246 834 1278 cleriei
863 1245 987 1288 praesi-

243 1298 358 1331 dentes
383 1298 415 1330 in
442 1299 643 1331 solemnibus
671 1299 926 1342 equitationibus
951 1310 989 1330 u-

244 1357 356 1384 tuntur
382 1358 414 1384 et
440 1353 598 1391 fruuntur,
627 1359 740 1385 tenore
763 1352 988 1395 praesentium

244 1406 456 1438 concedimus
483 1406 605 1447 pariter
625 1411 657 1438 et
677 1406 898 1447 indulgemus,

289 1460 303 1502 g
329 1459 359 1492 3.
386 1460 615 1498 Decernentcs,
643 1460 773 1491 easdem
800 1464 990 1500 praesentes
1012 1467 1013 1481 ³

244 1513 370 1546 litteras
402 1523 531 1555 semper
556 1512 686 1550 tirmas,
715 1512 836 1544 validas
863 1518 894 1544 et
921 1513 990 1544 esti-

246 1576 337 1598 caces
364 1565 502 1598 existere
528 1571 560 1597 et
586 1566 672 1604 sore,
705 1576 848 1608 suosque
883 1567 991 1607 plena·

245 1621 315 1652 rios
339 1625 370 1652 et
394 1619 540 1661 integros
566 1618 701 1651 effectus
720 1619 829 1651 sortiri
853 1625 885 1651 et
909 1619 991 1651 obti-

247 1683 346 1711 nere,
366 1683 402 1705 ac
423 1672 505 1711 illis,
530 1672 569 1704 ad
602 1682 683 1715 quos
715 1677 844 1715 spectat
868 1678 900 1704 et
931 1683 991 1714 pro

246 1731 394 1768 tempore
421 1725 603 1768 spectabit,
637 1725 669 1757 in
695 1725 848 1758 omnibus
876 1731 908 1758 et
932 1736 992 1768 per

249 1780 361 1811 omnia
387 1779 581 1821 plenissime
607 1778 799 1821 suffragari,
826 1779 937 1822 sicque
959 1780 990 1811 in

248 1831 438 1874 praemissis
462 1842 522 1874 per
547 1842 772 1875 quoscumque
798 1832 921 1864 iudices
942 1843 993 1865 or-

249 1885 395 1917 dinarios
421 1887 452 1918 et
476 1885 663 1926 delegatOS‚
687 1887 784 1918 ctiam
823 1897 991 1918 causarum

250 1938 361 1980 palatii
388 1938 561 1980 apostolici
587 1940 770 1979 auditores,
800 1951 836 1972 ac
855 1940 886 1972 S.
904 1939 980 1972 RE

251 1991 453 2030 cardinales,
487 1992 582 2023 etiam
605 1992 643 2024 dc
665 1993 767 2025 latere
794 1994 936 2035 legatos,
964 1998 996 2024 ct

253 2044 334 2077 alios
361 2045 745 2088 quoslibetquacumque
772 2047 996 2089 praeeminen-

254 2097 298 2130 tia
315 2103 347 2130 et
373 2104 532 2140 potestate
557 2099 731 2141 fungentes
753 2106 784 2131 et
813 2100 993 2139 sunuturos,

253 2151 382 2183 sublata
419 2152 465 2183 eis
502 2157 532 2183 et
569 2162 683 2184 corum
721 2153 855 2185 cuilibet
887 2153 998 2196 quavis

255 2203 527 2236 aliteriudicandi
547 2210 579 2236 et
592 2204 831 2248 interpretandi
849 2206 998 2238 saeultate

255 2261 289 2289 et
323 2258 536 2297 auctoritate,
564 2257 698 2290 iudicari
733 2248 763 2291 e⁰t
788 2258 915 2291 deliniri
943 2259 998 2292 de-

255 2309 351 2348 bere,
372 2321 408 2342 ac
429 2310 555 2343 irritum
575 2317 606 2343 et
626 2311 723 2345 inane
742 2311 767 2344 si
787 2323 881 2344 secus
900 2323 1000 2355 super

255 2363 308 2398 his
327 2374 345 2395 a
359 2374 532 2406 quoquam,
545 2365 657 2407 quavis
671 2365 881 2404 anctoritate,
899 2365 1001 2398 scien-

257 2421 309 2448 ter
329 2417 378 2448 vel
403 2416 603 2458 ignoranter,
631 2418 808 2461 contigerit
833 2419 998 2451 attentari.

256 2467 328 2501 Non
353 2468 557 2501 obstantibus
579 2472 867 2505 constitutIOnibus
894 2477 925 2504 et
950 2483 1002 2504 or-

259 2522 481 2556 dinationibus
500 2524 696 2566 apostolicis,
717 2525 900 2568 ceterisque
926 2537 1003 2559 eon-

259 2575 369 2608 trariis
396 2576 667 2620 quibuscumque.

304 2627 418 2661 Datum
450 2629 582 2669 Romae,
616 2631 701 2672 apud
724 2630 756 2664 S.
789 2631 918 2664 Mariam
945 2633 1003 2665 Ma-

1663 228 1728 261 239
1775 237 1829 264 An.
1850 236 1881 265 c.
1898 236 1962 264 t73t

1020 288 1133 326 iorem,
1159 288 1218 320 sub
1243 288 1364 320 annulo
1391 286 1587 325 piscatoris,
1628 286 1680 318 die
1704 295 1765 318 xxv

1021 340 1157 373 ianuarii
1197 350 1378 380 noccxxm,
1413 339 1624 383 pontificatus
1660 338 1767 371 nostri

1022 403 1110 425 anno
1141 403 1160 425 r

1059 454 1118 480 Dat.
1141 453 1183 480 die
1204 454 1238 480 25
1258 454 1375 480 ianuarii
1398 455 1475 486 1731,
1497 453 1594 489 pontif.
1619 461 1690 480 anno
1712 458 1729 478 1.

1315 508 1349 540 F.
1377 508 1464 540 card.
1493 508 1675 540 Otivssntos.

1345 658 1448 690 XXVI.

1026 738 1248 780 Confirmatur
1277 736 1373 769 Breve
1405 736 1573 769 Benedicti
1604 736 1696 769 XIII
1717 747 1771 768 su-

1068 802 1126 834 per
1150 790 1439 822 clismembratione
1461 789 1682 833 quorumdam
1702 799 1773 822 con-

1069 849 1227 877 ventuum
1250 854 1270 876 a
1293 843 1466 887 provz'ncid
1495 843 1612 875 Terrae
1636 842 1772 874 Laboris

1072 898 1207 931 Ordinis
1231 898 1376 939 fratrum
1390 897 1429 929 B.
1447 897 1491 929 M.
1512 895 1550 928 de
1570 896 1678 928 Monte
1696 896 1773 929 Car-

1070 950 1164 991 melo,
1193 961 1230 982 ae
1253 951 1408 982 erectione
1431 949 1621 992 provinciae
1647 947 1773 991 Neapo-

1072 1005 1208 1036 titanae.

1238 1076 1375 1102 Clemens
1396 1075 1477 1108 Papa
1497 1074 1549 1101 XII
1566 1096 1571 1106 ,

1173 1121 1210 1147 ad
1231 1121 1368 1147 futuram
1382 1120 1428 1146 rei
1444 1119 1631 1146 memoriam.

1815 1193 1937 1213 Exordium.

1076 1193 1117 1225 Ex
1144 1192 1291 1224 iniuncto
1311 1191 1404 1223 nobis
1423 1190 1575 1223 divinitus
1602 1190 1777 1233 pastoralis

1009 1275 1011 1284 ,
1033 1245 1129 1279 officii
1155 1255 1306 1283 munere,
1326 1244 1401 1282 illis,
1419 1254 1501 1287 quae
1527 1254 1587 1286 pro
1616 1242 1698 1276 felici
1726 1253 1777 1275 re-

1033 1300 1223 1341 ligiosorum
1249 1299 1391 1331 virorum
1426 1297 1608 1329 directione
1636 1303 1667 1328 et
1693 1302 1778 1328 tran-

1035 1353 1194 1396 quillitate
1221 1352 1354 1394 provide
1380 1351 1628 1394 prudenterque
1653 1349 1692 1381 ab
1720 1350 1779 1383 liae

1034 1408 1151 1440 Sancta
1176 1406 1257 1439 Sede
1285 1405 1463 1437 constituta
1489 1414 1559 1436 esse
1585 1409 1779 1441 noscuntur,

1036 1466 1070 1493 ut
1096 1460 1185 1492 firma
1218 1469 1349 1500 semper
1385 1462 1483 1500 atque
1514 1457 1640 1489 illibata
1676 1456 1782 1499 persi-

1035 1519 1130 1551 stant,
1157 1513 1308 1550 libenter,
1330 1522 1402 1543 cum
1425 1510 1457 1542 id
1483 1522 1500 1542 a
1526 1510 1619 1543 nobis
1645 1510 1778 1552 petitur,

1035 1566 1208 1609 apostolici
1235 1563 1425 1597 muniminis
1450 1563 1552 1595 nostri
1580 1563 1779 1605 praesidium

1036 1620 1256 1661 adiungimus.

1080 1674 1094 1716 ἓ
1120 1672 1151 1705 1.
1180 1671 1266 1704 Alias
1293 1670 1452 1714 siquidem
1491 1669 1592 1702 felicis
1628 1667 1979 1719 recorda-,uffissgssffg‘msssgj

1036 1726 1134 1758 tionis
1160 1724 1353 1757 Benedictus
1375 1724 1433 1756 ΡΙ).
1455 1723 1518 1755 Xlll
1546 1723 1840 1765 praedeeessor⁰¹³⁸
1855 1720 1978 1745 ΝΜΡΟΙΜ·

1795 1753 1834 1766 nae
1857 1753 1869 1766 a
1888 1746 1979 1766 Betis-uli·

1036 1785 1168 1818 noster,
1196 1779 1234 1811 ad
1273 1777 1417 1810 sedanda
1454 1777 1561 1817 gravia
1600 1777 1782 1810 animorum
1796 1775 1829 1792 ‘²⁰
1851 1773 1909 1798 ΡΨ
1933 1773 1977 1793 '³¹¹¹

1795 1800 1873 1821 sactae.

1038 1833 1172 1865 dissidia
1198 1842 1280 1874 quae
1307 1831 1391 1863 inter
1409 1830 1579 1873 religiosos
1604 1836 1783 1863 conventus

1037 1885 1173 1919 Carmeli
1201 1885 1333 1917 maioris
1352 1884 1530 1927 nuncupati
1549 1884 1684 1917 civitatis
1704 1886 1784 1918 Nea—

1039 1940 1205 1983 politanae
1232 1939 1418 1980 provineiac
1439 1938 1556 1970 Terrae
1575 1937 1709 1971 Laboris
1728 1938 1785 1971 Or-

1040 1993 1124 2025 dinis
1161 1993 1195 2024 13.
1224 1992 1341 2024 Mariae
1368 1992 1406 2023 de
1433 1991 1539 2024 Monte
1575 1991 1720 2024 Carmelo
1747 2003 1784 2024 ae

1040 2046 1184 2089 reliquos
1221 2046 1336 2077 fratres
1374 2045 1559 2088 provinciae
1595 2045 1782 2077 huiusmodi

1041 2099 1298 2139 intereffllcbant,
1324 2099 1475 2131 eumdem
1502 2104 1697 2131 conventum
1716 2099 1786 2131 Car-

1042 2155 1116 2186 meli
1145 2153 1283 2193 maioris⁷
1303 2164 1374 2185 eum
1396 2153 1506 2185 decem
1534 2153 1603 2184 eius
1628 2152 1784 2194 grangiis,

1042 2218 1173 2240 necnon
1200 2208 1345 2250 quinque
1372 2208 1453 2239 alios
1470 2212 1646 2239 conventus
1664 2218 1680 2238 a
1695 2217 1788 2249 prae-

1044 2261 1126 2293 dicta
1155 2260 1322 2303 provincia
1347 2259 1615 2298 (lisincmbravit,
1643 2261 1784 2302 illosqut¹

1044 2314 1075 2345 in
1117 2324 1232 2346 novam
1274 2313 1374 2356 ipsius
1411 2313 1540 2346 Ordinis
1581 2315 1786 2357 provinciam

1044 2368 1290 2410 Neapolitanam
1318 2368 1590 2401 denominandam
1611 2369 1722 2407 erexit,
1746 2369 1790 2401 sa-

1045 2424 1094 2453 cta
1121 2427 1196 2453 tune
1226 2421 1375 2454 existenti
1412 2422 1616 2464 procuratori
1644 2424 1787 2464 generali

1046 2474 1121 2506 dicti
1148 2474 1276 2506 Ordinis
1299 2480 1460 2517 potestate
1481 2486 1583 2507 novae
1603 2478 1789 2520 provinciae

1045 2527 1090 2560 sie
1117 2534 1242 2560 erectae
1270 2528 1501 2571 incorporandi
1528 2530 1626 2562 alium
1652 2542 1791 2564 conven-

1047 2585 1113 2612 tum
1141 2581 1257 2612 Montis
1283 2581 1388 2613 Sancti
1416 2581 1527 2615 itidem
1564 2591 1790 2628 nuncupatum

1024 2633 1185 2665 ,civitatis
1223 2639 1254 2665 ct
1289 2633 1418 2667 Ordinis
1452 2636 1696 2678 praefatorum,
1734 2639 1788 2682 qui
