2182 3137
242 246 290 271 An.
313 244 341 269 C.
364 243 430 271 1733

293 1481 354 1501 Fato<
371 1483 427 1501 trau-

245 1510 382 1534 sunqrtoium.

478 234 542 267 504
1022 238 1210 264 nontamen
1235 237 1393 263 nomnen
1962 236 2009 261 Λη.
2026 235 2053 262 c.
2075 233 2139 264 1733
2178 240 2182 265 ·]

433 297 710 335 nuncupatorum,
733 291 863 325 nomine
880 290 975 324 nobis
993 299 1091 333 super
1111 289 1173 322 hoc

435 346 605 378 humiliter
622 345 781 388 porrectis
800 344 957 383 inclinati,
973 343 1125 376 omnibus
1142 347 1174 375 et

434 399 571 442 singulis
596 398 763 441 utriusque
789 408 882 431 sexus
908 395 1173 430 christifidelibus

433 462 509 485 vere
535 451 782 495 poenitentibus
800 450 1001 484 etconsessis
1025 459 1061 481 ac
1086 450 1175 481 sacra

434 504 666 538 communione
701 503 853 543 resectis,
879 502 933 547 qui
966 502 1106 545 aliquam
1137 511 1173 534 ex

435 558 584 591 ecclesiis
611 557 885 591 monasteriorum
911 561 974 589 tam
998 554 1175 588 monacho-

434 621 506 643 rum
534 622 629 655 quam
652 610 843 644 monialium
869 609 1013 643 eiusdem
1038 607 1176 650 Congre-

434 664 577 708 gationis
604 670 665 697 tam
692 664 850 697 hactenus
872 668 1055 696 erectorum
1081 671 1175 705 quam

434 718 647 762 imposterum
687 717 957 761 quandocumque
999 715 1177 758 erigendo-

434 783 522 812 rum,
549 778 581 805 et
605 772 726 815 ubique
763 772 909 805 locorum
946 769 1151 803 existentium
1168 795 1175 808 ,

435 826 487 859 die
506 826 585 859 sesto
603 825 634 859 S.
654 825 799 858 Silvestri
820 823 958 863 abbatis,
979 822 1083 855 dictae
1101 821 1177 854 Con-

435 879 637 922 gregationis
662 878 870 917 institutoris,
890 888 907 910 a
927 876 1039 920 primis
1064 885 1178 919 vespe-

435 933 480 966 ris
505 943 610 976 usque
636 932 674 965 ad
700 942 847 965 occasum
873 930 952 963 solis
979 929 1042 962 diei
1068 929 1178 961 huius-

435 986 523 1019 modi
547 985 685 1029 singulis
710 985 803 1017 annis
830 985 944 1017 devote
970 982 1175 1021 visitaverint,

436 1044 468 1072 et
485 1038 528 1071 ibi
547 1049 606 1082 pro
627 1037 880 1071 christianorum
905 1035 1089 1079 principum
1106 1044 1178 1068 eon-

436 1092 557 1132 cordia,
574 1092 746 1124 haeresum
761 1090 987 1133 extirpatione,
1006 1099 1043 1121 ac
1056 1087 1176 1121 S.M.E.

437 1145 633 1179 exaltatione
659 1145 727 1188 pias
755 1144 794 1177 ad
820 1144 920 1176 Deum
954 1152 1069 1186 preces
1103 1140 1178 1174 effu-

437 1199 569 1238 derint,
594 1198 771 1241 plenariam
797 1196 942 1231 omnium
967 1202 1176 1239 peccatorum

437 1263 569 1286 suorum
609 1251 848 1294 indulgentiam
889 1255 920 1283 et
954 1248 1178 1283 remissionem

436 1306 694 1339 misericorditer
720 1305 751 1337 in
776 1304 913 1338 Domino
946 1303 1176 1337 concedimus:

437 1359 667 1403 praesentibus
691 1358 857 1403 perpetuis
887 1357 999 1391 suturis
1026 1358 1178 1401 tempori-

437 1413 497 1446 bus
523 1412 682 1446 valituris.

482 1466 496 1509 'S'
521 1465 552 1499 02.
590 1465 743 1499 Volumus
782 1470 889 1498 autem
926 1464 1178 1507 utTJearumdem

438 1519 661 1565 praesentium
681 1519 863 1552 litterarum
882 1519 1102 1562 transumptis,
1121 1529 1178 1552 seu

439 1573 610 1617 exempliS‚
638 1573 733 1606 etiam
759 1572 937 1616 impressis,
963 1583 1057 1605 manu
1084 1572 1179 1605 alicu-

438 1627 487 1660 ius
512 1626 629 1660 notarii
654 1626 778 1670 publici
803 1626 1004 1670 subscriptis,
1019 1632 1050 1660 et
1070 1626 1178 1669 sigillo

439 1691 601 1726 personae
626 1680 659 1713 in
685 1680 906 1714 ecclesiastica
924 1681 1081 1724 dignitate
1107 1691 1178 1714 con-

440 1736 575 1768 stitutae
612 1734 762 1775 munitis,
790 1734 903 1767 eadem
940 1745 1073 1778 prorsus
1098 1734 1178 1767 fides

440 1789 645 1829 adhibeatur,
664 1798 746 1832 quae
762 1788 973 1821 adhiberetur
987 1788 1066 1832 ipsis
1086 1799 1178 1832 prae-

439 1843 587 1876 sentibus
601 1842 625 1875 si
642 1842 749 1875 forent
768 1842 933 1875 exhibitae
946 1842 995 1876 vel
1014 1847 1175 1876 ostensae.

483 1896 597 1929 Datum
616 1895 750 1936 Romae,
771 1896 858 1938 apud
884 1895 915 1928 S.
935 1895 1064 1928 Mariam
1085 1896 1180 1929 Maio-

439 1960 506 1983 rem
519 1977 526 1990 ,
550 1949 610 1982 sub
636 1949 757 1983 annulo
776 1948 963 1990 piscatoris,
982 1949 1034 1982 die
1052 1960 1082 1983 lx
1100 1950 1177 1983 iunii

439 2013 644 2044 MDccxxx111‚
669 2002 876 2047 pontificatus
902 2003 1007 2036 nostri
1025 2014 1110 2037 anno
1128 2014 1177 2038 111.

476 2066 534 2095 Dat.
556 2066 600 2094 die
620 2067 635 2094 9
655 2066 720 2093 iunii
743 2066 820 2099 1733,
841 2066 937 2101 pontif.
959 2074 1029 2093 auno
1049 2073 1089 2094 111.

769 2120 803 2152 F.
831 2120 920 2153 card.
948 2119 1132 2154 Omvssnius.

753 2255 865 2290 XCVII.

442 2327 649 2370 Confirmatio
675 2327 851 2360 sententiae
879 2327 1026 2360 ministri
1048 2337 1181 2370 yenera-

486 2382 526 2414 lz's
553 2380 687 2415 Ordinis
716 2382 860 2424 fratrum
885 2381 1051 2414 Minorum
1075 2382 1182 2414 sancti

483 2435 653 2469 Fraucz'sci
676 2435 713 2468 de
739 2434 948 2469 observantia
972 2436 1057 2468 circa
1081 2435 1181 2468 dubia

484 2489 592 2533 quoad
616 2499 790 2522 numerum
814 2489 976 2522 vocalium
1001 2488 1182 2531 definitorii

483 2543 669 2586 provinciae
692 2542 922 2586 Luycluueusis
954 2543 1181 2586 Couqreyalio-

485 2596 537 2628 uis
556 2595 747 2629 Gallicanae
763 2596 906 2639 fratrum
930 2596 1031 2629 Tertii
1049 2595 1182 2630 Ordinis

484 2648 588 2680 sancti
612 2648 784 2682 Fraucisci
808 2648 845 2682 de
869 2649 1085 2690 Poenitenaai,
1108 2658 1180 2682 cum

1259 287 1512 331 reinleqratione
1543 286 1686 320 eiusdem
1709 285 1889 328 definitorii
1912 283 1955 317 ad

1259 351 1433 374 mimeram
1463 344 1582 384 septem
1613 339 1774 372 vocalium
1812 338 1953 382 aliisque

1260 394 1523 428 ordinationibus
1544 403 1604 436 pro
1623 392 1773 436 facienda
1796 392 1953 434 subroqa-

1262 448 1347 480 tione
1371 446 1515 480 aliorum
1535 445 1823 489 reliqiosorumjin
1844 448 1956 477 eventu

1261 512 1324 545 quo
1348 500 1475 543 deficiat
1499 499 1625 544 aliquis
1641 509 1680 532 esc
1703 502 1820 542 septem
1844 497 1958 531 vocali-

1264 555 1318 587 bus
1344 552 1543 586 huiusmodi.

1427 615 1562 642 Clemens
1584 615 1666 648 Papa
1686 614 1754 647 XII,

1357 660 1395 687 ad
1415 659 1553 686 futuram
1572 659 1618 686 rei
1636 657 1819 686 memoriam.

1263 714 1278 758 ἓ
1303 714 1334 746 l.
1350 713 1474 757 Exponi
1496 712 1589 746 nobis
1606 722 1709 756 nuper
1726 712 1800 744 feeit
1819 711 1956 745 dilectus
1968 723 2084 770 flegma
2102 728 2148 771 Ἧ-

1222 768 1304 801 tilius
1317 767 1502 800 Vincentius
1516 766 1704 809 Delphinas‚
1719 765 1867 798 minister
1883 775 1957 808 pro·
1969 777 2080 801 §dunensis
2097 777 2150 804 puu-

1968 804 2004 827 tio,
2015 810 2061 824 cum
2071 810 2101 825 ret
2116 809 2150 826 cx·
2174 810 2175 816 ¹

1221 820 1367 853 vincialis
1399 819 1583 863 provinciae
1619 818 1846 861 Lugdunensis
1877 818 2080 857 Con-positione.

1221 873 1422 916 gregationis
1440 872 1621 906 Gallicanae
1635 873 1768 905 fratrum
1787 871 1885 904 Tertii
1902 870 1959 904 Or-

1221 927 1304 960 dinis
1340 927 1440 960 sancti
1482 927 1646 960 Francisci
1683 927 1722 960 de
1757 925 1960 959 Poenitentia

1221 986 1490 1024 nuncupatorum,
1511 981 1608 1023 quod,
1625 979 1710 1012 intra
1728 984 1854 1023 tempus
1871 977 1960 1012 efflu-

1221 1044 1294 1066 xum
1315 1045 1332 1067 a
1353 1039 1516 1077 postremo
1541 1033 1680 1077 capitulo
1704 1032 1895 1076 provinciali
1916 1032 1959 1066 di-

1222 1091 1291 1120 ctae
1315 1087 1503 1130 provinciae
1538 1097 1647 1120 mense
1673 1087 1757 1120 maio
1784 1086 1858 1120 anni
1883 1097 1959 1130 pro-

1223 1142 1304 1174 xime
1325 1141 1424 1185 elapsi
1451 1141 1625 1181 celebrato,
1644 1141 1763 1184 duplex
1785 1145 1889 1174 ortum
1910 1145 1960 1174 est

1222 1195 1355 1228 dubium
1382 1195 1466 1228 circa
1491 1195 1742 1238 intelligentiam
1765 1200 1959 1229 statutorum

1222 1249 1423 1292 generalium
1449 1249 1594 1282 eiusdem
1619 1249 1755 1290 Ordinis,
1780 1249 1959 1293 respiciens

1221 1304 1396 1349 praecipue
1422 1315 1591 1337 numerum
1614 1305 1782 1345 vocalium,
1800 1305 1855 1349 qui
1872 1305 1960 1339 iuxta

1222 1363 1340 1390 statuta
1365 1357 1550 1391 huiusmodi
1571 1358 1603 1390 in
1621 1357 1804 1392 definitorio
1828 1359 1960 1402 provin-

1222 1411 1293 1444 ciali
1311 1411 1496 1455 provinciae
1510 1412 1671 1455 praefatae
1685 1417 1760 1445 sunt
1772 1412 1957 1456 cooptandi.

1221 1465 1298 1499 Cum
1333 1465 1419 1498 enim
1453 1470 1571 1498 statuta
1604 1465 1750 1509 praefata
1784 1465 1961 1509 disponant

1222 1518 1442 1553 definitorium
1466 1519 1663 1563 provinciale
1698 1519 1960 1563 componendum

1222 1583 1292 1606 esse
1317 1573 1435 1606 actuali
1460 1572 1609 1606 ministro
1626 1572 1829 1616 provinciali,
1854 1577 1960 1606 custo-

1222 1627 1342 1667 dibus¹,
1363 1626 1585 1660 definitoribus
1610 1626 1864 1670 provincialibus
1885 1637 1960 1671 qua-

1223 1686 1305 1721 tuor,
1325 1691 1360 1713 ac
1384 1680 1498 1714 ultimo
1516 1680 1666 1714 ministro
1691 1680 1881 1724 provinciali
1906 1682 1960 1715 ab·

1222 1736 1349 1775 soluto;
1376 1745 1515 1778 quorum
1539 1734 1695 1769 vocalium
1730 1744 1886 1768 numerus
1917 1745 1959 1768 ne

1222 1799 1365 1832 uuquam
1384 1788 1519 1827 deficiat,
1538 1793 1601 1821 tam
1618 1787 1789 1831 multiplex
1804 1793 1893 1821 extra
1914 1798 1961 1821 ca-

1222 1843 1325 1886 pitula
1361 1841 1576 1886 provincialia
1611 1841 1810 1885 subrogandi
1844 1843 1960 1876 modus

1222 1907 1280 1940 per
1305 1895 1416 1930 eadem
1453 1900 1569 1928 statuta
1604 1905 1641 1928 ac
1672 1895 1813 1929 diversas
1838 1895 1960 1929 litteras

1223 1949 1420 1994 apostolicas
1445 1949 1585 1992 desuper
1618 1954 1783 1982 emanatas
1809 1949 1960 1983 decretus

1223 2009 1282 2044 est,
1296 2009 1339 2043 ut,
1355 2002 1524 2036 eveniente
1540 2002 1635 2035 etiam
1653 2002 1786 2035 alicuius
1803 2002 1961 2037 dictorum

1223 2057 1380 2091 vocalium
1406 2056 1505 2096 obitu,
1524 2057 1709 2089 nullatenus
1728 2057 1842 2090 deesse
1859 2057 1962 2101 possit

1223 2111 1256 2144 in
1281 2110 1445 2154 provincia
1469 2109 1637 2154 praedicta
1661 2110 1834 2153 religiosus
1859 2121 1959 2154 capax

1222 2163 1401 2197 istiusmodi
1420 2163 1661 2206 subrogationis
1677 2175 1684 2204 ;
1705 2163 1754 2196 his
1772 2168 1878 2197 tamen
1895 2174 1961 2198 non

1224 2218 1443 2259 obstantibus,
1464 2217 1615 2250 defuncto
1632 2228 1757 2261 nupero
1774 2218 1960 2252 exministro

1224 2271 1416 2316 provinciali
1434 2271 1537 2314 ipsius
1553 2271 1750 2314 provinciae,
1765 2271 1830 2315 qui,
1848 2272 1961 2316 procul

1224 2325 1332 2365 dubio,
1351 2324 1430 2365 iure,
1452 2329 1548 2367 atque
1573 2325 1632 2357 sub
1658 2324 1753 2358 titulo
1777 2325 1882 2358 ultimi
1907 2325 1962 2358 ab·

1223 2379 1318 2413 soluti
1343 2378 1481 2411 ministri
1505 2378 1734 2421 provincialis,
1760 2389 1837 2412 voce
1861 2378 1962 2413 activa

1223 2433 1255 2466 in
1281 2431 1443 2466 hodierno
1469 2431 1656 2465 delinitorio
1681 2431 1803 2476 potitus
1829 2432 1959 2474 sulsset,

1223 2487 1330 2520 nullus
1350 2485 1432 2519 alius
1451 2485 1640 2519 exminister
1663 2486 1872 2530 provincialis
1889 2487 1962 2520 sub-

1223 2545 1355 2583 rogatus
1381 2539 1450 2581 suit,
1475 2539 1527 2582 qui
1553 2539 1695 2572 defuncti
1721 2541 1827 2574 locum
1847 2541 1881 2573 in
1906 2550 1960 2574 eo-

1223 2594 1296 2628 dem
1323 2592 1509 2627 definitorio
1535 2598 1674 2634 teneret3
1701 2604 1738 2627 ac
1761 2594 1908 2637 insuper,
1926 2593 1960 2628 li·

1259 2659 1270 2685 1
1292 2656 1449 2692 Legendum
1469 2655 1580 2685 custode
1598 2656 1638 2691 (a.
1652 2655 1702 2692 r).
1976 2691 2003 2722 ⁶
