2182 3137
189 160 288 186 Aac.
310 158 380 186 ¹730
424 150 490 184 118

394 207 543 244 reiterari3
566 212 595 237 et
617 206 781 244 monachis,
803 205 855 245 qui
876 205 974 236 idonei
995 214 1054 235 non
1083 213 1127 234 re-

389 256 551 296 periantur,
564 255 682 285 licentia
696 255 762 284 data
779 254 931 294 suspendi,
945 253 990 284 vel
1006 253 1126 284 omnino

387 305 496 335 auferri
519 303 641 334 debeat:
673 303 804 343 exceptis
836 302 981 343 prioribus
1013 302 1127 333 absolu-

387 354 434 390 tis,
454 352 666 390 visitatoribus,
685 351 889 382 definitoribus
909 352 1127 391 lectoribusque

384 401 561 440 theologiae,
585 401 636 440 qui
659 401 808 440 praedicto
837 401 966 431 examini
996 410 1048 440 pro
1074 400 1127 430 ob-

385 450 509 480 tinenda.
531 449 651 479 licentia.
677 449 782 479 subiici
810 459 867 480 non
899 449 1041 487 debeant,
1075 449 1125 480 sed

383 498 504 528 omnino
527 497 624 527 idonei
647 501 831 537 reputentur.

254 551 372 571 Monachus
422 557 460 577 iv.
483 547 587 577 Nullus
616 547 777 576 monachus
806 547 897 586 possit
926 547 1125 577 consessiones

188 580 334 634 lifoiffi‘lffissii
349 583 371 624 ἶῗ
383 596 580 626 saecularium
597 596 711 634 audire,
734 605 789 626 nec
804 606 857 636 per
874 596 987 626 Bullam
1006 600 1124 626 sanctae

187 630 372 686 gississii‘s'umffl‘i‘i
384 646 533 676 cruciatae
556 646 591 675 ad
614 655 663 675 eas
679 645 839 676 audiendas
857 646 938 684 eligi,
956 646 1025 686 quin
1043 645 1124 686 prius

186 686 370 735 ss‘ssffissmenw
384 694 419 724 de
436 695 482 724 sui
499 694 605 734 prioris
620 694 739 724 licentia,
754 694 892 734 episcopo
907 699 1121 734 praesentatus,

382 743 418 773 ab
441 753 533 783 eoque
555 744 750 782 examinatus,
774 744 820 774 vel
843 744 914 774 alias
936 744 1059 774 idoneus
1080 744 1124 774 iu-

378 792 504 830 dicatus,
529 792 564 822 ad
586 792 786 822 confessiones
808 792 968 823 audiendas
990 793 1019 823 in
1043 793 1123 823 illius

384 840 510 871 dioecesi
526 841 676 871 licentiam
692 841 834 871 obtineat.
852 842 954 872 Nullus
971 846 1122 881 praeterea

385 890 546 919 monachus
568 890 603 919 ad
628 889 795 920 huiusmodi
819 890 966 920 licentiam
990 890 1123 921 obtinen-

380 937 447 967 dam
470 938 608 977 episcopo
630 947 661 968 se
694 943 883 978 praesentare
911 939 1026 978 audeat,
1050 940 1121 979 quin

381 986 466 1026 prius
490 996 542 1026 per
564 996 650 1016 suum
674 987 800 1026 priorem
832 991 860 1017 et
883 988 1037 1027 deputatos
1059 988 1123 1018 dili-

379 1040 484 1074 genter
501 1036 687 1066 examinetur
705 1040 734 1066 et
752 1036 943 1076 approbetur,
960 1037 1122 1066 licentiam-

378 1094 434 1124 que
458 1085 488 1114 in
511 1085 629 1124 scriptis
658 1084 694 1114 ad
716 1085 883 1115 huiusmodi
912 1085 1122 1124 praesentatio-

380 1143 447 1163 nem
470 1143 484 1163 a
508 1133 588 1163 dicto
610 1133 708 1172 priore
724 1132 864 1163 obtineat.
881 1132 935 1169 Qui
952 1143 1020 1163 vero
1038 1134 1122 1163 aliter

378 1191 478 1212 coram
502 1182 640 1222 episcopo
662 1191 714 1212 seu
736 1181 893 1212 Ordinario
923 1192 953 1212 se
983 1192 1120 1222 praesen-

379 1235 451 1267 tare,
474 1230 510 1260 ab
546 1240 638 1270 eoque
669 1231 820 1260 licentiam
852 1231 887 1260 ad
921 1231 1120 1261 confessiones

378 1280 537 1310 audiendas
556 1280 689 1310 obtinere
705 1281 970 1320 praesumpserint,
987 1281 1119 1311 eiusdem

380 1329 516 1358 licentiae
540 1338 609 1358 usus
632 1329 839 1368 suspendatur,
863 1329 955 1359 donec
971 1334 1054 1369 pater
1072 1340 1120 1368 ge-

376 1377 488 1407 neralis
506 1379 540 1406 ea
563 1377 604 1407 uti
627 1378 778 1408 concedat.
810 1378 979 1416 Iniungitur
995 1388 1063 1408 vero
1080 1379 1120 1408 vi-

377 1425 549 1456 sitatoribus
571 1425 776 1465 generalibus,
799 1427 877 1466 quod
901 1427 1064 1466 praedictas
1087 1427 1120 1456 li-

379 1474 492 1504 centias
524 1475 555 1504 in
587 1474 755 1505 visitatione
787 1475 918 1513 generali
953 1475 1070 1506 videant
1091 1480 1120 1506 et

375 1524 542 1554 examinent
557 1548 563 1562 ‚
582 1528 610 1554 et
627 1534 700 1562 quas
718 1524 892 1563 subreptitie
908 1524 1041 1555 obtentas
1055 1526 1118 1555 sine

378 1572 494 1611 praevia
514 1572 622 1611 prioris
640 1572 761 1602 licentia
776 1573 956 1609 invenerint,
980 1578 1119 1612 rumpant

375 1625 403 1650 et
426 1620 570 1656 lacerent3
594 1621 800 1660 monachique,
818 1631 832 1651 a
852 1621 959 1660 quibus
982 1621 1117 1652 obtentae

374 1668 485 1699 suerint
500 1693 508 1707 ‚
532 1668 628 1699 debite
651 1670 822 1709 puniantur.

207 1739 363 1761 Monachinou
416 1726 443 1747 v.
468 1717 603 1747 Monaclii
635 1718 729 1748 nostri
762 1717 881 1748 Ordinis
913 1728 971 1748 non
1006 1720 1118 1758 possint

179 1767 363 1819 ffgfftjfffiugffle
374 1766 484 1804 eligere
508 1767 616 1796 virtute
632 1767 731 1797 Bullae
747 1768 905 1803 cruciatae,
930 1771 980 1797 aut
995 1768 1117 1797 alterius

178 1825 217 1845 pro
234 1819 320 1849 cassibus
331 1826 363 1840 re·
375 1815 540 1855 privilegii,
573 1816 766 1846 confessarios
792 1816 842 1855 qui
876 1816 941 1846 illos
964 1816 1117 1847 absolvant

179 1848 279 1868 servans.
374 1874 389 1893 a
413 1863 530 1894 casibus
553 1865 711 1894 reservatis
745 1874 796 1904 per
828 1874 897 1895 suos
930 1866 1115 1904 superiores;

374 1913 425 1942 sed
448 1913 614 1943 necessario
631 1917 658 1943 et
675 1913 807 1952 praecise
823 1913 865 1943 uti
877 1913 1002 1944 debeant
1025 1915 1117 1945 altero

372 1971 487 2000 eorum,
511 1962 561 2001 qui
584 1971 598 1992 a
622 1962 709 1992 dictis
731 1962 933 2002 superioribus
963 1963 1035 2002 ipsis
1056 1964 1119 1993 fue-

374 2010 435 2040 rint
458 2010 493 2040 ad
516 2010 545 2040 id
568 2010 739 2050 specialiter
760 2011 918 2049 designati.

603 2086 799 2117 Consrirurio
821 2086 890 2116 LIV.

416 2157 548 2188 Omnibus
569 2159 653 2187 sextis
674 2159 756 2197 feriis
768 2168 819 2197 per
835 2169 938 2187 annum
956 2159 985 2188 in
1001 2159 1118 2197 quolibet

377 2207 492 2237 Ordinis
514 2209 601 2237 nostri
622 2208 785 2236 monasterio
799 2207 946 2246 culparum
964 2208 1118 2247 capitulum

374 2261 511 2285 teneatur.
535 2256 580 2285 Ea:
601 2258 683 2285 causa
705 2260 807 2293 tamen,
831 2266 900 2294 qaae
921 2257 1013 2295 priori
1034 2267 1117 2296 erpe-

374 2306 452 2334 diens
470 2305 605 2339 videatur,
627 2305 728 2343 poterit
743 2305 778 2334 ad
795 2304 882 2334 alium
902 2305 974 2334 diem
992 2305 1113 2344 differri,

372 2358 419 2382 aut
441 2353 561 2383 totaliter
583 2354 696 2382 dimitti.

179 2170 268 2193 Quando
288 2170 362 2191 haberi

180 2196 366 2222 debetcapitulum

177 2223 294 2249 culparum.

613 2437 876 2458 EXTRAVAGANTES.

413 2508 432 2528 1.
457 2499 573 2529 Priores
588 2500 740 2539 culparum
754 2499 926 2538 capitulum,
939 2504 1026 2538 prout
1041 2499 1114 2539 ipsis

373 2548 532 2587 expediens
554 2548 698 2586 videatur,
722 2548 829 2578 habere
859 2548 983 2588 possint,
1013 2558 1115 2588 quam—

969 157 1152 181 BULLARlUM
1176 157 1332 182 Romanoa

1918 159 1968 186 An.
1984 158 2013 186 C.
2029 158 2109 188 ‚1730

1168 205 1213 235 vis
1235 206 1400 237 visitatores
1422 207 1574 245 generales
1597 207 1641 237 vel
1662 207 1805 246 speciales
1826 207 1857 237 in
1879 216 1910 237 a-

1168 258 1217 284 ctu
1240 254 1415 287 visitationis
1437 264 1557 286 suorum
1579 255 1828 285 monasteriorum
1850 255 1911 285 exi-

1168 307 1262 341 stant,
1286 303 1356 334 dum
1380 309 1475 334 tamen
1499 304 1559 335 suis
1582 304 1735 334 monachis
1758 304 1911 344 poeniten-

1168 351 1224 382 tias
1246 361 1344 382 eoram
1368 353 1455 383 dietis
1478 353 1678 383 visitatoribus
1706 352 1910 392 adimplendas

1167 409 1226 430 non
1249 401 1421 440 imponant,
1445 402 1516 441 quin
1539 402 1624 432 dictis
1654 401 1854 432 visitatoribus
1884 401 1910 432 i-

1168 458 1234 488 psas
1258 450 1338 488 prius
1360 450 1524 480 notificent.

1207 507 1238 528 11.
1273 498 1376 529 Nullus
1400 499 1560 529 inonachus
1588 499 1618 529 in
1646 499 1798 539 culparum
1830 498 1911 539 capi-

1167 546 1228 576 tulo
1252 547 1445 586 proclamare,
1480 552 1530 577 aut
1553 547 1647 577 zelare
1670 547 1781 587 aliquid
1803 547 1907 587 possit,

1166 595 1223 625 nisi
1240 600 1304 635 post
1324 596 1494 635 quindecim
1511 601 1561 626 aut
1580 597 1682 635 viginti
1698 606 1791 627 annos
1803 606 1818 626 a
1830 606 1910 627 rece-

1167 644 1264 683 ptione
1285 645 1401 675 habitus
1419 646 1591 686 completOS,
1612 647 1693 676 iuxta
1716 646 1909 677 monasterio-

1166 702 1230 723 rum
1244 694 1490 732 consuetudines;
1514 695 1538 725 si
1556 705 1625 725 vero
1642 699 1709 725 ante
1725 695 1908 734 praedictum

1165 745 1281 781 tempus
1303 743 1480 782 completum
1496 744 1576 782 ipsos
1595 748 1708 782 premat
1726 743 1908 774 conscientia

1165 791 1200 820 de
1223 791 1322 831 aliqua
1343 801 1374 821 re
1398 793 1490 830 gravi,
1524 793 1651 832 capitulo
1675 792 1805 832 praecise
1827 801 1910 822 reve-

1166 839 1250 869 landa
1275 844 1303 870 et
1327 841 1562 879 manifestanda,
1596 841 1754 880 loquantur
1780 840 1910 871 breviter

1167 888 1249 918 ssexis
1273 889 1399 926 genibus
1421 893 1449 919 et
1472 899 1531 919 non
1553 889 1649 919 aliter.

1398 964 1597 994 Consrirurio
1619 965 1674 995 LV.

1208 1034 1335 1064 Gratiam
1358 1035 1481 1074 aliquam
1502 1046 1548 1064 seu
1571 1037 1736 1076 rescriptum
1751 1040 1846 1066 contra
1861 1047 1910 1067 no-
1932 1054 1963 1076 ns
1977 1055 2052 1080 poenis
2065 1056 2104 1078 im-

1164 1086 1234 1111 stras
1250 1083 1435 1112 ordinationes
1446 1094 1492 1113 seu
1504 1085 1707 1114 constitutiones
1723 1085 1817 1115 nultus
1829 1087 1909 1124 prior
1919 1081 2103 1134 ξ’,ῗζξῑᾛωθζᾞζξ

1166 1131 1207 1159 vel
1230 1133 1378 1162 monachus
1408 1142 1456 1161 scu
1484 1138 1631 1162 conventus
1663 1134 1750 1163 nostri
1773 1133 1969 1181 Or·dinis,:s¹{¹2
2014 1136 2102 1160 gratim

1163 1230 1252 1258 centio
1281 1229 1421 1267 generalis
1452 1230 1571 1269 capituli
1593 1231 1708 1268 audeat,
1732 1232 1881 1270 impetrare
1893 1243 1905 1266 ,·
1918 1213 2012 1234 omnm*

1163 1279 1210 1316 qui
1230 1283 1324 1308 contra
1345 1280 1441 1318 feccrit
1460 1281 1582 1318 graviter
1610 1281 1747 1320 puniatur
1758 1292 1769 1315 ,·
1791 1282 1906 1320 insuper

1163 1329 1329 1357 renunciare
1351 1328 1402 1357 tali
1423 1329 1556 1368 rescripto
1575 1329 1616 1358 vel
1629 1331 1736 1367 gratiae
1757 1334 1882 1360 teneatur
1895 1352 1903 1365 ,

1162 1386 1268 1405 necnon
1290 1377 1392 1415 eidem,
1416 1378 1498 1406 donec
1519 1379 1674 1415 renunciet,
1700 1377 1813 1408 Ordinis
1834 1388 1906 1408 com-

1162 1427 1255 1454 munio
1277 1426 1434 1464 denegetur.
1456 1427 1491 1456 Et
1512 1427 1694 1456 nibilominus
1710 1437 1744 1457 ea:
1755 1431 1836 1466 parte
1853 1426 1906 1457 Or-

1161 1474 1234 1503 dinis
1262 1475 1416 1514 notificetur
1448 1475 1556 1504 domino
1589 1475 1643 1504 tale
1670 1477 1835 1515 rescriptum
1860 1476 1905 1505 ‘ael

1158 1524 1278 1560 qratiam
1296 1524 1455 1553 concedenti
1474 1525 1698 1563 praeiudicium,
1716 1525 1785 1563 quod
1806 1525 1904 1554 exinde

1161 1576 1251 1600 nostro
1271 1572 1302 1610 sit
1325 1571 1439 1610 Ordini,
1463 1577 1493 1602 ut
1514 1583 1597 1612 super
1618 1583 1648 1602 eo
1666 1574 1849 1612 provideatur
1871 1574 1903 1602 de

1160 1620 1278 1649 remedio
1301 1625 1462 1659 opportuno.
1485 1620 1570 1651 Sulcd
1593 1626 1683 1651 tamen
1698 1622 1728 1651 in
1742 1623 1904 1661 praemissis

1160 1668 1311 1698 obedientia
1343 1674 1369 1698 et
1400 1671 1553 1699 rererentici
1574 1670 1662 1700 debitci
1685 1669 1802 1700 Sanctae
1824 1669 1900 1708 Scdi,

1159 1717 1270 1756 eiusque
1292 1717 1437 1754 apostolico
1460 1718 1555 1756 teyaco.

1388 1793 1582 1823 Cossmmo
1605 1794 1673 1824 LVl.

1202 1862 1315 1898 Quando
1336 1864 1497 1893 scandalum
1511 1888 1518 1902 ,
1542 1865 1600 1894 sioc
1631 1866 1814 1895 dissensiones
1830 1889 1838 1903 ,
1862 1866 1903 1896 vel
1915 1875 1944 1895 ne
1960 1875 2034 1905 poenis
2051 1881 2102 1906 con,

1160 1912 1294 1951 quaelibct
1315 1912 1443 1951 querelae
1465 1915 1537 1942 inter
1561 1915 1726 1943 monasteria
1747 1914 1789 1944 vel
1807 1924 1901 1953 porso-
1913 1901 2099 1949 ssssssfafflfnsffieffgi

1161 1971 1210 1989 nas
1233 1962 1319 1990 nostri
1350 1962 1463 1991 Ordinis
1495 1963 1643 1997 oriuntur,
1667 1967 1746 1992 extra
1770 1964 1902 1993 Ordinem
1913 1944 2098 2003 ἓίᾒῑξῑέξιῖἰὸἧῖ

1161 2019 1302 2048 nunquam
1323 2014 1442 2045 e.neant,·
1465 2012 1511 2040 sed
1545 2012 1619 2040 intra
1653 2010 1784 2041 Ordinem
1806 2017 1829 2041 et
1849 2008 1963 2051 pcr¹⁰¹¹¹·

1158 2068 1289 2097 personas
1313 2058 1426 2089 Ordinis
1445 2060 1561 2089 discrete
1580 2061 1735 2098 sopiantur,
1752 2061 1901 2090 secundum

1162 2106 1275 2136 Ordinis
1297 2109 1430 2137 unitatem
1439 2119 1449 2142 ,¹
1469 2109 1516 2146 qui
1531 2112 1625 2137 contra
1644 2109 1692 2137 boc
1708 2109 1811 2146 uenire,
1826 2113 1851 2138 et
1867 2109 1902 2138 ad

1160 2156 1246 2186 aliam
1275 2157 1445 2186 audientiam
1474 2159 1559 2187 citare
1584 2157 1628 2186 vel
1654 2157 1797 2196 appellare
1819 2167 1901 2196 prae-

1159 2207 1316 2244 sumpserit,
1334 2216 1363 2234 eo
1380 2208 1438 2244 ipso
1452 2207 1605 2235 communio
1622 2205 1674 2234 sibi
1691 2205 1805 2235 Ordinis
1820 2207 1901 2235 dene-

1156 2260 1253 2293 getur:
1267 2256 1349 2284 donec
1361 2255 1502 2284 humiliter
1520 2256 1683 2294 satisfecerit
1698 2256 1733 2284 ad
1751 2255 1900 2285 arbitrium

1155 2305 1246 2343 patris
1259 2304 1396 2342 generalis
1418 2308 1464 2332 aut
1486 2304 1603 2343 capituli
1615 2304 1764 2342 generalis.

1400 2387 1660 2409 EXTRAVAGANTES.

1196 2460 1215 2481 1.
1240 2450 1359 2489 Negotia
1383 2454 1411 2481 et
1432 2450 1498 2481 lites
1520 2455 1689 2481 nostrorum
1705 2451 1901 2481 monasterio-
1916 2454 2097 2484 Menapiortorum

1156 2509 1221 2530 rum
1245 2509 1297 2538 per
1319 2499 1484 2530 saeculares
1501 2502 1708 2539 procuratores
1731 2503 1898 2530 tractentur
1910 2486 2096 2533 ῗιῖἧοπῗῖρςῗῖἒὲιῗῖ

1156 2552 1184 2578 et
1206 2552 1339 2586 agantur,
1364 2548 1394 2578 in
1418 2552 1560 2586 quantum
1583 2548 1688 2578 melius
1710 2547 1774 2578 tieri
1794 2536 2095 2587 possit;¹;}³;.².⁰‘⁰³²‘⁸⁹¹⁸¹²‘

1163 1181 1332 1210 coniunctim
1355 1180 1396 1210 rel
1419 1182 1541 1219 divisim,
1558 1192 1573 1210 α
1590 1191 1768 1221 quocumque,
1792 1183 1852 1212 sine
1873 1182 1908 1212 li-
1918 1189 1991 1217 conisa
2008 1161 2107 1210 sapt-33
2131 1188 2151 1222 ι’

2115 50 2118 51 f
2142 37 2146 108 ὲ

2144 136 2148 214 Ji

2146 251 2149 274 1

2148 305 2150 319 l

2146 375 2152 427 i

2149 443 2151 453 ι

2151 470 2152 489 l

2151 492 2152 510 l
