2182 3137
221 284 270 313 Αη.
291 284 318 311 c.
345 285 409 312 ¹731
457 275 520 310 568

253 1474 291 1496 Qut
312 1475 351 1492 stul
373 1479 405 1492 rx·

223 1503 286 1525 empti
303 1505 314 1519 a
332 1499 403 1519 chore.

264 2261 291 2280 [Ie
309 2264 405 2282 oratiune

223 2287 308 2307 monnau
331 2294 342 2308 a
364 2294 405 2313 qua

225 2317 406 2340 exemptusnemo.

417 333 487 367 aliis
514 334 656 367 eiusdem
682 333 811 367 Ordinis
835 334 964 367 statutis
990 339 1020 367 et
1041 334 1158 368 consti-

418 387 619 427 tutionibus,
656 393 720 420 tum
747 398 763 420 a
790 388 892 421 felicis
920 387 1156 421 rem-dationis

419 440 546 473 t'rbano
582 440 643 473 t'tll
682 451 716 472 :ic
754 441 944 474 Innocentio
979 441 1001 473 X
1035 441 1154 473 [loma-

419 493 466 525 uis
481 492 691 526 Pontificibus
708 494 1014 537 praedecessoribus
1038 494 1157 527 nostris

418 557 475 589 per
515 557 586 578 suus
614 547 645 578 in
685 546 784 579 simili
822 547 925 579 forma
962 547 1068 579 Brevis
1105 547 1156 580 die

417 610 471 633 viu
502 599 572 632 iulii
605 610 760 633 uncxxxix
799 605 830 633 et
867 601 918 633 die
956 611 1041 634 xxxii
1079 600 1157 633 iunii

417 662 498 685 MDCL
525 653 705 696 respective
732 654 899 697 expeditas
937 654 1060 687 litteras
1086 665 1158 687 con-

417 704 571 745 firmatis,
600 712 664 738 tum
691 717 707 738 a
732 707 881 749 capitulis
907 712 938 740 et
964 707 1157 740 delinitoriis

416 759 623 800 generalibus
642 759 742 802 ipsius
757 760 893 800 Ordinis,
914 771 995 804 quac
1014 761 1053 793 ab
1072 771 1157 793 anno

419 821 533 844 uncxix
561 813 727 856 bucusque
753 813 914 846 celebrata
940 818 1023 854 sunt,
1042 813 1156 854 editis;

417 865 535 908 quibus
562 865 670 898 omnia
696 866 832 910 insuper
857 866 1002 907 decreta,
1029 867 1106 899 alias
1142 877 1158 898 a

417 918 511 951 nobis
526 919 664 958 condita,
680 924 710 952 et
729 930 788 962 per
806 925 934 953 nostras
954 920 984 952 in
1005 919 1072 962 pari
1098 919 1160 952 sor-

416 974 466 1004 ma
484 972 595 1004 Brevis
617 972 667 1005 dle
690 983 739 1006 xx1
760 972 887 1015 augusti
911 982 1057 1006 MDccxxx
1079 982 1160 1005 ema·

417 1030 507 1057 natas
538 1025 661 1057 litteras
693 1025 895 1068 approbata,
925 1030 1158 1065 accesserunt·⁷

417 1088 452 1110 ac
470 1077 607 1110 subinde
627 1078 780 1111 collectio
808 1078 1077 1111 constitutionum
1104 1078 1161 1110 Iiu-

417 1131 555 1164 iusmodi
582 1131 620 1163 de
648 1131 799 1164 mandato
825 1131 949 1174 pariter
970 1137 1083 1164 nostro
1110 1142 1160 1164 re-

418 1184 481 1217 visa
507 1190 538 1217 et
556 1189 706 1217 accurate
725 1195 883 1228 expensa,
904 1195 1032 1217 necnon
1052 1184 1160 1227 aliqua

418 1248 454 1270 ex
481 1243 571 1281 parte
597 1239 771 1271 emendata
795 1238 863 1276 suit,
894 1238 1013 1271 tenoris
1039 1238 1092 1281 qui
1117 1248 1160 1270 se·

418 1291 538 1334 quitur,
560 1291 728 1324 videlicet:

464 1355 535 1384 C'Ar.
561 1354 582 1383 I.
609 1373 641 1376 -
668 1355 763 1392 Quoad
784 1355 895 1384 chorum
919 1359 942 1383 el
965 1355 1111 1383 orationem

712 1404 865 1433 mentalem.

457 1471 475 1491 1.
502 1461 543 1491 ΛΙ)
568 1461 652 1491 Iloris
674 1462 831 1492 Canonicis
865 1462 894 1491 iu
924 1462 1011 1492 choro
1033 1462 1160 1491 alterna-

417 1511 468 1541 tim
491 1511 649 1541 recitandis
672 1521 756 1541 nemo
772 1521 806 1541 ex
824 1511 930 1541 uostris
948 1511 1160 1551 cuiuscumque

417 1560 524 1599 gradus
547 1564 702 1600 exemptus
725 1560 773 1597 sit,
798 1564 913 1600 praeter
931 1561 1158 1600 praedicatores,

417 1610 485 1639 dum
501 1614 566 1639 actu
584 1613 678 1639 tamen
697 1610 877 1649 praedicant,
894 1614 920 1639 et
936 1610 1073 1648 lectores,
1091 1610 1158 1639 dum

417 1662 484 1689 actu
507 1659 619 1697 legunt,
644 1663 725 1688 extra
750 1668 819 1688 vero
843 1659 1026 1697 festivitates,
1047 1664 1075 1689 et
1091 1659 1158 1689 (lum

418 1708 493 1737 adsit
515 1708 664 1738 sufficiens
687 1717 828 1738 numerus
851 1708 1056 1737 choristarum.

458 1766 487 1787 ιι.
512 1757 566 1787 Ubi
590 1766 647 1787 non
670 1757 752 1787 adest
776 1767 846 1786 usus
867 1757 1010 1787 recitandi
1043 1757 1160 1788 matuti-

417 1815 487 1835 num
510 1805 539 1835 in
563 1806 658 1836 medio
682 1806 796 1843 noetis,
822 1806 962 1835 recitetur
996 1815 1085 1845 prope
1113 1815 1160 1836 or-

418 1859 478 1884 tum
502 1855 583 1890 solis,
609 1855 665 1892 vel,
690 1858 720 1884 ut
744 1864 805 1884 mos
828 1854 885 1884 iam
909 1854 1054 1891 obtinuit,
1073 1855 1159 1895 paulo

419 1908 482 1944 post
505 1904 568 1934 eius
590 1913 745 1941 occasum,
770 1904 815 1934 cui
840 1908 907 1934 tunc
931 1904 1068 1934 intersint
1091 1914 1160 1944 quo-

418 1962 473 1993 que
496 1953 525 1983 in
548 1953 674 1983 ecclesia
696 1953 762 1982 laici
785 1953 914 1991 legitIme
938 1962 995 1982 non
1014 1953 1158 1993 impediti.

457 2011 498 2032 111.
524 2001 773 2033 Ilebdomadarius
795 2012 831 2032 ne
855 2007 1023 2042 praesumat
1052 2003 1086 2032 de
1108 2004 1158 2032 sua

418 2051 571 2090 memoria,
596 2051 644 2081 sed
668 2051 697 2081 in
721 2051 866 2081 breviario
889 2052 932 2081 vel
949 2052 1055 2081 diurno
1071 2052 1158 2090 legat,

417 2109 491 2139 quae
525 2100 552 2130 in
587 2101 675 2130 choro
709 2101 787 2130 solus
820 2100 944 2130 recitare
977 2100 1074 2138 debet,
1106 2100 1159 2130 sub

418 2151 512 2188 poena
535 2151 648 2180 veniam
673 2150 789 2190 petendi
813 2159 910 2180 coram
926 2150 1011 2180 simul
1033 2150 1160 2180 discum-

417 2198 565 2229 bentibus.

457 2257 494 2277 iv.
521 2248 652 2286 Singulis
675 2247 780 2278 diebus
803 2247 947 2278 habeatur
970 2248 1107 2278 mentalis
1130 2257 1160 2278 o-

417 2296 492 2327 ratio
509 2306 559 2336 per
572 2297 686 2333 horam,
705 2296 871 2336 incipienda
890 2301 985 2327 tamen
1003 2306 1017 2326 a
1032 2297 1159 2327 lectione

417 2345 541 2374 alicuius
564 2345 631 2375 Ilbri
654 2345 828 2384 spiritualis,
852 2349 880 2375 et
902 2346 1075 2385 complenda
1093 2355 1160 2375 san-

417 2398 529 2424 ctorum
552 2394 661 2423 litaniis
684 2398 751 2424 ante
774 2403 917 2432 coenam,
941 2394 989 2424 cui
1014 2395 1159 2424 interesse

418 2442 524 2472 debent
536 2443 623 2472 etiam
637 2447 771 2480 regentes
787 2447 814 2472 et
828 2443 963 2480 lectores,
978 2442 1045 2473 licet
1061 2447 1160 2473 actua-

418 2492 470 2528 les,
494 2491 580 2521 sicuti
604 2491 752 2521 communi
776 2491 962 2530 flagellationi
986 2495 1013 2521 et
1032 2491 1158 2531 capitulo

418 2540 580 2579 culparum.

458 2597 485 2617 v.
510 2588 577 2618 Post
597 2588 724 2618 Primam
740 2598 855 2629 quoque
872 2588 1041 2619 mentaliter
1059 2593 1159 2619 oretur

419 2645 469 2676 per
491 2637 678 2676 semihoram,
703 2637 824 2668 inclusis
847 2642 944 2668 tamen
972 2637 1004 2668 Β.
1030 2637 1158 2676 Virginis

418 2685 539 2717 litaniis.

1005 284 1187 310 BULLARIUM
1213 285 1368 312 ROMANUM

1220 343 1288 375 CAP.
1312 344 1347 374 11.
1373 362 1406 366 —
1433 344 1526 380 Quoad
1547 355 1624 375 casus
1648 347 1677 375 in
1702 350 1791 376 nostro
1815 345 1919 378 Ordine

1273 394 1333 423 inre
1350 394 1448 423 harum
1464 395 1688 424 constitutionum
1704 399 1864 425 reserralos.

1240 461 1258 481 ι.
1274 452 1319 481 »[’ῑ
1342 451 1546 491 uuusquisque
1564 461 1598 482 ex
1616 452 1722 482 uostris
1738 453 1942 492 superioribus
1967 466 2090 487 nummum
2103 472 2137 498 εις
2170 487 2171 497 ,

1200 500 1245 530 ius
1268 509 1352 530 suum
1377 504 1586 538 recognoscat,
1611 501 1705 540 quoad
1734 510 1819 530 casus
1849 495 2137 546 reser-ffisin,{,⁰„⁸f„2¹[³¹¹
2169 503 2170 507 ’

1202 553 1291 585 vatos,
1313 548 1508 586 declaramus,
1533 549 1608 588 quod
1632 559 1665 579 ex
1690 558 1768 579 nunc
1790 554 1818 579 et
1833 549 1862 579 in
1877 559 1944 589 per-

1201 602 1320 637 petuum
1344 598 1523 637 infrascripti
1546 603 1659 628 tantum
1683 608 1767 628 casus
1786 599 1815 628 in
1832 598 1942 629 Ordine

1201 651 1301 677 nostro
1320 656 1352 676 ex
1370 647 1546 676 auctoritate
1562 647 1689 685 regulari
1706 651 1773 677 sunt
1789 647 1944 686 reservati,

1203 705 1324 735 nempe:

1305 753 1389 783 (Iasus
1412 754 1536 783 »iluistro
1556 754 1680 792 ffenerali
1701 754 1842 783 reservati.

1245 813 1270 841 1.
1285 812 1410 848 Occisio,
1429 816 1477 841 aut
1493 811 1638 841 mutilatio
1655 811 1866 851 cuiuscumque
1884 821 1945 852 per-

1203 870 1306 894 souae;

1243 910 1270 938 ⁰2.
1296 908 1446 944 Quaelibet
1470 909 1618 949 percussio
1641 908 1851 948 praelatorum,
1877 917 1945 948 pro-

1204 958 1350 988 curatoris
1367 958 1524 996 generalis,
1542 957 1693 987 secretarii
1710 957 1866 996 generalis,
1878 966 1948 988 nec-

1203 1016 1261 1037 non
1286 1007 1436 1037 secretarii
1461 1007 1667 1046 provincialis,

1243 1057 1271 1085 3.
1296 1056 1452 1093 renonem,
1477 1055 1700 1094 incantationes,
1722 1056 1887 1094 sortilegia3

1242 1105 1273 1135 4.
1289 1104 1470 1139 Retardatio,
1491 1108 1541 1134 aut
1558 1104 1734 1134 maliti0sum
1755 1104 1946 1144 impedimen-

1204 1157 1276 1190 tum,
1302 1157 1351 1182 aut
1374 1152 1497 1192 aperitio
1520 1153 1685 1183 litterarum
1715 1153 1863 1191 generalis
1896 1156 1946 1183 aut

1203 1201 1265 1230 eius
1285 1200 1478 1230 commissarii
1495 1206 1544 1231 aut
1562 1202 1760 1240 procuratoris
1775 1201 1894 1232 Ordinis
1910 1201 1946 1231 ad

1203 1250 1350 1290 quoslibet
1383 1250 1476 1288 alim,
1508 1251 1595 1280 etiam
1619 1260 1677 1280 uon
1700 1250 1872 1289 religiosos,
1897 1253 1947 1281 aut

1204 1299 1328 1329 aliorum
1347 1308 1601 1339 ‹piorumcumque
1623 1299 1807 1329 subditorum
1831 1303 1859 1330 et
1881 1309 1945 1330 sae-

1203 1348 1347 1378 cularium
1370 1348 1404 1377 ad
1428 1348 1561 1379 eosdem:

1242 1398 1270 1427 5.
1296 1397 1471 1427 Falsilicatio
1494 1407 1608 1433 manus,
1633 1397 1776 1436 velsigilli
1793 1397 1884 1438 patris
1897 1408 1945 1437 ge-

1204 1446 1323 1482 maratis,
1348 1446 1540 1476 commissarii
1564 1447 1721 1485 generatis,
1741 1451 1791 1476 aut
1808 1456 1947 1487 procura-

1204 1493 1276 1524 toris
1297 1493 1427 1523 (jrdinis.

1279 1551 1365 1582 Casus
1387 1552 1514 1581 ministro
1534 1551 1707 1591 provinciali
1728 1553 1871 1582 reservati.

1244 1610 1271 1640 1.
1288 1609 1441 1646 Quaelibet
1461 1610 1611 1650 percussio
1627 1610 1724 1648 gravis
1739 1610 1944 1649 religIOsorum

1204 1658 1277 1689 infra
1301 1661 1445 1699 praelatos
1467 1662 1495 1688 et
1512 1668 1651 1698 personas
1677 1668 1764 1698 supra
1781 1659 1946 1689 nominatas

1203 1709 1231 1738 in
1249 1708 1377 1738 secundo
1390 1717 1458 1738 casu
1476 1708 1609 1738 ministro
1625 1708 1754 1746 generali
1771 1711 1918 1738 reservato
1933 1717 1941 1745 3

1203 1766 1278 1796 quae
1301 1757 1451 1796 percussio
1473 1756 1529 1786 erit
1546 1756 1643 1795 gravis
1664 1756 1686 1786 si
1704 1756 1794 1786 suerit
1809 1765 1874 1786 curn
1895 1765 1946 1786 no·
1984 1773 1986 1776 v

1205 1806 1285 1836 tabili
1309 1805 1450 1835 effusione
1473 1805 1638 1843 sanguinis
1663 1804 1707 1834 vel
1726 1814 1792 1834 cum
1808 1804 1946 1835 scandalo

1203 1854 1399 1884 saecularium
1411 1865 1418 1892 ς

1243 1903 1271 1932 2.
1297 1903 1495 1933 loramentum
1519 1902 1622 1932 salsum
1640 1901 1670 1932 in
1687 1901 1818 1941 quolibet
1837 1901 1946 1934 iudicio

1204 1953 1352 1991 legitim03

1243 2002 1272 2032 3.
1296 2001 1477 2038 l'rocuratio,
1496 2001 1650 2040 auxilium,
1670 2011 1721 2031 seu
1740 2001 1895 2032 consilium
1910 2002 1946 2033 ad

1204 2051 1338 2081 abortum
1354 2054 1418 2090 post
1434 2051 1542 2080 foetum
1555 2050 1727 2088 animatum,
1742 2050 1829 2080 etiam
1840 2051 1946 2082 effectu

1204 2109 1261 2130 non
1285 2103 1426 2139 sequuto,

1243 2150 1271 2179 4.
1296 2149 1471 2180 Falsisscatio
1493 2158 1596 2179 manus
1626 2153 1675 2179 aut
1701 2149 1789 2188 sigilli
1814 2149 1944 2180 omnium

1202 2198 1410 2238 superiorum,
1436 2207 1469 2228 ac
1494 2198 1580 2228 etiam
1615 2198 1783 2228 officialium
1818 2208 1946 2230 eonven-

1203 2252 1285 2278 tuum
1301 2271 1308 2285 ,
1332 2248 1382 2278 sed
1405 2248 1480 2278 infra
1504 2248 1691 2286 generalem,
1727 2252 1944 2287 procuratorem

1202 2297 1367 2335 generalem
1379 2296 1651 2327 etcommissarium
1666 2297 1831 2335 generalem
1844 2307 1945 2338 quem-

1203 2346 1289 2382 Iibet3

1242 2396 1270 2424 5.
1294 2394 1473 2424 Malitiosum
1497 2394 1753 2434 impedimentum,
1771 2395 1941 2431 retardatio,

1202 2448 1251 2474 aut
1272 2443 1395 2483 aperitio
1419 2444 1582 2473 litterarum
1606 2453 1619 2473 a
1633 2443 1835 2483 superioribus
1851 2444 1944 2474 omni·
2172 2461 2177 2475 ι

1202 2493 1266 2528 bus,
1291 2493 1419 2533 exceptis
1441 2492 1583 2532 generali,
1606 2493 1670 2523 eius
1693 2493 1898 2523 commissario
1915 2497 1943 2524 et

1202 2546 1393 2582 procuratore
1406 2541 1546 2581 generali,
1559 2541 1593 2572 ad
1610 2541 1765 2572 inferiores
1781 2542 1868 2572 etiam
1885 2552 1944 2573 non
2175 2549 2178 2583 I

1201 2590 1354 2629 religiosos
1378 2595 1406 2621 et
1429 2591 1533 2621 horum
1555 2591 1590 2621 ad
1613 2590 1709 2631 ipsos;
2174 2595 2178 2634 I

1241 2639 1269 2670 6.
1295 2639 1416 2670 Furtum
1440 2639 1482 2670 rei
1505 2649 1616 2678 sacrae,
1636 2639 1713 2680 quod
1736 2639 1774 2670 sit
1790 2643 1941 2680 peccatum
2176 2645 2177 2650 ¹

1200 2689 1337 2720 mortale.
