2182 3137
51 218 101 246 An.
122 218 153 245 C.
171 216 239 245 ¹732

248 267 354 299 lorum
380 264 584 298 dioecesibus
609 263 798 296 exercitium
824 267 990 301 servetur;

250 329 398 362 quaeque
432 318 511 351 illud
548 316 854 360 quomodocumque
890 314 993 357 impe-

251 371 319 404 dire
350 377 383 404 et
419 371 548 404 laedere
589 370 722 402 sortasse
748 372 904 411 possunt,
932 378 991 409 pro

250 425 333 458 virili
353 425 463 457 nostra
489 423 619 465 penitus
637 431 787 454 amovere
805 420 991 463 cupientes:

250 476 523 521 quemadmodum
549 475 626 507 alias
658 473 793 506 Romani
819 472 992 505 Pontifices

250 537 473 563 antecessores
490 528 591 560 nostri
611 528 740 570 saepius
759 532 915 567 egerunt,
935 535 992 558 nos

251 593 399 626 quoque,
426 583 465 614 ad
490 581 767 624 praesen-vandum
796 579 912 611 iisdem
937 590 992 621 pa-

249 636 411 674 triarchis,
437 634 695 677 archiepiscopis
719 639 751 666 et.
766 633 938 676 episcopis
957 643 992 664 ac

251 689 509 733 quibuscumque
536 688 606 720 aliis
632 687 805 720 Ordinibus
831 696 866 718 ac
891 686 992 718 coeti-

250 743 311 775 bus
346 741 575 775 ecclesiasticis
605 746 636 773 et
671 740 891 773 saecularibus
922 750 992 771 suo-

251 807 321 828 rum
340 796 457 828 iurium
480 794 666 828 exercitium
685 799 716 826 et
736 792 989 836 possessionem,

251 848 528 891 amovendamque
562 857 841 890 quaiau‘i'icumque
869 846 991 878 dissen-

253 902 377 935 tionum
404 908 435 934 et
460 901 564 934 litium
588 899 817 938 occasionem,
846 911 880 931 ex
916 910 992 931 eon-

250 958 341 989 cessa
365 956 459 988 nobis
493 955 644 987 divinitus
676 954 873 997 apostolicae
899 960 992 995 pote-

250 1009 341 1042 statis
367 1009 583 1051 plenitudine,
604 1008 792 1041 eorumdem
811 1013 992 1039 antecesso-

251 1073 320 1095 rum
348 1069 532 1095 nostrorum
558 1060 749 1094 Pontificum
774 1061 990 1093 Romanorum

250 1116 395 1158 vestigiis
420 1115 654 1153 inhaerentes,
683 1114 852 1146 statuimus
880 1119 911 1146 et
938 1114 992 1146 de-

252 1170 422 1209 cernimus,
449 1169 489 1201 de
515 1167 666 1200 omnibus
688 1174 720 1199 et
744 1167 882 1209 singulis
902 1178 992 1210 prae<

252 1222 345 1255 dictis
371 1222 488 1255 litteris
514 1227 546 1253 et
576 1221 882 1258 constitutionibus,
909 1231 990 1263 quae

250 1276 289 1308 ab
315 1276 429 1308 eodem
455 1281 661 1307 antecessore
684 1280 794 1306 nostro
814 1274 990 1306 Benedicta·
1013 1300 1014 1305 ,

249 1330 464 1373 prodierunt,
490 1339 618 1361 necnon
645 1329 684 1360 de
711 1328 861 1360 omnibus
895 1327 991 1370 privi·

250 1383 354 1425 legiis,
379 1382 501 1422 gratiis,
523 1381 693 1418 favoribus,
717 1381 861 1420 indultis,
885 1391 992 1413 exem-

249 1437 430 1479 ptionibus,
448 1435 649 1468 facultatibus
668 1440 699 1467 et
717 1434 991 1467 declarationibus

250 1489 283 1521 in
309 1489 421 1522 iisdem
448 1489 630 1524 contentis.
657 1498 725 1520 eam
758 1488 913 1530 deinceps·
939 1488 992 1520 de-

251 1542 405 1575 cisionem
443 1554 478 1574 ac
519 1541 671 1573 iudiciuin
710 1541 806 1573 etiam
848 1541 880 1572 in
923 1541 990 1574 t‘oro

250 1596 483 1635 conscientiae,
511 1596 715 1635 liabeuduin,
749 1596 837 1638 quod
863 1595 928 1627 sive
955 1606 991 1627 ex

250 1649 395 1682 Concilio
420 1649 619 1686 'sridentinQ
647 1649 710 1680 sive
737 1660 772 1680 ex
801 1649 940 1681 decretis
959 1654 991 1680 ct

250 1702 538 1736 constitutionibus
575 1702 781 1744 apostolicis,
808 1702 873 1734 sive
911 1702 991 1734 alias

250 1756 396 1799 legitime
424 1756 626 1795 habebatur,
655 1761 830 1798 antequam
856 1756 990 1788 eaedem

250 1810 379 1843 litterae
404 1816 436 1842 et
460 1809 701 1842 declarationes
727 1810 767 1841 ab
793 1810 909 1842 eodem
935 1809 992 1841 Be-

251 1863 381 1895 nedicto
407 1872 580 1895 concessae
607 1862 750 1902 fuissent,
772 1863 908 1905 perinde
935 1863 993 1894 sci-

252 1918 330 1951 licet,
365 1928 399 1949 ac
439 1917 463 1948 si
490 1917 564 1949 illae
598 1926 662 1948 non
701 1921 925 1955 emanassent·⁷
953 1916 991 1948 ai]

253 1981 348 2014 quam
376 1969 631 2013 dispositionem,
659 1969 793 2012 eiusque
820 1969 991 2012 pristinum

253 2031 370 2058 statum
405 2036 439 2057 ac
479 2024 669 2060 terminum,
696 2022 802 2055 onmia
842 2023 993 2066 superius

253 2079 424 2112 enunciata
451 2078 584 2110 omnino
619 2077 804 2109 reducimus¹
838 2083 868 2108 et
898 2077 993 2109 redu-

252 2138 304 2165 cta
329 2143 400 2163 esse
427 2132 584 2171 volumus,
604 2131 683 2163 itaut
708 2131 919 2173 imposterum
942 2142 993 2162 su-

252 2186 389 2229 pradicti
423 2185 559 2217 Ordines
598 2185 765 2225 regulares
804 2185 992 2217 earumdem

252 2240 433 2273 litterarum
460 2245 491 2271 et
521 2238 787 2271 constitutionum
812 2249 881 2276 usu,
907 2249 993 2270 com-

252 2294 348 2327 modo
374 2299 405 2326 et
432 2293 543 2326 effectu
570 2292 698 2335 penitus
734 2302 844 2324 carere
871 2292 991 2324 debere

251 2347 489 2389 intelligantur,

66 2405 240 2436 etquaeearum
295 2401 309 2443 ᾗ
334 2399 365 2433 3.
394 2400 474 2433 ilinc
500 2400 537 2431 ad
565 2400 815 2441 praemissorum
842 2399 989 2431 ctl'ectuni

57 2435 311 2507 ἒῇἶὲἓὲεέᾆίἰέῗρνο
336 2454 434 2486 nullis
472 2459 503 2485 ct.
527 2453 653 2485 intectis
692 2453 802 2484 baberi
840 2454 989 2485 volumus

57 2512 231 2535 introductioni.
251 2507 359 2541 omnia
385 2507 512 2539 decreta
538 2506 707 2545 irritantia,
736 2506 988 2548 prohibitiones,

252 2559 499 2599 declarationes,
527 2559 676 2590 mandata
709 2564 741 2590 et
766 2569 989 2601 quaecumque

252 2614 283 2647 in
310 2613 423 2647 litteris
449 2618 479 2645 et
504 2612 788 2645 constitutionibus
815 2612 990 2655 praedictis

861 215 1002 237 CLEMENS
1029 215 1073 237 xu
1099 216 1148 237 ΙΨ.

1677 203 1741 237 3⁶25
1788 214 1838 239 An.
1858 211 1975 239 c.1732

1036 262 1286 305 quomodolibet
1311 262 1475 306 apposita,
1506 267 1603 306 atque
1629 263 1691 295 alia
1723 272 1779 294 eo-

1037 316 1181 348 rumdem
1196 316 1367 349 occasione
1385 317 1478 356 sacta,
1495 316 1571 348 huic
1584 315 1777 353 reductioni,

1037 368 1168 401 decreto
1196 374 1228 400 et
1251 369 1408 401 voluntati
1441 375 1570 402 nostrae
1597 369 1777 412 quomodo-

1036 430 1176 462 cumque
1201 421 1426 462 adversantia,
1454 421 1713 464 quibuseumque
1740 433 1776 454 ea

1037 478 1148 505 essent
1173 479 1331 516 concepta
1357 474 1503 507 formulis
1532 486 1569 507 ac
1590 485 1776 516 praeserva-

1036 526 1194 566 tionibus,
1222 527 1509 566 declarationibus,
1529 528 1776 560 modificationi-

1036 580 1116 619 bus,
1161 580 1447 619 restrictionibus,
1490 582 1773 624 explicationibus,

1036 633 1316 675 derogatoriarum
1355 634 1571 676 derogatoriis
1587 662 1594 672 ,
1637 635 1776 677 aliisque

1037 686 1256 723 validissimis,
1282 686 1512 719 efficacissimis
1545 693 1577 719 et
1606 687 1777 720 inviolabi-

1036 740 1121 773 libus
1147 740 1310 779 clausulis,
1336 741 1527 783 praesertim
1547 742 1631 784 quod
1649 752 1777 784 semper

1036 793 1066 825 in
1093 793 1165 826 data
1183 793 1379 836 cuicumque
1398 793 1621 826 constitutioni
1648 794 1775 827 illarum

1036 847 1268 885 revocatoriae,
1296 847 1510 890 imposterum
1537 846 1696 885 edendae,
1724 858 1777 889 po-

1036 900 1192 933 steriores
1219 906 1437 939 censeantur,
1466 900 1563 933 etiam
1595 907 1681 933 motu
1708 912 1777 943 pro⁴

1035 953 1107 997 prio
1127 960 1158 986 et
1176 954 1346 996 potestatis
1365 954 1433 996 pari
1452 953 1668 996 plenitudine,
1687 965 1722 986 ac
1740 965 1777 987 ex

1035 1009 1123 1039 certa
1159 1007 1318 1047 seientia,
1353 1007 1449 1040 etiam
1483 1007 1773 1045 consistorialiter,

1035 1061 1131 1092 etiam
1150 1071 1209 1103 pro
1228 1060 1475 1093 conservatione
1490 1066 1590 1092 status
1606 1060 1775 1101 regularis,

1035 1114 1130 1145 etiam
1159 1115 1189 1146 in
1209 1114 1273 1145 vim
1299 1120 1484 1146 contractus
1502 1119 1533 1145 et
1554 1113 1775 1155 stipulationis

1035 1167 1120 1199 inter
1164 1168 1279 1200 Sedem
1318 1167 1535 1210 Apostolicam
1578 1174 1610 1199 et
1640 1167 1776 1200 Ordines

1012 1211 1217 1260 'praedictos
1244 1221 1359 1259 initae,
1393 1231 1487 1263 quam
1526 1220 1563 1252 ad
1591 1221 1774 1254 huiusmodi

1035 1273 1182 1305 ellectum
1209 1273 1434 1312 rescindimus,
1453 1279 1484 1305 et
1501 1284 1536 1305 ex*
1559 1284 1645 1305 nunc
1665 1274 1777 1306 rescis-

1035 1338 1113 1366 sani,
1156 1327 1343 1370 nulliusque
1387 1327 1511 1360 roboris
1547 1333 1579 1360 et
1617 1328 1774 1360 n'ioi'ncnti

1035 1391 1106 1413 esse
1132 1382 1280 1413 volumus
1308 1387 1337 1413 ct
1363 1380 1580 1413 decernimus.

1078 1434 1093 1476 g
1117 1433 1147 1466 4.
1175 1434 1318 1476 ideoque
1343 1444 1457 1466 omnes
1482 1433 1714 1474 dissensiones,
1737 1436 1776 1467 al·
1805 1471 1807 1473 ,
1841 1444 1902 1480 ¹³²²?
1922 1450 1971 1465 vero

1037 1487 1229 1519 tercationes
1249 1492 1280 1520 et
1297 1487 1370 1520 lites
1391 1497 1498 1520 coram
1517 1468 1973 1531 quibuscumquelffssaiififf‘ilssit

1035 1540 1192 1572 iudicibus
1219 1540 1412 1579 ordinariis,
1452 1541 1720 1572 extraordinariis
1746 1524 1973 1574 eissfsli²3⁵ssii1'-‘i.'1'513¹3

1034 1594 1283 1633 commissaliis,
1322 1594 1417 1626 etiam
1458 1604 1627 1626 causarum
1667 1577 1973 1637 palatii'laffleewfl'm'

1034 1647 1204 1690 apostolici
1230 1647 1432 1680 auditoribus
1459 1652 1491 1680 et
1515 1647 1544 1680 S.
1564 1647 1600 1679 R.
1616 1647 1649 1679 E.
1672 1648 1778 1680 cardi-

1013 1708 1014 1715 *
1034 1701 1172 1741 nalibus,
1200 1701 1294 1734 etiam
1323 1702 1361 1734 de
1383 1702 1484 1734 latere
1504 1701 1628 1743 legatis,
1650 1712 1776 1733 uernon

1034 1766 1236 1798 quacumque
1255 1756 1442 1787 eorumdem
1466 1755 1679 1787 cardinalium
1699 1755 1778 1787 Con-

1035 1808 1237 1851 gregafflone,
1263 1808 1505 1851 praedictarum
1531 1807 1712 1840 litterarum
1746 1814 1778 1840 et

1036 1862 1305 1894 constitutionum
1345 1861 1515 1893 occasione
1547 1861 1609 1893 iam
1646 1867 1774 1899 motas,

1036 1915 1155 1947 nedum
1195 1914 1320 1947 decisas
1345 1920 1398 1945 ant
1438 1913 1564 1952 finitas,
1594 1916 1642 1947 vel
1670 1915 1774 1954 ctiam,

1037 1979 1120 2011 quae
1146 1968 1207 2000 iani
1235 1967 1363 2000 decisae
1391 1973 1508 2004 essent,
1536 1968 1561 1999 si
1588 1968 1683 2000 niodo
1714 1973 1777 2000 tra-

1036 2027 1120 2053 ctum
1148 2021 1290 2053 babeant
1315 2021 1539 2060 successivum,
1567 2032 1687 2064 easque
1707 2033 1777 2054 rur-

1037 2087 1091 2107 sus
1111 2077 1322 2119 imposterum
1343 2075 1473 2108 excitari
1496 2076 1673 2118 contingat,
1690 2076 1777 2109 iuxta

1036 2130 1114 2163 iuris
1140 2130 1330 2169 communis,
1356 2129 1490 2162 Concilii
1516 2129 1706 2169 Tridentini,
1723 2131 1777 2162 de-

1036 2190 1200 2217 cretorum
1228 2187 1258 2217 ct
1292 2183 1560 2216 constitutionum
1587 2184 1777 2225 apostolica-

1035 2249 1116 2274 rum,
1145 2249 1180 2270 ac
1206 2242 1411 2280 praesentem
1440 2236 1524 2268 lianc
1548 2242 1690 2268 nostram
1717 2238 1776 2269 dis-

1035 2291 1244 2333 positionem,
1271 2300 1331 2322 nec
1357 2289 1461 2327 aliter,
1487 2289 1685 2322 decidendas
1705 2301 1774 2323 esse

1035 2344 1261 2388 praecipimus.

1078 2400 1092 2439 ξ
1117 2398 1147 2429 5.
1176 2397 1296 2429 Futura
1323 2408 1398 2428 vero
1426 2396 1523 2427 dubia
1549 2401 1579 2428 et
1605 2395 1898 2448 ‘³5¹'¹³C¹¹¹¹³·iiui‘.]3¹“5?
1911 2407 1969 2448 d'ffiri‘j

1036 2458 1092 2491 tes,
1114 2452 1311 2494 ubicumque
1330 2456 1359 2482 et
1376 2450 1647 2492 quandocumque
1670 2452 1970 2502 0¹'lstn‘3ffiss'g’ssffiggffi‘ss

1035 2512 1093 2545 tur,
1121 2506 1158 2538 ail
1187 2515 1243 2537 nos
1265 2509 1296 2537 et
1320 2504 1434 2536 Sedem
1462 2503 1695 2545 Apostolicam,
1733 2504 1772 2536 ad
1785 2508 1911 2529 demenda-

1034 2570 1127 2602 quani
1144 2557 1380 2601 pontificiarum
1395 2556 1660 2589 constitutionum
1675 2562 1771 2599 atque

1033 2611 1323 2645 ecclesiasticarum
1367 2610 1573 2642 sanctionum
1614 2609 1773 2652 interpre-
