2182 3137
21 209 74 236 An.
92 207 122 234 C.
142 205 210 232 1730

18 1002 119 1026 &tensio
153 1008 202 1023 con-

21 1029 121 1051 cessionis
131 1029 202 1050 huius-

21 1055 75 1078 modi
95 1056 123 1077 ad
138 1061 201 1082 pecu-

16 1082 84 1104 liares
103 1088 174 1104 casus.

843 205 985 228 CLEMENS

216 254 288 287 aliis
320 254 554 288 collectoribus
581 259 613 286 et
646 252 956 291 suhcollectoribus,

215 306 401 350 ceterisque
426 306 660 354 cuiuscumque
686 304 865 348 dignitatis,
895 310 960 337 sta-

214 367 274 400 tus,
299 360 421 402 gradus
446 365 478 392 et
502 358 702 392 conditionis
729 357 957 397 existentibus,

215 413 314 446 etiam
350 412 462 455 quavis
498 412 693 444 auctoritate
730 415 762 443 et
797 416 959 452 potestate

213 466 439 508 fungentibus,
455 466 514 498 suh
533 463 878 498 excommunicationis
895 474 960 496 ma-

213 519 314 559 ioris,
341 518 483 561 aliisque
509 517 738 551 ecclesiasticis
763 517 956 555 sententiis,

214 572 361 605 censuris
394 577 426 604 et
462 571 600 614 poenis,
638 581 679 603 ne
705 569 955 609 universitates,

214 625 354 668 collegia
379 636 416 658 ac
441 626 515 658 loca
535 630 568 657 et
586 624 772 666 legatarios,
798 624 958 656 haeredes

214 685 246 711 et
270 688 441 721 personas,
458 688 589 710 necnon
609 681 890 715 testamentorum,
911 686 959 708 vo-

213 733 376 765 luntatum
415 736 446 763 et
485 730 727 763 ordinationum
768 729 957 761 huiusmodi

214 789 403 817 executores
430 783 623 826 praedictos,
648 782 774 815 directe
799 783 849 814 vel
875 782 959 814 indi-

213 843 310 876 recte,
338 837 454 879 quovis
481 836 627 879 quaesito
653 836 764 868 colore
790 836 839 868 vel
869 835 959 877 inge-

212 889 279 928 nio,
305 891 480 922 molestare
499 889 642 922 audeant
659 888 891 932 quoquomodo
909 890 957 921 vel

212 943 424 986 perturbare.

258 997 272 1040 ξ
312 996 342 1030 8.
369 997 413 1029 Ac
451 997 694 1034 decernentes,
726 996 893 1039 praedicta
924 1006 980 1028 ι)-Ἰ

212 1050 300 1082 mnia
325 1055 357 1082 et
382 1050 522 1093 singula,
541 1055 800 1092 praesentesque
823 1049 956 1087 litteras,

214 1110 247 1136 et
271 1108 487 1143 testamenta,
515 1103 733 1140 donationes,
766 1102 955 1141 codicillos,

212 1156 476 1193 fideicommissa,
501 1156 619 1198 legata,
642 1155 880 1193 ordinationes,
902 1155 957 1187 de-

213 1209 408 1251 rogationes,
436 1207 685 1251 disposhiones,
715 1214 746 1240 et
771 1208 834 1240 alia
859 1218 958 1250 quae-

213 1272 364 1304 cumque,
390 1271 521 1293 necnon
547 1271 628 1303 quae
654 1261 687 1292 in
708 1260 896 1304 praemissis
915 1261 958 1293 sa-

212 1320 264 1347 cta
289 1321 366 1347 sunt
390 1320 446 1347 aut
474 1314 545 1347 fieri
563 1314 740 1356 contigerit
759 1320 821 1346 tam
847 1315 957 1355 vigore

210 1367 395 1411 praesentis
419 1378 517 1409 quam
544 1366 640 1399 etiam
667 1367 803 1399 aliarum
825 1378 958 1399 conces-

211 1422 340 1454 sionum
364 1421 454 1453 vobis
480 1421 657 1461 factarum,
685 1427 717 1453 et
743 1420 899 1463 deinceps
924 1421 956 1452 in

211 1484 335 1516 genere
362 1480 394 1507 et
418 1474 452 1506 in
477 1474 588 1517 specie
614 1474 835 1506 faciendarum
851 1500 858 1513 ,
883 1484 957 1506 cum

211 1528 289 1560 inde
314 1528 436 1560 secutis
473 1534 504 1560 et
541 1528 722 1566 secuturis,
750 1528 876 1560 etiamsi
902 1538 957 1560 vos

210 1582 297 1614 intra
322 1581 474 1621 Curiam,
503 1587 558 1614 aut
587 1582 619 1613 in
653 1591 858 1624 quacumque
895 1581 957 1613 alia

209 1635 325 1667 mundi
349 1640 441 1678 parte
467 1641 556 1667 extra
581 1635 739 1667 eeclesias
771 1640 801 1666 et
835 1633 956 1666 beneti—

211 1689 262 1721 cia
278 1689 487 1731 personalem
512 1687 724 1720 residentiam
744 1687 955 1730 requirentia,

212 1741 493 1784 qualitercumque
511 1739 707 1783 qualificata,
723 1751 781 1783 per
799 1751 853 1774 vos
871 1751 957 1773 nunc

211 1800 243 1827 et
279 1805 338 1836 pro
376 1799 525 1836 tempore
564 1793 719 1832 obtenta,
760 1794 856 1826 etiam
896 1804 956 1835 pro

209 1849 317 1879 vestra
338 1847 406 1879 sola
421 1847 585 1879 voluntate
602 1852 633 1878 et
650 1847 739 1878 nulla
754 1846 956 1878 subsistente

211 1901 308 1931 causa
330 1909 397 1931 non
424 1899 597 1938 residendi,
625 1900 664 1931 ab
692 1899 841 1931 humanis
867 1900 958 1931 dece-

212 1952 290 1985 dere
316 1952 503 1993 conhgerit,
529 1952 590 1984 sub
616 1952 733 1984 litteris
759 1953 956 1984 recolendae
978 1953 979 1970 ³

211 2005 390 2038 memoriae
417 2005 462 2037 Pii
489 2005 594 2048 Papae
620 2005 656 2037 lx*
689 2006 956 2048 praedecessoris

211 2060 337 2102 pariter
362 2059 466 2092 nostri
493 2065 607 2091 contra
639 2070 861 2102 quoscumque
887 2060 956 2102 epi-
978 2065 979 2080 ¹

213 2123 343 2155 scopos,
369 2112 636 2154 archiepiscopos
669 2118 700 2144 et
724 2113 804 2144 alios
831 2114 979 2155 praela-,

213 2172 285 2204 tos,
322 2176 451 2197 necnon
477 2165 717 2208 parochialium
744 2166 979 2213 ecelesiarum,

210 2225 378 2258 rectores,
405 2224 597 2261 ceterosque
622 2219 821 2252 residentiae
847 2222 979 2261 perso-3

212 2272 276 2305 nali
303 2272 491 2314 praedictae
517 2272 713 2311 adstrictos»,
740 2278 829 2305 extra
867 2273 955 2305 illam
977 2262 979 2295 ἕ

213 2325 520 2367 quomodocumque
544 2325 753 2365 decedentes
780 2336 823 2358 vn
847 2326 957 2358 ltalen-
977 2337 979 2348 <

212 2378 268 2410 das
294 2378 488 2416 decembris,
516 2379 724 2421 pontificatus
750 2380 798 2411 sui
818 2390 902 2412 anno
928 2391 955 2419 v,

213 2437 269 2463 aut
294 2431 359 2463 alio
385 2430 504 2463 veriori
532 2438 698 2474 tempore,
725 2433 899 2472 emanatis,
926 2440 954 2465 et

212 2484 272 2516 sub
287 2483 549 2526 quibuscumque
575 2484 645 2516 aliis
672 2485 956 2532 constitutionibus
978 2484 980 2517 ἶ

213 2542 268 2569 aut
292 2536 571 2576 revocationibus,
598 2538 890 2579 suspensionilms,
920 2539 957 2571 li-

214 2589 454 2629 mitadonibus,
479 2589 783 2629 modificationibus,
804 2591 954 2631 decretis,

1643 200 1703 233 151

1003 253 1280 288 declarationibus
1306 258 1505 299 apostolicis,
1523 257 1746 290 Cancellariae

1004 307 1212 349 Apostolicae
1241 310 1384 352 regulis,
1411 321 1448 342 ex
1485 311 1746 354 quibuscumque

1003 359 1109 391 causis
1135 366 1431 405 quantumcumque
1457 363 1603 396 maximis
1629 374 1748 405 urgen—

1003 411 1089 443 tibus
1114 418 1145 444 et
1169 413 1492 456 inexcogitabilibus,
1519 417 1615 448 etiam
1642 417 1674 448 in
1703 416 1747 449 sa-

1003 473 1115 496 vorem
1139 465 1215 498 fidei
1241 471 1273 498 et
1302 467 1402 499 divini
1435 469 1539 500 cultus
1565 479 1745 511 augumen-

1003 522 1080 556 tum,
1106 528 1142 549 ac
1167 519 1452 560 consistorialiter,
1478 521 1574 554 etiam
1606 532 1625 554 a
1645 522 1745 554 nobis

1011 206 1055 228 ΧΠ
1080 207 1129 229 ΡΡ.

980 574 1034 601 Ὶεἰ
1058 570 1143 603 Sede
1179 571 1346 614 praedicta
1378 572 1535 605 hactenus
1571 576 1619 607 vel
1656 585 1745 608 nunc

1002 628 1034 655 et
1059 634 1117 666 pro
1143 630 1291 667 tempore
1316 626 1408 657 sactis
1426 632 1458 658 et
1475 627 1580 666 editis,
1609 628 1744 661 minime

1002 677 1257 719 comprehendi3
1284 678 1341 710 sed
1366 688 1494 721 semper
1511 680 1550 711 ab
1568 680 1632 713 illis
1652 691 1747 713 exce-

1002 734 1067 771 pta,
1089 735 1132 769 et,
1160 730 1289 772 quoties
1316 737 1464 764 emanata
1490 732 1622 772 suerint,
1650 734 1746 767 toties

1003 781 1034 813 in
1062 782 1235 824 pristinum
1260 789 1292 816 et
1317 784 1546 817 validissimum
1565 792 1695 825 statum,
1716 793 1747 820 et

1003 835 1099 867 etiam
1127 836 1186 868 sub
1211 837 1396 878 posteriora
1421 838 1512 877 data,
1538 839 1635 871 etiam
1672 851 1746 873 cum

1003 887 1272 930 derogationibus
1298 896 1331 922 et
1354 891 1510 923 clausulis
1529 891 1623 923 etiam
1651 893 1749 925 dero-

1002 940 1200 981 gatoriarum
1226 941 1450 984 derogatoriis,
1476 943 1747 987 irritantibusque

1002 1000 1034 1026 et
1069 994 1141 1026 aliis
1178 995 1340 1036 decretis,
1372 1006 1431 1038 per
1473 1007 1529 1029 vos
1567 997 1745 1039 eligenda,

1002 1048 1210 1090 apponendis
1246 1054 1277 1081 et
1311 1049 1468 1082 latissime
1494 1051 1745 1093 specificandis,

1002 1101 1169 1143 reposita,
1197 1101 1345 1134 restituta
1380 1108 1411 1135 et
1444 1103 1589 1145 plenarie
1624 1104 1747 1137 reinte-

1002 1160 1112 1196 grata,
1140 1165 1177 1187 ac
1202 1155 1241 1188 de
1267 1166 1350 1189 novo
1375 1167 1547 1196 concessa,
1574 1157 1746 1200 validaque

1002 1213 1034 1239 et
1058 1208 1202 1241 efficacia
1227 1209 1315 1248 sore,
1344 1220 1472 1242 necnon
1510 1213 1668 1253 perpetua
1692 1211 1746 1243 fir—

1001 1261 1111 1294 mitate
1137 1261 1329 1303 subsistere,
1356 1273 1499 1306 suosque
1525 1264 1690 1306 plenarios
1715 1270 1748 1297 et

1001 1325 1112 1346 omnes
1150 1314 1295 1354 effectus,
1323 1326 1405 1358 quos
1446 1317 1484 1349 de
1522 1316 1613 1356 iure,
1639 1319 1746 1360 stylo,

1001 1368 1263 1407 consuetudine,
1289 1374 1344 1401 aut
1380 1369 1458 1402 alias
1491 1371 1747 1412 quomodocum-

1001 1432 1064 1462 que
1086 1421 1195 1454 sortiri
1222 1427 1394 1464 poterunt,
1419 1433 1455 1456 ac
1479 1423 1541 1455 vim
1569 1424 1634 1455 veri
1662 1424 1744 1466 legi-

1001 1474 1071 1506 timi
1106 1474 1200 1506 iurati
1233 1475 1379 1517 stipulati
1413 1476 1511 1508 validi
1544 1483 1574 1508 et
1605 1477 1744 1509 efficacis

1001 1532 1189 1560 contractus
1216 1527 1301 1560 inter
1325 1539 1381 1560 vos
1408 1539 1445 1560 ex*
1472 1530 1535 1560 una
1560 1540 1597 1561 ac
1628 1540 1686 1561 nos
1714 1535 1745 1562 et

1001 1579 1171 1612 Cameram
1196 1581 1397 1623 praedictam
1415 1592 1452 1613 ex
1471 1583 1573 1614 altera
1598 1583 1745 1625 partibus

1002 1632 1143 1672 habere;
1176 1644 1238 1665 nec
1274 1633 1370 1666 etiam
1408 1645 1468 1676 per
1503 1636 1744 1677 promotionem

1001 1687 1040 1718 ad
1066 1686 1237 1718 ecclesiam
1257 1687 1480 1720 cathedralem
1506 1688 1600 1720 etiam
1626 1694 1746 1721 metro—

1001 1740 1192 1782 politanam,
1221 1745 1275 1771 aut
1296 1741 1556 1781 translationem,
1575 1743 1626 1774 vel
1649 1743 1746 1775 aliam

1002 1798 1104 1825 status
1131 1798 1161 1825 et
1187 1803 1348 1835 personae
1377 1800 1501 1826 vestrae
1527 1795 1744 1828 mutationem

1001 1857 1144 1885 cessare,
1171 1857 1232 1879 nec
1258 1858 1315 1889 per
1340 1847 1463 1879 similes
1496 1848 1544 1879 vel
1571 1849 1745 1881 dissimiles

978 1927 979 1949 ξ
1001 1901 1119 1942 gratias
1146 1901 1237 1933 vobis
1264 1911 1439 1933 concessas
1466 1906 1497 1933 et
1515 1903 1744 1935 concedendas

1001 1955 1174 1993 contundi,
1208 1955 1265 1987 sed
1297 1955 1376 1997 ipsis
1408 1955 1601 1987 cumulative
1640 1957 1671 1988 in
1710 1968 1744 1989 o-

1001 2008 1130 2040 mnibus
1157 2013 1189 2040 ct
1213 2018 1273 2050 per
1291 2007 1423 2047 omnia¹‚
1444 2009 1516 2041 etsi
1536 2009 1611 2051 quid
1631 2010 1662 2041 in
1681 2013 1745 2043 una

1002 2072 1038 2093 ex
1066 2061 1270 2094 facultatibus
1288 2061 1476 2094 liuiusn‘iodi
1500 2063 1667 2101 defecerit,
1685 2074 1745 2106 per

1001 2115 1096 2147 aliam
1121 2116 1268 2157 suppleri
1296 2115 1435 2154 debere,
1463 2126 1522 2147 nec
1560 2117 1742 2156 haeredes,

1001 2168 1197 2211 legatarios,
1224 2178 1260 2200 ac
1285 2168 1373 2207 loca,
1402 2169 1440 2200 ad
1466 2179 1547 2211 quos
1580 2180 1634 2201 seu
1660 2180 1742 2212 quae

1000 2223 1096 2260 bona,
1123 2222 1192 2253 iura
1218 2226 1250 2253 et
1270 2221 1415 2253 actiones
1437 2222 1622 2253 huiusmodi
1649 2222 1744 2254 deve-

1002 2275 1132 2313 nerint,
1166 2275 1215 2306 vel
1252 2274 1369 2316 quibus
1407 2274 1653 2316 relinquentur,
1688 2281 1743 2306 aut

1002 2333 1192 2360 executores
1227 2327 1434 2369 praedictos,
1468 2327 1506 2359 ad
1535 2327 1660 2359 tertiam
1686 2338 1740 2359 seu

978 2412 979 2422 ,
1002 2382 1097 2414 aliam
1135 2392 1247 2413 eorum
1288 2386 1432 2423 partem,
1460 2391 1555 2423 quam
1582 2380 1676 2412 etiam
1704 2392 1741 2413 ex

1001 2444 1087 2466 nunc
1112 2433 1214 2471 vobis,
1239 2444 1276 2465 ac
1301 2433 1389 2471 locis,
1418 2433 1625 2472 haeredibus,
1653 2435 1741 2475 lega-

1002 2487 1091 2518 tariis
1112 2498 1148 2519 ac
1173 2486 1350 2518 donatariis
1369 2486 1542 2527 praedictis
1562 2486 1742 2520 liberaliter

1001 2540 1211 2572 concedimus
1236 2544 1267 2570 et
1300 2538 1469 2578 donarium,
1504 2538 1658 2571 Gamerae
1691 2541 1740 2573 vel

1039 2604 1047 2625 ¹
1073 2600 1149 2626 Deest
1172 2600 1214 2626 uli
1231 2607 1322 2633 posse,
1344 2602 1390 2625 aut
1411 2599 1498 2626 simile
1520 2600 1555 2635 (tt.
1571 2601 1619 2633 T.).

1756 210 1808 236 An.
1824 210 1854 236 C.
1877 210 1946 238 ¹730
