2182 3137
65 198 117 225 Αη.
138 196 166 221 C.
188 194 248 221 ¹73!

881 194 1024 218 CLEMENS
1048 194 1095 217 xit
1121 196 1170 218 1¹1³.

262 243 485 276 famulantium
513 244 675 276 honorem
712 242 896 284 augendum
931 252 1008 284 pro-

251 302 440 336 cesserunt,
467 295 729 329 confirmationis
754 300 884 327 nostrae
903 300 1006 336 patro-

82 575 126 596 Leo
137 573 155 594 X
165 573 252 594 Floren-

70 603 128 622 tinae
146 599 252 620 ecclesiae

70 628 185 648 canonicos
196 642 200 649 ,
216 632 253 646 00·

69 655 135 675 iarios
150 653 212 674 Sedis
228 654 253 672 A·

70 680 188 706 postolicae
209 685 251 698 eit»

69 706 208 731 avit,singuta
219 711 253 723 ¹:1²-

71 736 164 754 terorum
193 734 253 752 nota-

70 761 149 780 riorum
169 759 254 784 printe-

71 787 106 812 gia
122 786 253 810 etargtemn».

262 349 358 389 ctnio,
386 359 459 382 enm
484 349 515 382 id
543 360 560 382 a
585 349 677 381 nobis
702 347 838 391 peritur,
866 347 1008 380 libenter

262 402 521 441 constabilimus,
540 406 636 444 prout
661 406 844 443 temporum
864 405 895 432 et
919 400 1009 432 loco-

262 465 332 488 rum
351 455 434 488 ratio
454 455 609 497 postulat,
629 459 784 496 rectoque
804 453 912 486 ordini
931 463 1008 485 eon-

263 515 455 542 sentaneum
483 519 552 541 esse
580 508 611 540 in
636 507 773 540 Domino
796 507 1006 539 arbitramur.

307 562 322 605 ξ
348 561 379 594 l.
407 561 534 594 Dudum
560 561 724 604 siquidem
758 560 860 592 felicis
898 570 1009 592 reeor-

264 615 404 647 dationis
430 614 496 647 Leo
521 614 607 657 Papa
633 613 668 651 X,
694 613 929 656 praedecessor
954 623 1010 644 no-

264 672 343 708 ster,
371 667 641 710 metropolitanae
668 666 825 700 ecclesiae
850 665 1010 698 Florenti-

265 730 343 759 nae,
372 720 404 752 in
431 731 492 763 qua
518 730 575 763 per
595 721 713 753 multos
739 729 860 757 annoS,
885 729 957 751 cum
977 718 1009 749 in

266 773 447 806 minoribus
473 773 666 806 constitutus
691 778 777 805 esset
796 799 803 811 ,
836 771 1010 804 canoniea-

268 833 333 859 tum
354 832 386 859 et
403 827 625 870 praebendam
643 827 840 865 obtinuerat,
857 826 1010 868 illiusque

267 881 401 923 capituli
418 886 448 913 et
465 880 702 913 canonicorum
722 879 832 912 decori
852 890 888 912 ac
906 880 1011 922 splen-

267 933 338 966 dori
381 933 558 976 providere
594 934 728 973 volens,
765 933 875 965 statuit
923 932 1009 975 quod

266 986 435 1029 perpetuis
463 987 576 1019 t'uturis
610 987 813 1029 temporibus
850 986 1011 1019 archidia-

266 1050 365 1072 conus
398 1045 429 1072 et
462 1040 515 1073 alii
549 1041 580 1072 in
611 1040 695 1073 dicta
733 1040 870 1072 ecelesia
907 1039 1011 1082 digni-

269 1099 349 1126 tates
375 1094 558 1133 habentes,
587 1106 622 1126 ac
648 1095 799 1127 canonici
836 1105 895 1137 pro
935 1100 1012 1126 tem-

267 1157 347 1189 pore
374 1147 561 1184 existentes,
590 1147 637 1179 sui
656 1147 902 1190 etijmstolieae
919 1146 1011 1179 Sedis

268 1200 385 1232 notarii
412 1200 519 1233 sorent
544 1205 576 1233 et
601 1211 672 1233 esse
699 1206 940 1239 censerentur,
975 1211 1011 1232 ac

269 1253 439 1285 rocchetto
459 1279 466 1293 ,
492 1255 593 1296 cappa
619 1259 650 1286 et
676 1253 788 1285 habitu
808 1281 815 1293 ‚
843 1264 902 1296 per
927 1253 1011 1286 eius-

268 1305 341 1338 dem
367 1305 459 1338 Sedis
484 1306 629 1339 notarios
656 1307 694 1339 de
720 1317 859 1339 numero
881 1307 1012 1349 partici-

266 1364 381 1402 pantes
406 1360 526 1401 gestari
553 1359 662 1399 solito,
687 1360 740 1392 ubi
768 1364 798 1393 et
816 1360 943 1403 quoties
964 1359 1010 1392 eis

265 1412 453 1455 placuisset,
468 1412 511 1444 uti
531 1419 674 1455 possent,
694 1413 918 1456 habitumque,
938 1424 1011 1445 roc-

267 1465 413 1498 cbcttum
440 1471 472 1498 et
496 1476 633 1509 cappam
655 1467 842 1499 huiusmodi
861 1466 892 1498 in
907 1467 1010 1499 choro

267 1519 424 1552 ecclesiae
449 1520 614 1562 praefatae
635 1547 642 1559 ‚
670 1520 799 1563 quando
827 1520 942 1553 divinis
969 1521 1012 1553 os-

268 1571 348 1604 siciis
367 1582 403 1604 ac
420 1572 690 1615 processionibus
712 1578 742 1604 et
768 1573 936 1605 funeribus
962 1574 1010 1606 in-

269 1630 450 1665 teressent,
478 1631 509 1658 et
534 1626 605 1658 aliis
632 1625 798 1669 quibusvis
824 1627 959 1667 actibus,
978 1628 1010 1659 in

267 1678 385 1720 quibus
409 1689 480 1711 cum
507 1679 601 1712 cottis
628 1685 660 1712 et
684 1679 826 1712 almutiis
851 1680 1010 1713 interesse

267 1737 401 1764 catenus
427 1739 692 1771 consueverant,
725 1744 797 1765 cum
831 1733 895 1766 illis
927 1733 1011 1766 simi-

267 1785 341 1818 liter
366 1787 529 1828 placeret,
559 1786 687 1819 deferre
715 1793 745 1818 ct
771 1793 897 1829 gestare
925 1788 1010 1820 vale-

267 1845 352 1871 rent.
392 1840 436 1872 Ac
474 1840 608 1883 insuper
640 1840 776 1873 indulsit
811 1841 1008 1883 dignitates,

267 1892 478 1924 canonicatus
504 1898 531 1925 et
560 1894 765 1936 liu-aebendas
784 1905 845 1936 pro
865 1900 1010 1937 tempore

268 1944 349 1977 inibi
376 1946 618 1985 obtinentibus,
644 1957 680 1978 ac
705 1957 816 1979 eorum
850 1947 1008 1985 cuilibet,

268 2004 301 2029 ut
326 1999 475 2031 omnibus
502 2004 533 2032 et
558 2000 694 2042 singulis
727 2000 932 2039 bonoribus,

269 2158 367 2190 ceteri
395 2158 443 2190 sui
472 2159 643 2201 dictaeque
665 2159 757 2191 Sedis
783 2159 897 2192 notarii
917 2159 1012 2192 etiam

270 2211 308 2244 de
328 2222 464 2245 numero
482 2212 715 2255 participantes
733 2213 921 2245 huiusmodi
936 2224 1012 2255 gau-

271 2265 392 2297 debant
418 2271 449 2298 et
475 2265 617 2308 gaudere
644 2271 796 2308 poterant
832 2266 1010 2309 quomodo-

271 2317 351 2350 libet
375 2318 405 2349 in
434 2318 583 2357 futurum,
603 2318 672 2350 sine
693 2324 798 2350 tamen
820 2319 1010 2351 eorumdem

270 2371 469 2404 notariorum
501 2372 540 2403 de
577 2381 714 2404 numero
749 2372 1011 2415 participantium

271 2424 480 2468 praeiudicio,
507 2425 617 2457 itidem
645 2425 810 2467 garniere3
838 2425 916 2467 ipsis
935 2436 1011 2458 vero

271 2477 502 2510 archidiacono
528 2483 560 2510 et
585 2478 727 2520 capitulo
753 2479 906 2511 ecclesiae
923 2489 1011 2521 prae-

271 2530 376 2564 dictae
404 2531 591 2571 dnmtaxat‚
617 2536 650 2562 nt
676 2531 818 2563 notarios
844 2537 876 2563 et
913 2532 1013 2564 tabel-

271 2584 375 2617 lioncs
413 2584 559 2627 publicos
603 2594 638 2616 ac
669 2584 791 2617 iudices
828 2584 1012 2617 ordinarios

347 2649 419 2676 Bull-
442 2649 526 2674 Rom.
550 2663 582 2667 -
610 2648 668 2673 t'ot.
691 2647 801 2674 XXIII.
928 2647 961 2673 28

967 2001 1007 2033 li-
1032 2029 1033 2036 ,

267 2051 468 2091 hortatibus,
494 2053 750 2085 immunitatibus
768 2080 775 2093 ‚
797 2054 1011 2095 exemptioni-
1032 2085 1034 2089 ,

268 2105 339 2143 bus,
356 2106 479 2147 gratiis,
500 2106 662 2137 favoribus
681 2111 712 2138 ct
734 2106 1011 2149 indultis,quil›11s
1032 2099 1034 2128 ⁴³

1692 189 1755 221 217

1053 252 1190 284 creare,
1217 250 1248 277 et
1273 256 1497 288 quoscumque
1523 246 1678 278 natalium
1707 246 1793 279 dese-

1052 295 1170 328 sectum
1195 296 1356 338 patientes
1383 298 1584 339 legitimare,
1612 299 1792 341 respective

1052 354 1186 389 possent
1203 354 1234 381 et
1249 350 1406 390 valerent;
1423 361 1549 384 necnon
1567 352 1792 385 sacerdotibus

1052 400 1084 432 in
1105 401 1191 433 dicta
1213 403 1348 436 eeclesia
1365 404 1486 446 pariter
1505 416 1563 447 pro
1583 410 1728 448 tempore
1747 416 1793 438 re-

1053 454 1247 493 sidentibus,
1272 456 1387 488 missas
1406 467 1464 499 per
1483 458 1596 490 boram
1615 464 1688 491 ante
1714 458 1794 491 dilu-

1054 507 1162 538 culum
1190 513 1221 539 et
1246 518 1348 551 usque
1375 510 1413 541 ad
1433 510 1573 542 mediam
1592 511 1703 542 boram
1722 517 1793 554 post.

1054 560 1235 599 meridiem,
1261 562 1386 603 quoties
1412 562 1458 594 eis
1484 563 1513 594 id
1537 574 1593 606 pro
1612 565 1792 596 anditorum

1055 612 1277 645 consolatione
1290 614 1443 655 expedire
1458 615 1632 653 videretur,
1652 617 1683 648 in
1702 627 1795 659 prae-

1056 665 1117 696 fata
1135 666 1271 698 ecclesia
1286 672 1409 699 tantum
1425 668 1613 701 celebrandi
1630 669 1793 702 licentiam

1055 718 1236 758 eoncessit;
1264 725 1295 750 et
1319 718 1407 757 alias,
1435 726 1531 762 prout
1548 721 1677 754 uberius
1695 723 1796 755 conti-

1055 777 1150 803 netur
1168 771 1199 803 iu
1229 772 1374 804 eiusdem
1394 773 1509 805 Leonis
1538 775 1796 816 praedecessoris

1055 824 1172 857 litteris
1209 825 1350 868 desuper
1377 826 1407 857 in
1441 827 1537 858 simili
1564 828 1664 860 forma
1689 828 1797 860 Brevis

1056 878 1217 920 expeditis
1238 878 1361 911 tenoris
1380 879 1433 921 qui
1452 880 1612 922 sequitur,
1625 880 1794 913 videlicet:

1106 945 1120 960 a
1145 932 1280 964 Dileczis
1297 932 1379 974 filiis
1404 933 1635 966 archidiacono
1660 938 1688 966 et
1713 935 1796 977 capi-

1058 984 1125 1017 tulo
1151 985 1301 1017 ecelesiae
1326 985 1550 1025 Florentiam,
1572 987 1638 1019 LEO
1659 987 1741 1019 tam
1758 988 1794 1019 X.

1056 1038 1170 1070 Dilecti
1213 1038 1268 1070 filii
1290 1065 1297 1077 ‚
1338 1040 1474 1072 salutem
1517 1045 1548 1072 et
1586 1040 1796 1082 apostoliaam

1056 1092 1335 1124 benedictionem.
1364 1092 1396 1124 ln
1435 1104 1590 1135 supremo
1628 1093 1796 1126 militantis

1055 1144 1220 1177 Ecclesiae
1245 1145 1326 1178 solio
1358 1146 1463 1178 divina
1500 1146 1716 1189 dispositione
1750 1148 1796 1179 lo-

1056 1198 1130 1237 cati,
1158 1198 1195 1231 ad
1223 1199 1433 1231 ecelesiarum
1461 1200 1607 1231 omnium
1629 1199 1796 1242 potissime

1055 1252 1384 1294 meti‘01;·olita1]aruin
1410 1252 1586 1294 insignium
1613 1258 1728 1284 statum
1747 1263 1797 1285 sa-

1055 1305 1194 1337 lubriter
1208 1310 1238 1337 et
1253 1316 1412 1348 prospere
1432 1305 1637 1348 dirigendum
1658 1311 1795 1348 paterno

1056 1363 1085 1390 et
1112 1358 1254 1390 sollicito
1287 1358 1393 1391 studio
1427 1359 1661 1398 intendenteS,
1699 1366 1797 1402 prout

1056 1422 1092 1444 ex
1120 1411 1232 1444 debito
1258 1412 1430 1455 pastoralis
1455 1412 1549 1444 officii
1587 1412 1770 1454 obligamur
1788 1441 1795 1453 ,

1056 1465 1184 1497 illarum
1200 1465 1402 1507 ljnrot'eetibus
1423 1465 1566 1497 libenter
1588 1465 1795 1505 intendimus,

1057 1523 1087 1550 et
1113 1518 1172 1556 bis,
1198 1528 1278 1561 quae
1305 1528 1364 1560 pro
1392 1518 1594 1550 incremento
1615 1519 1712 1551 divini
1732 1520 1797 1551 eul-

1055 1576 1106 1603 tus
1133 1571 1163 1602 in
1189 1570 1250 1603 illis
1278 1571 1447 1613 profutura
1472 1572 1728 1613 cognoscimus,
1764 1577 1797 1603 ut

1056 1624 1087 1656 in
1115 1624 1160 1656 eis
1186 1624 1339 1657 maiestas
1365 1624 1519 1656 Altissimi
1540 1624 1659 1666 iugiter
1677 1625 1797 1657 collau-

1056 1677 1160 1717 detur,
1186 1684 1343 1720 quantum
1369 1690 1440 1710 cum
1468 1679 1532 1711 Deo
1551 1689 1738 1721 possumus,
1758 1680 1797 1711 sa-

1056 1742 1166 1764 vorem
1185 1732 1362 1774 benignum
1383 1732 1596 1775 impartimur.
1612 1732 1704 1771 Sanc,
1724 1744 1794 1765 cum

1055 1786 1094 1818 ad
1113 1786 1283 1818 ecelesiam
1298 1791 1434 1817 vostram
1454 1786 1676 1818 Florentinam
1698 1788 1795 1828 (quae

1055 1838 1115 1870 iam
1137 1838 1226 1870 mille
1244 1838 1335 1869 annis
1354 1838 1479 1870 el‘tluxis
1506 1838 1565 1869 sub
1591 1839 1796 1871 invocatione

1055 1892 1086 1923 S.
1115 1891 1294 1933 lleparatac
1323 1891 1477 1930 fundata,
1505 1897 1535 1923 et
1561 1891 1759 1924 cathedralis
1779 1903 1796 1924 a

1055 1950 1184 1976 centum
1211 1950 1241 1976 et
1267 1943 1502 1986 ‹piinspiaginta
1528 1944 1620 1976 annis
1647 1944 1726 1976 citra
1763 1944 1795 1976 in

1055 1997 1340 2039 metropolitantun
1368 1996 1425 2029 sub
1450 1996 1655 2029 invocatione
1682 1997 1714 2029 B.
1735 1997 1795 2029 Ma-

1057 2051 1121 2083 riac
1147 2051 1185 2083 de
1213 2051 1304 2083 Flore
1331 2056 1464 2089 erecta,
1493 2050 1641 2092 illiusque
1675 2050 1796 2083 fabrica

1056 2114 1155 2145 Oslssl'O
1173 2114 1337 2135 t‘tlttth‘ttt‘t]
1357 2114 1473 2143 llllljss'llt]
1493 2115 1528 2134 zu:
1545 2109 1734 2145 StilllpithSO
1754 2104 1795 2134 ill-

1056 2158 1180 2196 cheam,
1197 2163 1225 2189 et
1246 2169 1304 2199 per
1323 2157 1424 2189 l'clieis
1444 2156 1679 2188 recordationis
1697 2156 1796 2197 Euge·

1056 2211 1145 2242 nium
1158 2210 1275 2253 Papam
1294 2210 1327 2241 IV
1343 2210 1625 2252 praedecessorem
1647 2214 1794 2240 nostrum

1056 2263 1199 2307 propriis
1225 2262 1375 2294 manibus
1400 2267 1590 2294 consecrata
1617 2261 1691 2299 suit,
1708 2267 1737 2293 et
1763 2262 1794 2293 in

1058 2327 1119 2359 qua
1145 2316 1287 2359 quinque
1313 2315 1485 2358 dignitates
1514 2320 1544 2347 et
1579 2314 1712 2355 triginta
1748 2325 1796 2346 se-

1056 2376 1144 2413 ptem
1170 2369 1388 2407 canonicatus,
1417 2368 1612 2410 totidemque
1638 2367 1797 2409 praeben-

1056 2424 1141 2463 dae,
1179 2433 1316 2466 quornm
1355 2421 1457 2453 maior
1483 2432 1555 2463 pars
1586 2420 1623 2452 dc
1650 2420 1717 2452 iure
1741 2431 1796 2463 pa-

1056 2482 1202 2509 tronatus
1228 2476 1402 2513 laicorum,
1430 2473 1581 2506 videlicet
1604 2473 1795 2505 dilectorum

1056 2531 1224 2563 consulum
1250 2528 1326 2561 artis
1352 2529 1443 2560 lanae
1474 2527 1610 2560 civitatis
1637 2526 1797 2559 Florenti-

1056 2595 1134 2623 nae,
1161 2589 1191 2616 et
1228 2582 1363 2615 allorum
1390 2581 1504 2613 civium
1531 2580 1635 2612 dietae
1661 2579 1797 2611 civitatis

1802 198 1851 223 An.
1873 198 1902 223 C.
1923 199 1985 225 ¹73²

1822 947 1891 966 ‘senor
1906 948 1994 972 prix-tte-

1808 978 1835 995 11¹¹
1851 973 1927 993 Leonis
1943 974 1965 994 X.
