2182 3137
869 190 1009 213 CLEMENS

248 239 313 277 bit,
338 249 351 268 a
376 249 433 279 quo
463 239 603 278 deinceps
628 238 821 273 decuriones3
855 237 991 276 idemque

250 287 401 323 obtineat,
426 288 448 317 si
474 287 591 326 quando
613 286 741 316 civitatis
773 285 991 315 commissarios

248 337 283 366 ad
306 337 471 366 academiae
503 339 680 365 conventum
696 359 703 371 ,
727 334 783 364 rite
805 338 833 363 et
854 333 992 363 solemni·
1012 349 1014 362 i

248 391 293 415 ter
314 389 522 423 congregatum
537 407 544 420 ,
570 383 656 413 verba
680 384 776 412 facere
800 381 957 421 oportebit.

288 433 357 463 Cum
381 433 577 462 cancellarius
597 436 623 460 et
639 431 772 460 doctores
791 440 842 460 seu
860 430 991 468 magistri

248 483 283 512 de
299 492 379 512 more
394 481 604 511 convenientes
621 480 850 519 propugnationi
864 479 991 508 thesium

248 531 405 564 intersunt,
431 530 507 558 idem
532 529 671 558 sessionis
687 529 756 558 ordo
775 529 853 557 inter
875 527 990 557 eosdem
1013 530 1015 540 ¹

247 583 403 616 servetur,
427 588 460 608 ac
496 579 525 608 in
550 578 675 617 publicis
708 582 870 607 conventus
892 577 992 606 acade-

248 627 315 656 mici
333 626 553 664 suncti0nibus3
572 636 666 665 neque
683 626 807 656 facultas
824 625 990 664 praecedet,

247 676 296 705 sed
319 677 473 714 antiquior·
489 676 608 705 concilii
630 676 742 711 doctor,
766 679 798 704 ut
822 674 911 703 moris
935 677 990 710 est,
1013 687 1015 691 v

248 724 412 762 principem
436 724 531 753 Iocum
555 723 710 753 obtinebit.

288 773 318 801 In
337 773 483 802 litteraria
503 772 645 811 palaestra
663 771 926 801 exercitationibus
943 775 993 800 aut

249 820 378 850 thesibus
403 830 454 859 pro
477 824 617 858 suggestu
640 820 832 849 defendendis
850 820 941 853 locus,
960 823 992 848 ut

248 874 354 899 statuta
392 869 617 908 praescribunt,
643 869 751 898 exteris
784 868 953 898 doctoribus
976 878 991 897 a

248 918 424 947 cancellario
447 917 623 955 assignetur.
648 917 753 947 Verum
778 918 800 947 si
824 917 925 946 doctor
942 917 992 946 ali-
1013 943 1015 953 ,

247 967 312 1005 quis
335 966 577 995 Salmanticensis
600 966 700 1002 suerit,
723 966 850 1005 hospitis
873 966 990 1004 quidem
1013 985 1015 1003 ς

247 1015 314 1044 sede
338 1015 509 1053 recipiatur,
537 1014 630 1053 primo
653 1018 750 1044 tamen
774 1014 916 1052 arguendi
942 1014 993 1043 ho-
1013 1006 1015 1030 l

248 1073 320 1093 nore
342 1063 480 1093 donetur.

58 199 104 222 An.
121 195 149 221 C.
172 193 243 219 1730

269 1138 331 1168 TIT.
357 1138 450 1167 XXXI.
471 1156 503 1159 —
529 1138 569 1168 De
592 1139 747 1168 academiae
770 1144 969 1168 conservatore.

78 1225 108 1255 ΕΙ,
124 1225 237 1245 Cervariae

53 1254 176 1277 magistram
190 1258 236 1277 pro·

57 1283 93 1298 cet·
111 1280 236 1298 academiae

57 1300 366 1356 {gssgeugffflffle'hdemiae
396 1306 609 1335 conservatoris
641 1306 726 1335 titulo
749 1311 776 1335 et
800 1315 923 1335 munere
945 1306 993 1335 de·
1013 1324 1015 1341 ,

250 1360 383 1391 curetur,
408 1364 500 1394 eoque
523 1355 640 1384 nomine
674 1355 736 1384 soro
769 1359 797 1384 et
830 1344 1015 1394 privilegiisI

249 1405 416 1434 academiae
447 1404 542 1433 ubivis
576 1404 707 1432 locorum
741 1404 876 1441 gaudeat.
912 1404 1015 1445 Inter}

249 1453 392 1487 doctores,
411 1457 473 1491 post
497 1453 707 1491 antiquiorem,
731 1453 825 1481 locum
850 1452 990 1489 obtineat,

248 1506 276 1530 et
297 1501 537 1530 distributionum
562 1501 590 1530 in
621 1500 804 1529 solemnibus
827 1501 991 1529 academiae

248 1550 448 1579 functionibus
473 1550 535 1578 fieri
559 1549 652 1578 solitis
677 1550 822 1587 particeps
841 1550 888 1578 sit.
916 1550 992 1583 Quo-

247 1599 302 1628 ties
324 1604 420 1628 autem
445 1598 587 1628 eiusmodi
605 1598 787 1627 renunciatio
805 1599 864 1633 fiet,
889 1598 991 1627 civitas

246 1647 308 1686 ipsa
332 1647 488 1676 certiorem
522 1648 556 1675 ea
578 1646 613 1675 de
647 1655 677 1674 re
706 1646 791 1675 faciat
825 1645 991 1675 academiae

247 1700 454 1734 protectorem.
1012 1724 1014 1733 ⁴

287 1744 480 1774 Conservator
497 1742 724 1772 solemnioribus
742 1742 908 1771 academiae
927 1743 992 1771 sun-
1012 1736 1014 1774 i

247 1792 394 1822 ctionibus
419 1792 535 1831 publice
570 1791 712 1820 interesse
736 1790 872 1822 debebit:
907 1791 990 1829 sique

245 1841 355 1870 Matriti
372 1865 379 1878 ,
405 1841 447 1870 vel
473 1841 530 1869 alio
556 1840 680 1878 principi
719 1839 781 1868 Ioco
814 1839 989 1868 commorari

245 1889 422 1927 contigerit,
452 1888 501 1918 ubi
524 1888 669 1925 legatione
703 1888 849 1926 professor
883 1887 990 1926 aliquis

246 1938 412 1967 academiae
435 1937 554 1966 nomine
578 1937 790 1975 perfungatur,
815 1945 845 1965 se
869 1936 911 1965 illi
945 1946 991 1965 ,so-

247 1987 323 2017 cium
347 1987 500 2024 adiunget.
1012 2002 1014 2013 i

288 1209 442 1239 Cervariae
467 1209 577 1238 civitati
601 1219 691 1238 mium
721 1219 736 1238 e
769 1210 813 1239 sui
838 1209 992 1247 magistra-

249 1262 294 1287 tus
315 1257 487 1296 proceribus
509 1258 618 1294 eligere
642 1258 830 1295 conceditur,
854 1258 904 1296 qui
929 1268 992 1287 aea·
1013 1268 1014 1271 ¹

307 2061 369 2090 ΤΠ.
388 2060 497 2090 XXXII.
517 2079 551 2082 —
570 2060 608 2089 De
624 2061 757 2098 eliyemlts
776 2061 931 2089 academiae

532 2108 705 2147 officialibus.

68 2201 194 2221 Academiae
207 2202 237 2221 ns,
290 2180 483 2210 Definitorum
522 2179 679 2208 concilium
716 2188 765 2208 eos
801 2178 889 2216 eligat
925 2188 988 2207 aca-

55 2228 361 2274 :Iffffissfgffesssjdssffllsse
390 2228 553 2264 officiales,
583 2236 656 2265 quos
689 2227 723 2255 ad
758 2226 890 2255 obeunda
926 2237 991 2265 pro-

55 2281 83 2300 150
98 2280 196 2306 eligendi.
250 2278 306 2316 prii
330 2277 486 2306 ministerii
511 2284 631 2305 munera
663 2276 755 2312 magis
779 2275 900 2305 idoneos
924 2285 991 2305 cen-

250 2326 359 2360 suerit,
379 2330 406 2354 et
430 2325 595 2354 academiae
619 2328 814 2363 protectorem
839 2324 990 2353 electionIs

250 2374 418 2402 huiusmodi
441 2375 597 2402 certiorem
622 2373 718 2402 faciat.

291 2423 355 2452 Rite
378 2422 488 2451 electus
512 2422 619 2460 poterit
641 2421 758 2460 quidem
776 2421 853 2450 iusta
872 2421 907 2449 de
923 2430 993 2450 cau—
1012 2454 1014 2458 ¹

250 2472 304 2507 sa,
325 2480 399 2509 quae
433 2470 520 2499 etiam
546 2470 580 2498 ad
606 2474 801 2508 protectorem
825 2470 991 2498 academiae

249 2520 407 2550 deferatur,
432 2518 468 2547 ab
490 2518 587 2547 officio
616 2517 778 2556 suspendi,
803 2527 861 2546 non
893 2522 992 2547 tamen

250 2567 393 2597 removeri
417 2566 480 2595 sine
503 2566 633 2603 legitima
656 2570 684 2594 et
706 2565 836 2595 iudiciali
860 2566 991 2595 notione.

362 2626 438 2650 nult.
456 2626 539 2650 Rom.
556 2640 585 2643 W
612 2625 670 2649 Vnt.
691 2624 796 2651 XXIII.
944 2624 979 2650 24

1035 191 1078 214 xn
1106 192 1154 214 rr.
1668 181 1732 213 1185

1035 238 1111 267 Haec
1133 243 1229 268 autem
1254 239 1288 268 ad
1311 239 1450 269 officiales
1473 239 1639 268 audientiae
1662 238 1775 268 schola-

1034 286 1112 321 stici,
1136 296 1209 325 quos
1232 288 1310 316 solus
1325 288 1478 317 renunciat
1494 287 1698 324 cancellarius,
1717 297 1773 316 non

1035 335 1192 372 pertinent.

1075 382 1104 412 Si
1127 387 1207 412 vacet
1230 384 1358 413 officium
1376 385 1467 423 ipsius
1484 386 1551 414 anni
1568 385 1692 415 decursu
1709 394 1775 425 pro-

1036 434 1099 468 pter
1122 433 1299 469 possessoris
1333 433 1467 469 obitum,
1502 438 1550 463 aut
1583 434 1775 464 remotionem

1035 488 1068 507 ex
1092 479 1209 515 delleto,
1233 480 1293 509 sive
1310 481 1345 509 ob
1368 482 1525 520 quamlibet
1542 483 1627 511 aliam
1645 492 1774 515 causam,

1035 527 1161 556 concilio
1186 528 1315 565 legitime
1338 535 1439 559 coacto
1473 530 1521 559 tiat
1544 531 1665 567 electi03
1690 535 1776 570 atque

1035 575 1153 604 interim
1169 600 1176 613 ,
1201 576 1225 605 si
1248 586 1294 606 res
1318 577 1356 606 ita
1380 579 1520 615 exegerit,
1546 579 1672 617 aliquem
1695 580 1775 609 susti-

1036 624 1093 653 ciat
1116 625 1323 654 cancellarius.

1075 672 1144 701 Cum
1168 673 1234 711 quis
1257 674 1398 702 efusmodi
1429 674 1567 703 delictum
1601 680 1650 704 aut
1683 676 1778 705 scelus

1037 722 1207 759 patraverit,
1232 726 1281 750 aut
1304 722 1349 751 vel
1383 722 1411 751 in
1436 723 1615 752 ordinariam
1640 724 1779 762 privatio-

1036 769 1080 798 nis
1104 769 1191 798 officii
1223 779 1345 808 poenam
1370 770 1432 809 ipso
1456 771 1519 799 iure
1542 771 1694 807 inciderit,
1719 772 1779 801 sive.

1037 827 1088 856 per
1110 818 1285 847 sententiam
1310 818 1414 848 iudicis
1431 819 1510 847 iuxta
1533 819 1697 849 academiae
1714 829 1777 849 san-

1036 867 1146 895 ctiones
1170 866 1213 895 vel
1237 876 1271 895 ex
1294 866 1366 895 iuris
1390 868 1554 896 communis
1588 867 1779 905 dispositione

1036 915 1205 954 puniendus
1227 916 1277 951 sit,
1303 919 1361 945 tota
1387 925 1493 945 causae
1515 916 1645 953 cognitio
1661 916 1696 945 ad
1713 925 1780 945 cau-

1036 963 1187 992 cellarium
1211 968 1333 1002 spectet.

1076 1013 1274 1045 Secretarius,
1300 1013 1470 1051 capellanus
1494 1013 1586 1042 maior
1609 1018 1635 1042 et
1658 1013 1715 1041 duo
1737 1012 1781 1041 bi-

1035 1060 1115 1097 delli,
1140 1061 1200 1099 qui,
1225 1061 1318 1100 quoad
1343 1061 1485 1097 vixerint,
1512 1061 1640 1090 osticium
1665 1061 1693 1090 in
1717 1071 1781 1089 aca-

1013 1119 1014 1127 ¹
1035 1109 1132 1138 demia
1154 1109 1338 1146 retinebunt,
1363 1119 1376 1137 a
1401 1119 1468 1147 rege
1492 1110 1520 1138 in
1548 1110 1778 1147 praesentiarum

1035 1158 1207 1187 nominandi
1231 1162 1309 1193 sunt,
1335 1158 1381 1186 cui
1405 1158 1562 1187 concilium
1580 1158 1778 1189 definitorum.

1036 1207 1208 1244 protectoris
1241 1207 1407 1235 academiae
1433 1209 1544 1245 opera,
1569 1216 1708 1245 personas
1721 1206 1781 1235 ido-

1037 1265 1119 1289 neas,
1146 1265 1196 1293 per
1219 1260 1333 1292 ternas,
1359 1260 1389 1284 ut
1412 1256 1509 1290 aiunt,
1535 1259 1688 1294 proponet.

1076 1304 1205 1341 Magistri
1229 1309 1257 1333 et
1280 1304 1429 1337 doctores,
1469 1304 1502 1333 ad
1537 1304 1695 1333 concilium
1730 1314 1780 1343 pro

1035 1353 1178 1381 electione
1194 1352 1378 1387 accedentes,
1397 1353 1493 1381 iurent
1510 1362 1558 1385 se,
1574 1354 1685 1381 remota
1702 1352 1779 1380 omni

1036 1401 1148 1437 fraude,
1166 1401 1239 1430 nihil
1263 1402 1291 1430 in
1309 1401 1475 1430 huiusmodi
1496 1400 1688 1430 electionibus
1712 1410 1780 1439 prae

1037 1450 1127 1479 oculis
1140 1449 1300 1481 habituros,
1316 1450 1372 1478 nisi
1393 1449 1536 1478 iustitiam
1550 1454 1577 1478 et
1591 1449 1780 1487 aequitatem,

1037 1508 1089 1527 nec
1113 1499 1187 1537 quod
1214 1498 1347 1527 dederint
1370 1498 1542 1535 suffragium
1568 1498 1760 1526 indicaturos,

1078 1548 1179 1576 Nutlus
1202 1551 1299 1575 autem
1323 1547 1390 1583 eligi
1416 1547 1520 1584 possit,
1554 1546 1602 1584 qui
1637 1546 1724 1574 alicui
1748 1555 1782 1574 ex

1037 1595 1252 1634 professorIbus
1266 1596 1340 1624 intra
1355 1600 1493 1633 quartum
1518 1594 1702 1631 cognationis
1718 1604 1783 1632 gra-

1036 1645 1103 1673 dum
1128 1645 1303 1673 coniunctus
1328 1644 1376 1672 sit.

1075 1692 1223 1722 Osticiales
1243 1692 1363 1729 singuli,
1389 1692 1560 1730 priusquam
1596 1700 1702 1720 munus
1735 1700 1783 1728 ag-

1035 1741 1228 1779 grediantur,
1259 1741 1366 1769 emissit
1390 1740 1455 1769 tidei
1492 1740 1692 1778 professione,
1717 1738 1784 1768 obe-

1036 1790 1176 1818 dientiam
1211 1788 1387 1818 cancellario
1424 1789 1545 1827 eiusque
1576 1788 1664 1816 iudici
1695 1788 1783 1816 iurati

1013 1858 1014 1878 t
1036 1839 1221 1877 spondeant,
1245 1841 1332 1876 atque
1356 1837 1434 1866 omni
1460 1837 1514 1865 tide
1548 1841 1575 1865 et
1612 1836 1782 1873 integritate

1035 1887 1131 1916 officio
1147 1887 1361 1919 satisfacturos;
1382 1885 1457 1924 quod
1477 1885 1615 1923 quamdiu
1637 1888 1782 1922 praestare

1036 1936 1237 1973 neglexerint,
1262 1935 1373 1964 tamdiu
1397 1934 1503 1963 salario
1526 1933 1680 1962 carebunt.

1150 2011 1212 2040 ΤΠ.
1237 2009 1360 2038 XXXIII.
1386 2026 1422 2030 —
1447 2009 1486 2038 Dc
1511 2010 1667 2047 officioram

1269 2058 1538 2097 incompatibilitate.

1075 2132 1111 2161 Ut
1139 2130 1336 2161 Cervariensis
1360 2129 1447 2158 huius
1470 2128 1635 2157 academiae
1660 2127 1780 2155 utilitati

1034 2185 1062 2210 et
1084 2180 1234 2220 splendori
1258 2179 1439 2214 consulatur,
1464 2178 1519 2206 duo
1543 2177 1635 2205 ot'ticia
1662 2175 1704 2204 vel
1736 2185 1781 2203 sa-

1035 2229 1106 2258 laria
1144 2228 1291 2257 neminem
1329 2231 1379 2255 aut
1418 2225 1558 2263 consequi
1597 2229 1646 2252 aut
1690 2223 1781 2261 perci<

1035 2287 1104 2316 pere
1128 2286 1211 2315 posse
1235 2275 1392 2309 statuum-3
1419 2284 1470 2303 nec
1503 2273 1550 2312 qui
1571 2272 1696 2301 civitatis
1729 2271 1781 2299 mi-

1035 2325 1158 2355 nisterio
1183 2326 1332 2361 fungatur,
1357 2322 1390 2350 ad
1415 2321 1580 2349 academiae
1600 2328 1719 2348 munera
1734 2318 1781 2346 de-

1035 2373 1097 2411 ligi,
1122 2373 1177 2402 nisi
1204 2371 1382 2409 eligentibus
1406 2373 1530 2403 constet,
1556 2368 1673 2406 utrique
1698 2376 1780 2405 posse

1036 2421 1129 2461 probe
1152 2426 1179 2451 et
1201 2421 1326 2449 fideliter
1348 2419 1526 2447 satisfacere.

1056 2498 1120 2525 TIT.
1146 2494 1266 2524 XXXIV.
1291 2510 1327 2514 —
1351 2494 1394 2522 De
1424 2491 1578 2520 academiae
1601 2490 1758 2519 »συνείην-[ο.

1098 2565 1272 2595 Academiae
1286 2562 1472 2599 secretarius,
1487 2562 1534 2600 qui
1550 2559 1653 2590 nullibi
1668 2564 1780 2598 praete-

1780 191 1826 216 Αη,
1850 189 1879 214 Η.

1903 189 1972 214 1730

1827 1024 1960 1043 secretarius
1970 1039 1974 1044 .

1792 1050 1913 1073 .-,.1n=tl,mus
1933 1056 1974 1069 ma·

1793 1083 1828 1096 tn.
1841 1079 1861 1095 et
1880 1076 1922 1095 duo
1945 1077 1975 1095 tn-

1799 1103 1840 1121 ῑι-Ιῐι
1851 1109 1862 1121 a
1875 1108 1922 1127 rege
1939 1108 1973 1122 no·

1792 1129 1892 1148 ..rinandn

1836 1312 1975 1331 {neumatum

1792 1338 1818 1356 at·
1849 1337 1975 1357 electoribus·

1792 1372 1810 1388 μ,
1818 1365 1949 1383 ..e-hunduni.
