2182 3137
178 258 228 280 An.
247 256 275 281 ω.
303 254 370 281 1732
416 245 481 277 402

373 302 447 334 l'eeit
472 307 505 333 ιιι
529 301 561 334 in
588 302 776 344 praemissis
801 307 986 345 opportune
1005 301 1115 344 provi-

371 355 449 387 dere
476 360 508 387 et
537 359 571 386 ut
595 354 680 387 infra
706 355 876 397 indulgere
904 355 943 388 de
967 355 1115 397 benigni—

373 414 436 440 tate
461 408 642 450 apostoliea
668 408 890 450 dignaremur.
917 408 979 441 Nos
1004 408 1114 450 igitur,

373 460 519 493 eiusdem
546 460 703 493 Bernardi
725 461 806 493 votis
826 461 887 493 liae
906 461 935 493 in
955 471 1000 501 re,
1018 472 1114 504 quan·

374 519 439 546 tum
466 525 535 545 cum
562 513 698 546 Domino
725 522 906 556 possumus,
933 514 1114 547 favorabili-

373 573 422 599 ter
440 577 585 599 annuere
604 568 784 610 cupientes,
799 578 937 610 eumque
955 578 971 599 a
985 567 1114 610 quibus-

375 621 419 652 vis
445 620 803 660 exconmiunicationis,
830 621 1055 664 suspensionis
1083 627 1115 654 et

374 673 552 713 interdicti,
579 673 717 716 aliisque
736 674 965 707 ecclesiasticis
984 680 1114 707 sentcn-

376 726 438 765 tiis,
459 727 607 759 censuris
629 733 659 759 et
673 728 798 770 poenis,
818 739 834 759 a
852 728 920 760 iure
938 728 986 760 vel
1005 728 1113 760 ablio-

374 780 472 820 mine,
488 780 600 822 quavis
619 781 791 813 occasione
812 783 860 813 vel
875 780 969 814 causa
987 781 1070 820 latis,
1088 781 1113 813 si

374 833 491 876 quibus
523 834 772 876 quomodolibet
797 835 971 867 innodatus
997 835 1114 875 existit,

373 887 412 919 ad
432 887 582 919 ell'ectum
594 888 814 929 praesentium
829 888 991 920 dumtaxat
1004 898 1116 920 eonse-

375 941 562 982 quendum,
593 941 705 972 harum
731 941 816 972 seric
842 940 1050 973 absolventes
1084 945 1116 972 et

374 993 556 1026 absolutum
572 994 640 1026 sore
656 999 841 1032 censentes,
858 1004 986 1026 necnon
1001 994 1116 1026 utrius-

375 1058 436 1089 que
463 1047 644 1079 innocentii
671 1053 701 1079 et
727 1047 895 1080 Benedicti
923 1047 1116 1089 praedeees-

375 1110 486 1132 sorum
513 1100 695 1132 litterarum
727 1100 943 1142 praefatarum
973 1105 1113 1140 tenores,

374 1158 407 1184 et
431 1153 492 1185 alia
525 1163 773 1195 quaecumque,
799 1153 896 1185 etiam
932 1153 1116 1195 specificam

376 1211 407 1237 et
427 1205 626 1238 individuam
653 1206 852 1238 mentionem
880 1211 911 1238 et
937 1206 1118 1248 expressio-

375 1270 448 1291 nem
469 1259 678 1301 requirentia,
696 1260 923 1302 praesentibus
944 1270 1002 1302 pro
1019 1261 1117 1303 plene

376 1317 409 1344 et
434 1312 635 1344 sufficienter
670 1312 833 1355 expressis
867 1318 899 1344 et
923 1312 1117 1355 specificatis

375 1364 542 1404 habentes,
562 1364 748 1397 huiusmodi
767 1365 1060 1408 supplicationibus
1074 1366 1118 1398 in-

376 1417 509 1458 clinati,
535 1418 623 1461 quod
660 1418 826 1460 praedicta
857 1419 930 1451 loca
963 1419 1016 1461 pia
1047 1420 1116 1452 viae

376 1470 484 1503 Crucis
509 1481 564 1503 seu
590 1470 737 1510 Calvarii,
764 1471 797 1503 in
823 1471 986 1512 ecelesiis,
1011 1479 1118 1507 orato-

374 1523 455 1564 riis,
482 1524 703 1563 monasteriis,
730 1524 961 1567 hospitalibus,
989 1531 1021 1558 et
1046 1525 1117 1558 aliis

376 1577 489 1609 itidem
516 1577 578 1620 piis
603 1578 684 1610 loeis
706 1577 768 1620 ipsi
794 1578 944 1611 ministro
973 1579 1118 1620 generali

377 1640 441 1662 non
467 1629 622 1662 subiectis
648 1640 709 1662 nec
729 1631 768 1662 ab
788 1641 825 1662 eo
845 1631 1117 1673 dependentibus,

377 1694 436 1726 per
461 1684 574 1715 fratres
599 1684 675 1716 dicti
701 1684 830 1716 Ordinis
848 1695 935 1716 nunc
960 1690 1069 1717 erecta
1088 1691 1120 1718 et

378 1736 411 1767 in
429 1742 593 1778 posterum
611 1735 789 1778 erigenda¹
808 1736 840 1768 in
859 1737 1006 1769 ecclesiis
1025 1743 1055 1770 et
1071 1739 1120 1771 lo-

378 1788 423 1821 cis
444 1789 574 1821 Ordinis
594 1789 744 1832 praefati,
774 1790 967 1822 auctoritate
990 1796 1120 1833 aposto-

361 1842 451 1881 xlica,
474 1848 584 1874 tenore
609 1843 841 1885 praesentium,
862 1843 1066 1877 decernimus
1088 1851 1120 1877 et

378 1896 599 1935 declaramus,
624 1906 673 1935 ac,
698 1902 857 1938 quatenns
884 1907 967 1939 opus
992 1898 1054 1937 sit,
1080 1898 1119 1930 de

377 1959 460 1981 novo
498 1949 710 1981 concedimus
749 1955 781 1980 et
816 1949 1049 1992 indulgemus3
1077 1951 1120 1983 ita

378 2007 486 2034 tamen
513 2008 549 2034 ut
572 2002 678 2044 quoad
717 2002 771 2035 illa
803 2003 850 2035 sic
883 2003 1038 2046 deinceps
1063 2004 1121 2036 cri-

378 2056 484 2098 genda
510 2056 626 2088 modus
653 2060 685 2087 et
711 2056 813 2088 forma
837 2063 1027 2097 serventur,
1055 2057 1122 2100 qui-

378 2109 440 2141 bus
467 2109 624 2142 eiusmodi
650 2109 832 2142 erectiones
858 2109 890 2142 in
916 2110 1062 2143 ecclesiis
1089 2115 1121 2144 et

379 2163 459 2195 locis
497 2162 625 2195 Ordinis
662 2163 821 2206 praedicti
858 2164 1015 2196 hactenus
1051 2164 1120 2198 sieri

379 2223 634 2256 consueverunt,
661 2222 693 2249 et
717 2218 849 2249 accedat
873 2218 1006 2250 licentia
1030 2217 1122 2251 Ordi-

380 2270 463 2302 narii
489 2270 562 2311 loci,
588 2281 624 2302 ac
649 2280 827 2303 consensus
853 2271 988 2313 parochi
1015 2277 1046 2304 et
1070 2282 1122 2304 su-

379 2324 545 2366 periorum
571 2324 750 2363 ecclesiae,
777 2325 977 2364 monasterii,
1011 2325 1123 2368 hospi-

382 2377 469 2417 talis,
492 2383 523 2410 et
552 2377 615 2410 loci
642 2377 703 2420 pii,
732 2377 788 2410 ubi
810 2378 850 2410 de
880 2378 926 2411 eis
955 2389 1013 2421 pro
1041 2384 1123 2412 tem-

380 2441 459 2474 pore
485 2431 675 2473 erigendis²
703 2431 753 2473 agi
786 2432 970 2474 eontigerit..
1006 2432 1123 2466 Decer-

380 2490 496 2517 nentes
515 2484 650 2527 pariter,
678 2484 804 2517 easdem
825 2490 1016 2527 praesentes
1035 2485 1122 2518 litte-

392 2576 395 2578 ·
417 2565 428 2590 1
451 2564 553 2591 Deesse
578 2564 686 2591 videtur
705 2565 813 2592 eisdem
845 2565 995 2599 qaudeant
1022 2565 1121 2593 indul-

378 2609 486 2643 9enliis
505 2609 609 2643 quibus
624 2609 751 2643 gaudent
765 2612 860 2636 erecta
875 2610 918 2642 (ιι.
933 2609 984 2641 Τ.).

416 2655 431 2678 2
452 2652 521 2679 Edit.
543 2653 622 2679 Μαίη.
644 2653 710 2688 legit
729 2654 864 2688 erz'yendi
884 2655 925 2688 (n.
941 2655 991 2688 T.).

963 255 1146 278 BULLAsslUM
1173 255 1330 279 ROMANUM

1158 312 1210 335 ras
1237 313 1367 346 semper
1391 304 1518 343 firmas,
1543 304 1666 336 validas
1692 309 1724 337 et
1749 304 1898 338 efficaces

1159 355 1296 388 existere
1322 362 1353 388 et
1379 357 1447 389 sore
1464 383 1472 396 ,
1499 367 1640 400 suosque
1674 358 1841 399 plenarios
1867 363 1900 390 et

1158 409 1304 451 integros
1330 409 1463 442 effectus
1487 410 1599 442 sortiri
1627 416 1659 443 et
1683 410 1843 451 obtinere,
1863 421 1900 443 ae

1158 462 1239 502 illis,
1265 463 1304 495 ad
1330 473 1413 505 quos
1439 468 1567 505 spectat
1600 468 1632 495 et
1663 474 1721 506 pro
1754 469 1899 506 tempore

1158 515 1331 558 spectabit,
1359 515 1547 558 plenissime
1569 515 1758 557 suffragari,
1785 516 1899 559 sicque

1158 573 1188 600 et
1217 578 1282 600 non
1307 567 1401 600 aliter
1431 567 1465 599 in
1497 567 1682 610 praemissis
1715 579 1774 611 per
1802 579 1901 611 quos-

1157 632 1297 664 cumque
1330 621 1453 653 iudices
1487 621 1670 654 ordinarios
1702 627 1735 654 et
1769 621 1901 664 delega-

1159 680 1227 712 tos,
1259 674 1356 707 etiam
1388 684 1556 707 causarum
1586 674 1696 717 palatii
1727 675 1898 717 apostolici

1158 727 1338 767 auditores,
1355 727 1492 760 iudicari
1511 733 1543 759 et
1560 727 1688 760 deliniri
1710 727 1843 767 debere,
1863 738 1900 760 ae

1157 781 1286 813 irritum
1308 787 1341 813 et
1372 781 1468 814 inane
1508 781 1533 812 si
1560 791 1654 813 secus
1679 792 1779 823 super
1806 781 1856 813 his
1881 792 1899 814 a

1159 846 1339 878 quoquam,
1365 834 1478 877 quavis
1513 835 1728 874 auctoritate,
1756 834 1901 867 scienter

1159 889 1207 920 vcl
1229 888 1432 929 ignoranter,
1452 888 1629 929 contigerit
1646 887 1812 920 attentari.
1831 887 1900 920 Non

1159 940 1365 973 obstantibus
1382 940 1581 983 praemissis,
1596 951 1632 972 ac
1649 941 1761 973 nostra
1778 946 1809 972 et
1826 940 1903 972 Can-

1160 993 1311 1025 cellariae
1327 993 1535 1035 Apostolicac
1553 994 1667 1035 regula
1685 993 1724 1025 de
1743 1003 1808 1025 non
1828 1003 1902 1026 con-

1160 1046 1315 1078 cedendis
1340 1046 1552 1087 indulgentiis
1571 1047 1609 1078 ad
1635 1046 1747 1086 instar,
1773 1052 1805 1078 et
1829 1046 1900 1078 aliis

1160 1099 1446 1132 constitutionibus
1477 1105 1509 1132 et
1537 1099 1800 1131 ordinationibus
1824 1110 1903 1142 apo-

1161 1153 1285 1185 stolicis
1323 1152 1509 1195 ceterisque
1552 1151 1724 1184 contrariis
1765 1151 1902 1194 quibus-

1161 1216 1312 1248 cumque.
1331 1206 1484 1238 Volumus
1501 1210 1658 1238 autemut
1678 1205 1901 1247 praesentium

1161 1260 1343 1292 litterarum
1380 1258 1613 1301 transumptis,
1637 1268 1694 1290 seu
1727 1257 1901 1300 exemplis,

1161 1313 1259 1345 etiam
1292 1312 1476 1355 impressis,
1502 1322 1598 1344 manu
1625 1311 1759 1344 alicuius
1785 1310 1901 1343 notarii

1161 1366 1283 1409 publici
1302 1365 1504 1408 subscriptiS,
1524 1370 1555 1397 et
1572 1365 1679 1407 sigillo
1694 1374 1855 1407 personae
1869 1364 1903 1396 in

1162 1419 1382 1452 ecclesiastica
1405 1419 1562 1461 dignitate
1580 1418 1777 1450 constitutae
1802 1417 1904 1450 muni-

1164 1473 1223 1514 tis,
1249 1473 1366 1506 eadem
1402 1481 1536 1514 prorsus
1565 1470 1646 1504 fides
1670 1471 1702 1503 in
1724 1471 1845 1504 iudicio
1871 1477 1904 1504 et

1163 1534 1252 1561 extra
1280 1525 1361 1558 illud
1384 1525 1587 1563 adhibeatur,
1613 1524 1792 1567 quaeipsis
1809 1535 1903 1567 prae-

1162 1580 1308 1613 sentibus
1331 1578 1548 1611 adhiberetur
1565 1577 1590 1610 si
1609 1578 1717 1610 forent
1737 1577 1903 1610 exhibitae

1161 1635 1210 1667 vel
1230 1638 1396 1665 ostensae.

1198 1696 1294 1722 Datum
1311 1695 1421 1727 Romae,
1437 1694 1509 1729 apud
1525 1694 1551 1720 S.
1568 1693 1680 1720 Mariam
1696 1694 1836 1728 Maiorem,
1852 1695 1902 1722 sub

1162 1741 1261 1768 annulo
1288 1740 1454 1771 Piscatoris,
1476 1739 1519 1765 die
1540 1746 1584 1765 xv]
1612 1739 1726 1766 ianuarii
1749 1747 1881 1767 moccxxxl
1895 1761 1902 1773 ,

1163 1785 1335 1820 pontificatus
1355 1783 1440 1809 nostri
1460 1791 1530 1809 anno
1551 1789 1568 1809 ι.

1446 1836 1482 1868 F.
1510 1836 1599 1868 card.
1626 1836 1812 1869 Omvnnuis.

1207 1899 1222 1942 ξ
1247 1898 1278 1930 ⁶2.
1306 1897 1382 1931 Cum
1408 1904 1525 1937 autem,
1552 1897 1636 1930 sicut
1659 1908 1720 1940 pro
1745 1904 1836 1941 parte
1861 1898 1904 1932 di-

1162 1954 1322 1985 lectorum
1349 1951 1489 1984 liliorum
1508 1957 1756 1995 procuratorum
1774 1953 1905 1995 provin-

1163 2007 1285 2038 ciarum
1322 2004 1445 2038 Galliae
1482 2006 1618 2037 fratrum
1651 2005 1750 2038 Tertii
1776 2005 1905 2040 Ordinis

1164 2059 1312 2092 eiusdem
1338 2060 1440 2091 sancti
1472 2059 1637 2092 Francisci
1667 2070 1704 2091 ac
1733 2059 1905 2102 guardiani

1163 2119 1344 2146 conventus
1370 2114 1405 2146 B.
1432 2113 1549 2146 Mariae
1575 2113 1804 2146 Miraeulorum
1822 2123 1905 2146 nun-

1164 2166 1272 2209 cupati
1306 2167 1346 2199 de
1378 2165 1464 2199 Urbe
1497 2166 1599 2208 ipsius
1638 2165 1737 2198 Tertii
1774 2166 1903 2199 Ordinis

1164 2220 1260 2253 nobis
1302 2230 1407 2262 nuper
1443 2218 1625 2262 expositum
1663 2219 1739 2258 suit,
1775 2220 1904 2252 tametsi

1166 2274 1282 2306 fratres
1307 2273 1407 2306 Tertii
1428 2272 1557 2305 Ordinis
1576 2272 1772 2312 huiusmodi,
1791 2278 1906 2316 utpote

1165 2326 1352 2370 supradicto
1392 2326 1542 2358 ministro
1582 2326 1731 2369 generali
1774 2326 1904 2359 Ordinis

1165 2380 1300 2412 fratrum
1336 2379 1499 2412 Minorum
1535 2379 1637 2411 saneti
1674 2379 1838 2412 Francisci
1865 2380 1906 2413 de

1165 2433 1376 2466 Observantia
1413 2432 1550 2476 eiusque
1579 2433 1797 2466 iurisdietioni
1829 2435 1905 2467 sub-

1166 2486 1260 2526 iecti,
1287 2496 1346 2529 pro
1372 2491 1462 2518 certo
1489 2486 1650 2524 habeant,
1670 2496 1704 2519 se
1728 2486 1761 2518 in
1787 2487 1904 2520 litteris

1165 2539 1284 2573 nostris
1311 2539 1521 2582 praeinsertis
1539 2540 1796 2582 comprehensos
1813 2550 1902 2581 esse;

1166 2592 1241 2636 quia
1277 2598 1385 2625 tamen
1422 2602 1576 2635 expressa
1599 2603 1636 2625 ac
1661 2592 1825 2626 individua
1849 2603 1904 2626 eo-

1167 2656 1237 2678 rum
1264 2645 1297 2678 in
1322 2645 1416 2678 dietis
1441 2645 1559 2678 litteris
1585 2645 1707 2679 mentio
1732 2646 1814 2679 saeta
1837 2657 1903 2680 non

1913 263 1961 283 etii.
1977 259 2005 284 (Σ.
2028 259 2094 286 t732

1941 1909 2062 1932 nectamuo
2075 1914 2100 1933 ut.

1914 1937 1934 1957 in
1951 1937 2043 1958 rubrica.
