2182 3137
25 265 75 292 An.
89 264 120 290 C.
144 261 210 290 ¹732

96 2244 228 2264 Obstantium

49 2271 167 2296 derogatio.

831 259 975 285 CLEMENS
1000 261 1047 285 ΧΠ
1071 261 1120 286 ΡΡ.

217 311 349 349 colore,
373 316 542 355 praetextu
571 318 602 345 et
633 311 763 354 capite,
794 309 888 342 etiam
922 310 953 342 in

218 374 355 408 corpore
396 365 473 397 iuris
513 365 642 404 clausa,
682 364 773 396 nullo
809 372 953 405 unquam

221 423 365 461 tempore
385 417 422 450 de
448 417 667 462 subreptionis
684 417 734 450 vel
752 415 953 459 obreptionis

220 477 273 503 aut
298 471 452 504 nullitatis
478 471 562 509 vitio,
589 482 644 504 seu
676 469 864 502 intentionis
897 478 955 501 no-

220 529 303 556 strae
339 525 387 556 vel
421 524 580 557 interesse
614 523 822 562 habentium,
849 521 954 554 aliove

221 577 366 620 quolibet
397 577 492 610 etiam
530 577 655 610 formali
689 582 718 610 et
751 574 955 608 substantiali

222 631 348 663 defectu
375 631 489 670 notari,
516 630 714 674 impugnari,
740 628 884 671 infringi,
910 638 957 660 re-

222 685 351 731 tractari
377 691 431 717 aut
467 684 498 716 in
535 683 790 716 controversiam
823 680 954 719 vocari,

223 740 272 772 vel
299 739 451 771 adversus
476 737 528 770 itta
553 736 744 781 aperitionis
770 735 846 774 oris,
868 734 958 768 resti-

223 792 359 825 tutionis
384 792 415 824 in
441 792 611 834 integrum,
629 790 755 823 aliudve
781 788 958 832 quodcum-

225 856 288 889 que
314 845 413 885 iuris,
438 844 510 877 facti
543 844 594 876 vel
631 843 754 886 gratiae
779 841 958 874 remedium

224 898 376 931 intentari
402 898 451 930 vel
478 896 668 940 impetrari,
694 906 750 928 seu
776 895 958 938 impetrato,

224 952 273 984 vel
306 952 400 984 etiam
437 957 547 990 motu,
576 950 710 983 scientia
735 955 766 982 et
790 947 959 992 potestatis

225 1004 427 1048 plenitudine
454 1005 585 1048 paribus
609 1013 765 1037 concesso
798 1003 846 1034 vel
876 1012 960 1034 ema-

226 1064 312 1099 nato‚
340 1058 522 1102 quempiam
559 1058 590 1090 in
628 1056 748 1090 iudicio
784 1057 833 1088 vel
871 1060 961 1087 extra

226 1113 306 1146 illud
331 1113 386 1151 uti,
415 1123 471 1145 seu
498 1123 531 1145 se
550 1113 659 1145 iuvare
678 1121 773 1155 posse
790 1122 797 1150 ·,
817 1109 872 1142 sed
892 1120 959 1142 eas-

228 1167 300 1200 dem
326 1171 513 1210 praesentes
536 1166 659 1198 litteras
685 1174 813 1208 semper
838 1169 869 1196 et
893 1172 960 1206 per-

227 1225 325 1263 petuo
358 1219 482 1259 firmas,
508 1218 629 1252 validas
665 1223 696 1251 et
727 1218 872 1250 efficaces
898 1215 962 1248 exi-

227 1279 313 1306 stere
335 1279 367 1306 et
384 1273 469 1313 fore,
497 1283 641 1316 suosque
667 1272 835 1316 plenarios
860 1275 892 1303 et
916 1271 963 1302 in-

229 1331 337 1368 tegi-os
356 1325 490 1359 effectus
508 1325 619 1358 sortiri
638 1331 668 1358 et
686 1325 844 1363 obtinere,
864 1334 898 1356 ac
915 1322 962 1361 iis,

228 1379 267 1412 ad
292 1390 371 1422 quos
396 1385 518 1422 spectat
543 1385 573 1412 et
598 1389 655 1422 pro
690 1384 834 1421 tempore
864 1387 965 1420 quau·

230 1432 410 1476 documque
443 1433 614 1476 spectabit,
641 1432 830 1475 plenissime
855 1430 965 1463 suss'ra-

230 1486 314 1529 gari,
341 1492 372 1519 et
392 1487 431 1519 ab
457 1487 502 1519 eis
529 1486 708 1529 respective
734 1484 966 1518 inviolabiliter

232 1550 360 1583 quoque
386 1540 564 1579 observari,
594 1540 702 1582 sicque
728 1544 760 1572 et
784 1549 847 1571 non
874 1538 967 1570 aliter

231 1594 264 1626 in
289 1592 476 1636 praemissis
502 1603 560 1636 per
585 1603 807 1637 quoscumque
843 1591 966 1625 iudices

232 1646 413 1679 ordinarios
434 1652 465 1680 et
484 1647 656 1690 delegatos
675 1647 771 1679 etiam
797 1656 965 1679 causarum

232 1699 342 1743 palatii
383 1701 551 1744 apostolici
592 1700 777 1740 auditores,
817 1700 967 1743 ipsosque

234 1753 425 1794 cardinales,
439 1765 474 1787 ac
492 1764 602 1787 eorum
621 1754 805 1796 collegium,
824 1759 856 1786 et
872 1763 968 1797 quos-

236 1806 281 1840 vis
314 1808 395 1840 alios
420 1818 622 1851 quacumque
656 1807 913 1851 praeeminentia
938 1813 969 1839 et

235 1867 396 1905 potestate
416 1861 585 1904 fungentes
602 1866 633 1894 et
651 1863 830 1901 iuncturos,
846 1860 969 1893 sublata

237 1914 282 1948 eis
309 1920 341 1948 et
365 1925 477 1948 eorum
503 1915 635 1948 cuilibet
665 1915 777 1958 quavis
803 1914 897 1946 aliter
922 1914 968 1946 iu-

238 1968 367 2001 dicandi
393 1974 424 2001 et
448 1968 681 2011 interpretandi
701 1968 850 2000 facultate
869 1972 899 1999 et
915 1978 969 2000 au-

237 2022 394 2062 ctoritate,
412 2021 545 2054 iudicari
572 2027 602 2055 et
628 2021 753 2054 deliniri
776 2021 894 2053 debere
910 2047 918 2061 ,
935 2031 970 2053 ac

237 2075 363 2108 irritum
389 2081 420 2108 et
453 2076 547 2108 inane
581 2074 604 2107 si
641 2085 731 2108 secus
760 2086 854 2118 super
880 2075 929 2107 liis
954 2086 970 2107 a

238 2140 420 2173 quoquam,
447 2129 558 2172 quavis
584 2128 796 2167 auctoritate,
832 2129 971 2161 scienter

239 2183 287 2216 vel
315 2183 513 2225 ignoranter,
541 2182 717 2224 contigerit
741 2182 903 2214 attentari.

283 2236 298 2279 §
318 2235 370 2269 29.
389 2235 457 2268 Non
477 2235 691 2274 obstantibus,
710 2235 907 2278 praemissis,
926 2245 970 2275 ac,

241 2295 399 2332 quatenus
418 2299 497 2332 opus
515 2290 564 2328 sit,
579 2289 697 2321 nostris
717 2288 971 2322 etCancellariae

242 2343 443 2386 Apostolicae
461 2343 581 2385 regulis
599 2343 637 2376 de
656 2344 725 2376 iure
744 2343 889 2386 quaesito
907 2353 971 2376 non

244 2397 398 2435 tollendo,
425 2398 577 2440 quodque
602 2397 780 2430 cardinales
804 2397 835 2429 in
861 2396 971 2430 consti-

245 2450 422 2483 tutionibus
459 2456 489 2482 et
525 2450 644 2492 regulis
678 2461 735 2493 pro
769 2457 914 2494 tempore
947 2461 974 2484 e-

244 2504 358 2537 dendis
387 2515 449 2537 non
470 2505 788 2547 comprehendantur
814 2505 873 2537 nisi
899 2505 973 2538 illae

244 2559 431 2591 eorumdem
457 2557 669 2590 cardinalium
689 2559 825 2591 favorem
844 2569 976 2592 concer-

244 2618 322 2645 nant
346 2613 395 2645 vel
422 2612 460 2644 de
487 2612 630 2655 ipsorum
666 2622 721 2645 seu
748 2612 879 2645 maioris
905 2624 977 2656 par-

246 2668 285 2701 tis
310 2677 422 2701 eorum
447 2665 580 2699 consilio
606 2671 834 2707 emanaverint,
860 2665 977 2709 ipsius·

999 320 1061 352 que
1095 310 1139 342 Pii
1173 310 1208 343 IV
1245 310 1504 352 praedecessoris
1537 310 1576 342 de
1609 308 1732 352 gratiis,

999 362 1102 395 dictae
1142 362 1293 396 Gamerae
1330 363 1534 407 Apostolicae
1573 362 1731 394 interesse

999 415 1246 457 quomodolibet
1263 417 1548 455 concernentibus,
1568 416 1600 448 in
1620 415 1734 448 eridetn

998 467 1130 500 Camera
1156 468 1238 501 iutra
1263 474 1385 502 certum
1422 475 1548 513 tempus
1583 478 1734 512 praesen·

999 520 1105 552 tandis
1132 527 1162 553 et
1188 522 1411 564 registrandis,
1442 523 1521 555 itaut
1547 527 1734 565 praesentes

999 573 1120 606 litteras
1139 574 1258 607 ibidem
1277 576 1475 617 praesentari
1495 580 1547 607 aut
1566 574 1734 617 registrari

1000 637 1163 670 nunquam
1186 638 1318 661 necesse
1345 629 1396 667 sit,
1422 629 1554 671 aliisque
1580 628 1736 672 apostoli-

1001 680 1054 719 cis,
1080 691 1116 713 ac
1141 680 1172 713 in
1198 680 1436 714 universalibus
1456 682 1600 714 conciliis
1625 682 1736 720 editis,

1001 734 1207 776 generalibus
1227 735 1276 767 vel
1299 734 1507 777 specialibus,
1535 734 1734 767 constitutio-

1001 787 1094 820 nibus
1113 793 1144 820 et
1163 787 1435 828 ordinationibus,
1453 798 1579 820 necnon
1599 787 1738 820 decretis

1001 840 1295 881 consistorialibus,
1308 841 1448 884 dictique
1463 841 1601 883 collegii,
1618 846 1649 873 et
1666 841 1737 874 aliis

1002 893 1191 936 quibusvis,
1218 894 1314 927 etiam
1340 894 1542 934 iuramento,
1567 894 1740 927 confirma-

1004 947 1091 980 tione
1118 947 1314 991 apostoliea,
1338 949 1387 981 vel
1414 948 1559 992 qualibet
1589 947 1740 981 firmitate

1002 1000 1063 1033 alia
1090 1001 1260 1041 roboratis,
1286 1001 1427 1042 statutis,
1454 1001 1556 1044 stylis,
1576 1001 1684 1034 usibus
1710 1006 1741 1033 et

1003 1055 1292 1088 consuetudiniluis
1308 1055 1402 1088 etiam
1418 1055 1739 1095 immemorabilibus,

1004 1109 1194 1152 privilegiis,
1214 1110 1345 1143 indultis
1363 1116 1395 1143 et
1413 1110 1528 1143 litteris
1546 1111 1740 1153 apostolicis,

1005 1161 1125 1196 eisdem
1151 1164 1291 1207 collegio
1318 1170 1349 1197 et
1373 1164 1602 1204 cardinalibus,
1623 1175 1658 1197 ac
1675 1164 1743 1196 cui-

1005 1216 1085 1249 libet
1109 1228 1233 1257 eorum‚
1258 1218 1377 1257 aliisve,
1395 1218 1452 1250 sub
1479 1219 1741 1262 quibuscumque

1006 1270 1175 1303 verborum
1203 1271 1369 1304 tenoribus
1394 1277 1426 1304 et
1451 1271 1580 1310 formis,
1605 1282 1641 1304 ae
1670 1282 1742 1305 cum

1006 1323 1173 1366 quibusvis
1211 1325 1306 1357 etiam
1344 1325 1621 1367 derogatoriarum
1649 1325 1743 1358 dero·

1007 1377 1140 1418 gatoriis
1157 1404 1164 1417 ,
1191 1378 1328 1421 aliisque
1355 1378 1611 1418 efficacioribus,
1639 1379 1744 1411 effica-

1008 1429 1141 1462 cissimis
1167 1441 1203 1463 ac
1231 1431 1370 1464 insolitis
1395 1431 1564 1470 clausulis,
1590 1431 1744 1464 irritanti-

1010 1483 1132 1525 busque
1158 1488 1189 1516 et
1214 1483 1285 1516 aliis
1322 1484 1482 1523 decretis,
1509 1485 1603 1517 etiam
1629 1490 1717 1517 motu
1735 1511 1742 1525 ,

1009 1537 1142 1570 scientia
1168 1543 1199 1570 et
1223 1538 1394 1582 potestatis
1424 1538 1628 1582 plenitudine
1660 1539 1746 1571 simi-

1010 1591 1104 1630 libus,
1130 1602 1166 1624 ac
1191 1592 1287 1625 etiam
1308 1592 1585 1629 consistorialiter,
1612 1597 1642 1625 et
1667 1592 1745 1625 alias

1010 1645 1264 1688 quomodolibet,
1285 1652 1316 1679 et
1337 1657 1371 1679 ex
1392 1646 1503 1689 quavis
1529 1649 1625 1679 causa
1651 1646 1744 1679 etiam

1011 1697 1061 1731 liic
1096 1699 1204 1732 forsan
1240 1700 1425 1733 necessario
1451 1699 1681 1743 exprimenda,
1713 1700 1745 1732 in

1010 1752 1206 1785 contrarium
1233 1754 1485 1795 praemissorum
1512 1754 1691 1794 concessis,
1718 1764 1747 1786 e·

1012 1807 1165 1845 manatis,
1194 1807 1308 1847 editis,
1334 1818 1369 1839 ac
1393 1807 1516 1850 pluries
1541 1813 1574 1840 et
1605 1807 1747 1851 quantis-

1011 1872 1150 1904 cumque
1176 1861 1300 1894 vicibus
1325 1860 1531 1901 confirmatis,
1559 1861 1746 1905 approbatis

1012 1921 1040 1948 et
1061 1914 1231 1955 iunovatis3
1248 1915 1364 1958 quibus
1379 1915 1531 1948 omnibus
1549 1921 1580 1948 et
1598 1915 1746 1957 singulis,

1012 1968 1134 2001 etiamsi
1167 1978 1225 2011 pro
1257 1968 1385 2001 illorum
1413 1969 1582 2001 sufficienti
1613 1969 1747 2011 deroga·

1014 2023 1099 2055 tione
1129 2022 1167 2054 de
1188 2021 1252 2054 illis
1277 2032 1453 2065 eorumque
1480 2022 1553 2055 totis
1580 2023 1747 2055 tenoribus

1013 2074 1221 2118 specialibus*
1248 2074 1408 2118 specifica,
1436 2086 1587 2118 expressa
1611 2082 1642 2108 et
1666 2075 1748 2108 indi-

1014 2129 1127 2169 vidua,
1152 2140 1187 2162 ac
1225 2129 1264 2162 de
1300 2129 1398 2161 verbo
1434 2129 1473 2161 ad
1499 2129 1655 2169 verbum,
1682 2139 1747 2162 non

1014 2189 1121 2217 autem
1143 2193 1202 2226 per
1220 2183 1379 2215 clausulas
1398 2184 1566 2225 generales
1584 2183 1669 2215 idem
1696 2182 1748 2215 im-

1015 2242 1192 2280 portantes,
1218 2236 1349 2275 mentio,
1376 2247 1430 2269 seu
1457 2236 1587 2279 quaevis
1612 2236 1673 2269 alia
1698 2247 1750 2269 ex·

1015 2290 1139 2334 pressio
1167 2290 1330 2329 habenda,
1349 2294 1403 2322 aut
1427 2290 1533 2332 aliqua
1558 2289 1618 2322 alia
1643 2289 1750 2333 exqui-

1015 2344 1075 2376 sita
1101 2343 1200 2376 forma
1225 2343 1262 2374 at]
1290 2342 1351 2375 boc
1376 2343 1536 2375 servanda
1563 2343 1656 2383 foret,
1684 2343 1751 2376 itto-

1016 2408 1085 2430 rum
1125 2396 1268 2430 omnium
1309 2401 1341 2428 et
1376 2395 1577 2437 singulorum
1617 2402 1749 2430 tenores

1016 2450 1240 2495 praesentibus
1276 2459 1335 2492 pro
1372 2450 1468 2492 plene
1497 2456 1528 2483 et
1551 2449 1751 2483 sufficienter

1017 2505 1177 2549 expressis
1202 2510 1233 2536 et
1258 2504 1296 2536 ad
1323 2503 1454 2536 verbum
1480 2503 1609 2536 insertis
1631 2504 1751 2537 haben-

1019 2565 1075 2599 tes
1097 2558 1160 2592 illis
1186 2558 1264 2590 alias
1290 2557 1321 2589 in
1343 2567 1400 2590 suo
1423 2558 1540 2591 robore
1566 2568 1753 2601 permansu-

1019 2613 1073 2651 ris,
1088 2612 1125 2644 ad
1145 2610 1396 2655 praemissorum
1414 2609 1560 2644 ess'ectum
1578 2611 1750 2652 dumtaxat,

1056 2676 1066 2702 1
1089 2673 1183 2702 Potius
1201 2674 1260 2708 lege
1278 2672 1410 2707 specialis
1428 2675 1466 2708 (n.
1482 2674 1531 2708 Ἕκ).

1623 249 1688 284 453
1735 257 1783 284 An.
1803 256 1832 283 c.
1854 255 1925 283 1732
