2182 3137
210 259 245 284 Λη
279 258 305 283 c.
328 258 392 283 ¹7:12
441 248 504 280 570·

402 306 568 335 ‹letiniteres
592 306 757 343 generales,
782 306 959 336 secretarius
980 307 1136 345 generalis,

403 354 588 392 provincialis
611 359 637 383 et
661 354 739 393 prior
761 359 921 384 conventus
951 355 985 385 ad
1010 355 1138 386 celebra-

404 403 510 431 tionem
534 403 602 432 dicti
626 403 784 433 drtiuitorii
818 413 869 433 seu
903 405 1138 443 congregationis

403 452 551 489 destinati,
574 452 674 481 ordine
697 462 753 491 quo
777 452 850 482 infra
874 462 936 492 cap.
961 463 1049 484 xxxu.

443 510 477 529 vt.
502 501 531 529 In
556 501 608 530 bac
631 501 855 539 congregatione
888 502 1068 542 supplendus
1094 507 1137 533 est

402 559 543 580 numerus
566 551 794 580 examinatorum
825 551 869 581 vel
899 552 1062 590 regentium
1088 562 1136 591 ge-

403 599 561 637 neralium,
585 599 608 628 si
632 599 697 639 quis
725 609 825 630 eorum
856 600 932 630 intra
960 610 1046 631 unam
1070 611 1138 631 con-

403 648 602 685 gregationem
619 653 645 678 et
662 649 746 678 aliam
766 653 897 679 mortuus
920 650 1006 680 suerit
1028 650 1071 680 vel
1095 660 1136 680 re-

403 697 607 726 nunciaverit:
632 697 752 737 insuper
774 698 859 728 debet
874 698 941 736 eligi
958 708 1049 729 novus
1072 709 1137 739 pro-

402 750 520 775 curator
549 746 694 783 generalis
717 747 766 786 qui
789 747 826 777 sit
849 747 1001 786 magister,
1028 758 1081 778 nec
1103 758 1136 778 ex

402 794 459 823 illis
488 795 665 833 provinciis,
690 804 724 824 ex
758 795 863 835 quibus
894 800 961 825 suut
992 797 1137 834 generalis

402 852 540 882 praesens
577 847 605 873 et
643 844 807 874 immediate
844 845 1016 884 praeteritus
1036 856 1043 883 ;
1080 855 1136 885 quo

401 892 503 928 electo,
538 892 646 922 recrdit
672 902 685 922 a
710 894 933 931 congregatione
966 899 1137 933 procurator

402 941 545 978 generalis
580 941 771 980 praeteritus,
796 946 822 971 et
852 942 1013 980 ingreditur
1046 953 1137 973 novus

401 999 466 1018 cum
500 990 613 1019 iuribus
646 990 827 1029 procuratori
862 991 990 1029 generali
1022 1001 1138 1031 compe-

402 1038 542 1076 tentibus,
567 1048 619 1068 nec
641 1040 724 1069 duret
747 1039 802 1068 nisi
826 1039 859 1068 ad
877 1040 1047 1077 triennium,
1065 1041 1138 1071 itaut

402 1087 450 1125 qui
474 1088 589 1118 functus
612 1088 699 1117 suerit
721 1088 815 1118 officio
838 1089 1034 1127 procuratoris
1050 1099 1137 1128 gene-

402 1137 472 1165 ralis
496 1146 546 1175 per
569 1137 746 1175 triennium,
770 1141 896 1176 nequeat
918 1138 953 1167 ad
975 1138 1052 1168 idem
1076 1140 1138 1168 ossi-

402 1185 478 1213 eiuni
502 1185 606 1214 iterum
629 1185 697 1223 eligi
721 1185 764 1215 vel
793 1185 978 1223 confirmari,
1002 1187 1057 1217 nisi
1087 1197 1138 1228 per

403 1244 510 1264 :uinum
534 1235 690 1264 vacaverit.

443 1293 489 1312 vu.
514 1284 543 1313 ln
561 1284 662 1313 eadem
679 1285 904 1322 congregatione
926 1285 1023 1324 (lebet,
1044 1295 1056 1315 a
1078 1287 1138 1316 solo

404 1338 497 1362 nuncu
522 1333 653 1362 ministro
677 1334 824 1371 generali,
849 1334 1017 1364 confirmari
1047 1345 1139 1365 secre-

403 1382 494 1411 tarius
517 1382 679 1420 generalis,
705 1383 747 1412 vel
776 1383 843 1422 eligi
872 1393 965 1413 novus
988 1384 1022 1414 ad
1051 1385 1137 1415 trien-

402 1432 504 1467 niumq
527 1441 583 1470 quo
616 1432 707 1461 electo
722 1457 728 1467 ‚
753 1432 869 1462 recedat
893 1433 1087 1472 praeteritus,
1112 1439 1139 1464 et

403 1481 580 1518 ingrediatur
603 1491 706 1519 novus,
730 1485 759 1511 ut
783 1481 891 1511 dictum
915 1486 957 1512 est
979 1482 1014 1512 de
1037 1492 1140 1522 procu-

404 1534 500 1560 ratore
523 1530 664 1568 generali.

445 1588 502 1608 vul.
529 1579 624 1609 Liceat
647 1579 774 1617 generali
798 1589 863 1609 cum
888 1580 1035 1610 vocalibus
1053 1581 1139 1611 buius

404 1638 473 1657 suae
497 1628 730 1666 congregationis
754 1628 938 1668 interpretari
962 1629 1089 1668 regulam
1113 1635 1141 1660 et

404 1677 625 1707 constitut'ones
641 1677 758 1707 Ordinis
776 1677 803 1707 in
822 1678 956 1707 omuibus
978 1679 1085 1715 dubiis,
1104 1680 1139 1709 ad

405 1737 504 1756 verum
527 1737 643 1757 sensum
663 1732 756 1757 taiuen
774 1732 799 1757 et
819 1732 944 1757 mentem
961 1729 1139 1765 earumdem,

404 1777 691 1814 ctnonalias,1nillz*1
708 1777 782 1806 sacta
797 1777 1014 1806 immutatione:
1028 1788 1139 1807 necnon
1161 1790 1162 1793 ¹

404 1825 582 1864 suspendere
615 1824 650 1854 ab
685 1825 787 1854 osticiis
809 1834 1029 1864 quoscumque,
1053 1827 1140 1856 etiam

405 1873 608 1913 provinciales,
626 1873 649 1902 si
669 1873 707 1902 ita
730 1873 888 1903 necessitas
911 1878 938 1904 et
960 1874 1069 1904 iustitia
1093 1884 1139 1905 re-

404 1922 555 1962 quisierit:
580 1922 711 1961 quinimo
741 1922 826 1952 etiam
860 1923 994 1962 privare,
1019 1923 1141 1954 iuridice

408 1977 501 2002 tamen
529 1976 557 2001 et
587 1982 651 2001 cum
676 1982 778 2002 causae
802 1972 930 2011 plenaria
958 1973 1139 2011 cognitione,

406 2022 485 2051 salva
507 2031 621 2060 semper
644 2021 761 2060 capituli
789 2021 933 2059 generalis
956 2022 1139 2052 auctoritate.

447 2080 484 2100 ix.
510 2071 627 2100 vocales·
650 2070 735 2099 buius
758 2071 992 2109 congregationis
1014 2075 1142 2102 statuant

407 2119 454 2149 ubi
489 2119 659 2149 celebranda
693 2119 748 2149 erit
779 2120 965 2158 congregatio
998 2121 1142 2158 generalis

408 2168 578 2197 intermedia
603 2168 636 2197 ad
661 2168 745 2197 tinem
771 2169 901 2205 triennii,
919 2169 965 2198 cui
981 2170 1143 2209 respective

408 2217 602 2246 interveniant
627 2217 712 2246 iidem
731 2217 844 2246 vocales
861 2218 909 2256 qui
928 2218 1048 2257 primae,
1070 2223 1098 2248 et
1114 2219 1142 2249 in

409 2276 462 2304 qua
481 2266 591 2295 similes
607 2266 764 2295 electiones
780 2266 953 2303 habeantur,
973 2276 1006 2297 eo
1031 2272 1142 2297 tantum

409 2315 620 2344 interveniente
643 2315 824 2353 discrimine,
849 2316 925 2355 quod
949 2316 977 2346 in
1001 2317 1054 2346 hac
1077 2326 1143 2346 con-

408 2364 574 2402 gregatione
597 2364 771 2393 intermedia
794 2369 965 2404 procurator
997 2366 1144 2403 generalis

408 2413 474 2449 «ligi
509 2412 597 2451 possit
630 2422 662 2441 ex
698 2413 748 2442 illa
777 2413 948 2452 provincia,
972 2422 1006 2443 ex
1029 2423 1084 2452 qua
1107 2414 1144 2444 sit

409 2462 552 2498 generxdis
576 2461 739 2490 immediate
763 2462 948 2500 praeteritus.

452 2520 476 2538 x.
503 2510 639 2548 bennun,
665 2510 778 2549 quaudo
801 2511 911 2550 aliquid
935 2510 1145 2550 praescribitur

411 2558 552 2595 agendum
578 2559 604 2588 in
629 2559 751 2588 consitio
773 2563 801 2589 et
822 2568 941 2589 assensu
958 2559 1143 2589 definitorum

411 2607 469 2635 siv«-
497 2607 674 2643 generalium
704 2607 764 2637 sive
792 2608 1034 2646 provincialium,
1059 2608 1144 2639 (lebet

412 2656 535 2694 intelligi
559 2656 633 2695 quod
657 2656 684 2686 Id
702 2656 761 2695 fiat,
779 2657 981 2688 definitoribus
1004 2657 1090 2688 simul
1114 2658 1143 2688 in

992 258 1171 282 cerritum
1198 259 1351 283 conmuni

1922 262 1974 288 An.
1995 261 2024 289 C.
2041 262 2107 292 ¹:34

1181 317 1270 338 unum
1305 308 1508 347 congregatis3
1543 308 1627 339 aliter
1660 318 1838 347 consensus,
1863 319 1912 350 per

1180 355 1290 386 litteras
1323 361 1371 386 aut
1402 357 1589 395 singulariter
1621 357 1722 393 datus,
1747 357 1855 388 nullius
1876 358 1914 389 sit

1181 405 1330 441 momenti,
1350 414 1382 434 ac
1404 405 1506 435 irritus
1528 406 1647 436 effectus
1670 406 1736 436 inde
1759 410 1910 446 sequutuS.

1181 452 1249 483 Car.
1266 453 1387 483 xxl'ttt.
1405 472 1443 476 —
1465 453 1557 489 choad
1578 455 1728 492 capitulum
1745 455 1914 495 provinciale

1268 503 1377 541 eiusque
1399 504 1615 541 congr-cyanem
1637 505 1822 534 intermedias.

1219 560 1238 580 1.
1262 551 1425 590 Capitulum
1450 551 1626 590 provinciale
1656 553 1771 591 singulo
1800 563 1914 594 quoque
1926 562 2045 589 calinulum
2060 567 2108 588 pm-

1892 602 1897 608 .
1927 591 2017 610 nunciate
2039 589 2106 616 quoh-

1181 648 1272 678 nistro
1295 649 1423 687 generali
1449 650 1491 679 vel
1515 649 1577 680 eius
1606 650 1805 681 commissario
1827 643 2057 682 suerit¹⁴·”“'¹¹¹¹¹¹¹¹''·

1180 697 1366 726 destinatum.
1387 697 1415 727 Iu
1439 707 1471 728 eo
1497 703 1593 728 votum
1617 698 1742 729 habeant
1757 699 1913 738 generalis,

1182 745 1224 775 vel
1247 745 1309 775 eius
1341 747 1560 776 commissarius
1575 771 1582 785 ‚
1605 747 1827 786 err-generales,
1852 757 1916 787 pro-

1180 799 1315 832 curator,
1352 795 1503 834 delinitor,
1539 796 1729 835 secretarius,
1765 797 1915 835 generales

1182 848 1242 874 tum
1275 845 1402 875 actuales
1436 849 1494 874 tum
1528 845 1700 884 praeteriti,
1725 846 1915 885 provincialis

1180 893 1239 923 sive
1262 894 1473 924 imis-dictionis
1506 894 1565 924 sire
1595 895 1694 933 tituli,
1713 895 1772 925 sive
1795 895 1916 926 actualis

1180 942 1240 972 sive
1274 944 1471 982 praeteritus,
1495 944 1522 973 in
1559 944 1685 984 capitulo
1721 948 1817 974 tamen
1853 945 1915 975 eius

1181 992 1346 1030 provinciae
1368 992 1402 1022 ‹Ie
1424 1002 1479 1032 qua
1502 998 1571 1023 sunt
1594 993 1706 1030 nativi3
1730 993 1798 1024 item
1822 1003 1917 1025 secre-

1181 1041 1273 1070 tarius
1290 1042 1477 1081 provincialis
1499 1043 1631 1081 actualis,
1650 1043 1759 1082 priores
1774 1053 1840 1074 cum
1856 1043 1917 1074 suis

1180 1090 1333 1128 discretis,
1357 1101 1389 1121 ac
1412 1096 1544 1130 regentes
1566 1092 1719 1130 generales
1752 1096 1780 1122 et
1808 1092 1916 1123 exami-

1180 1144 1297 1169 natores
1319 1140 1430 1179 pariter
1451 1141 1613 1178 generales,
1630 1144 1658 1170 et
1677 1145 1773 1172 custos
1795 1142 1917 1172 actualiS

1182 1188 1360 1227 provinciae,
1385 1188 1487 1218 ordine
1510 1198 1566 1228 quo
1585 1189 1658 1219 infra
1675 1189 1728 1220 sub
1744 1199 1808 1229 cap.
1826 1199 1914 1221 xxxn.

1221 1246 1250 1267 n.
1275 1236 1384 1267 Debent
1407 1237 1435 1266 in
1459 1247 1491 1267 eo
1514 1238 1581 1276 eligi
1597 1238 1631 1268 ad
1649 1239 1806 1269 triennium
1824 1249 1917 1270 novus

1182 1287 1314 1316 minister
1338 1287 1537 1325 provincialis,
1555 1292 1680 1327 quatuor
1698 1287 1867 1318 definitores
1889 1293 1917 1319 et

1181 1340 1287 1365 custos.
1313 1335 1379 1365 Post
1402 1345 1474 1374 quas
1497 1335 1654 1365 electiones
1671 1336 1834 1367 celebretur
1857 1337 1917 1376 pri*-

1182 1394 1225 1413 ma
1249 1384 1433 1422 congregatio
1451 1384 1648 1423 provincialis,
1669 1385 1715 1415 cui
1738 1386 1917 1417 intervenire

1182 1433 1288 1463 debent
1317 1434 1365 1473 qui
1394 1433 1446 1463 suit
1471 1443 1586 1472 praeses
1608 1434 1738 1474 capituli,
1762 1445 1918 1474 exgenera-

1183 1483 1244 1520 les,
1268 1482 1478 1522 provincialis,
1507 1483 1567 1513 sive
1608 1483 1821 1515 iurisdictionis
1856 1485 1918 1516 sive

1185 1531 1279 1568 tituli,
1304 1532 1451 1569 actuales,
1474 1532 1670 1571 secretarius,
1695 1538 1867 1573 procurator
1889 1539 1918 1565 et

1183 1580 1319 1610 definitor
1350 1580 1500 1618 generales
1532 1581 1677 1616 actuales,
1701 1581 1724 1612 si
1758 1581 1866 1619 adsint,
1890 1588 1919 1614 et

1184 1634 1307 1669 quatuor
1330 1630 1500 1660 definitores
1524 1630 1717 1670 provinciales
1733 1631 1847 1662 noviter
1863 1631 1920 1663 ele-

1184 1679 1233 1716 cti,
1257 1679 1358 1708 ordine
1381 1688 1438 1718 quo
1461 1679 1536 1708 infra
1560 1689 1622 1718 cap.
1649 1689 1736 1710 xxxii.

1224 1737 1264 1757 m.
1290 1728 1318 1757 Iu
1351 1728 1403 1757 bac
1432 1728 1522 1766 prima
1552 1729 1776 1767 congregatione
1803 1729 1920 1769 provin-

1184 1775 1249 1805 ciali
1273 1775 1338 1813 eligi
1362 1775 1446 1805 debet
1474 1786 1488 1804 a
1519 1780 1575 1806 toto
1603 1777 1767 1807 definitorio
1796 1783 1921 1808 secreta-

1185 1824 1245 1854 rius
1269 1824 1456 1863 provincialis
1484 1824 1518 1853 a'I
1544 1824 1702 1855 triennium
1718 1849 1725 1863 ,
1749 1825 1798 1865 qui
1823 1830 1919 1856 tamen

1185 1872 1214 1902 iu
1240 1874 1274 1902 ea
1298 1873 1342 1902 ius
1363 1873 1542 1911 suffragandi
1564 1883 1621 1903 non
1645 1873 1759 1904 habeat.

1226 1930 1263 1950 ir.
1282 1921 1352 1960 Eligi
1377 1922 1462 1951 etiam
1483 1922 1511 1951 in
1535 1923 1567 1952 ea
1590 1922 1696 1953 debent
1718 1923 1831 1963 priores
1852 1933 1921 1954 con-

1186 1974 1323 1999 ventumn
1347 1970 1380 1999 ad
1403 1980 1528 2007 annum,
1552 1980 1675 2011 quorum
1709 1972 1806 2002 nullus
1829 1976 1922 2011 potest

1186 2028 1249 2048 esse
1268 2019 1354 2048 sinml
1380 2019 1460 2059 prior
1482 2024 1511 2048 et
1533 2020 1709 2050 secretarius
1728 2021 1771 2050 vel
1787 2020 1922 2051 definitor

1186 2067 1391 2106 provincialis,
1416 2068 1470 2098 uisi
1502 2070 1530 2098 iu
1555 2069 1711 2108 provinciis
1734 2069 1849 2108 parviS‚
1873 2079 1921 2100 ur-

1185 2121 1270 2154 gente
1307 2117 1501 2155 necesaeitate,
1526 2123 1554 2148 et
1590 2123 1657 2148 tunc
1693 2118 1844 2158 definitor,
1871 2119 1921 2159 qui

1187 2166 1358 2205 proponitur
1388 2167 1539 2205 eligendus
1564 2168 1662 2207 prior,
1686 2177 1716 2198 se
1738 2168 1883 2199 abstIneat
1905 2178 1920 2198 a

1186 2215 1372 2253 suffragando
1405 2216 1433 2244 in
1457 2216 1504 2245 illa
1534 2216 1684 2246 electione.
1708 2217 1812 2256 Elapso
1833 2226 1921 2255 anno,

1186 2264 1220 2294 de
1243 2265 1362 2294 licentia
1379 2265 1505 2294 ministri
1521 2266 1667 2304 generaIiS
1684 2265 1842 2295 celebrabit
1858 2275 1924 2305 pro-

1187 2313 1318 2343 vincialis
1335 2314 1492 2343 secundam
1509 2314 1771 2353 congregationem,
1785 2319 1812 2344 et
1824 2314 1922 2354 elapso

1187 2361 1317 2398 biennio,
1337 2363 1464 2397 tertiam,
1488 2362 1594 2401 quibus
1616 2363 1812 2393 interveniant
1833 2363 1920 2393 iidem

1186 2410 1235 2449 qni
1260 2411 1385 2449 primae,
1416 2420 1448 2440 ac
1476 2410 1503 2440 iu
1532 2411 1584 2449 eis,
1610 2415 1724 2450 praeter
1747 2411 1921 2441 electionem

1187 2460 1334 2489 secretarii
1361 2460 1562 2498 provincialis,
1587 2460 1609 2490 si
1638 2460 1746 2490 electus
1775 2460 1803 2490 in
1828 2461 1924 2499 prima,

1187 2508 1291 2539 obierit
1327 2510 1369 2539 vel
1399 2509 1631 2547 renunciaverit,
1667 2510 1737 2539 liant
1767 2509 1923 2540 electiones

1165 2580 1167 2601 ,Ι
1187 2558 1317 2597 priorum
1343 2558 1450 2598 pariter
1473 2563 1504 2588 ut
1528 2558 1556 2587 iu
1581 2559 1685 2597 prima.

1226 2615 1253 2636 v.
1283 2607 1313 2637 lu
1350 2608 1485 2646 praefatis
1521 2607 1613 2637 tribus
1648 2607 1922 2646 congregationibus

1188 2655 1313 2695 eugendi
1331 2660 1409 2695 sunt,
1428 2656 1471 2686 vel
1494 2656 1700 2696 confirmandi,
1719 2656 1850 2697 magiStri
1872 2665 1922 2689 no-

1954 1251 1979 1273 Et
1995 1257 2050 1278 quan
2063 1257 2110 1279 per·

1929 1279 2048 1301 tractanda.

1182 600 1308 629 triennio
1331 600 1495 630 celebretur
1517 611 1549 631 eo
1573 601 1635 632 loco
1657 606 1685 632 et
1707 602 1753 632 (lie
1776 606 1806 633 ut
1828 612 1843 632 a
1860 612 2062 636 mmmmm—nmo
2072 622 2108 637 co·
2144 599 2151 638 ,Ἰ
