2182 3137
29 211 81 238 An.
102 209 130 234 C.
150 207 217 234 173²]

844 204 987 228 CLEMENS
1011 204 1057 228 xil
1083 206 1133 229 ΡΡ.

225 257 314 289 nullo
339 266 481 299 unquam
509 261 656 297 tempore
676 252 842 295 registrari
862 252 968 284 facere

226 309 417 348 teneamini,
447 319 484 341 ac
509 307 623 340 similis
648 304 885 338 recordationis
911 303 969 335 Ur-

224 361 299 393 bani
314 361 418 404 Papae
426 361 488 393 Vlll
500 360 623 403 pariter
637 357 902 401 praedecessoris
913 367 968 389 ηο-

224 415 336 447 stride
348 413 562 457 pensionibus
577 413 656 445 alias
671 410 836 444 translatis
848 410 966 442 iterum

224 478 288 501 non
300 467 535 500 transferendis
548 492 554 503 ,
578 476 613 497 ac
627 464 814 507 quorumvis
828 463 965 495 aliorum

224 519 440 552 Romanorum
458 517 648 551 Pontificum
673 517 967 560 praedecessorum

223 577 428 610 nostrorum,
455 576 487 604 et
516 571 682 614 quibusvis
709 570 779 602 aliis
812 569 966 611 apostoli-

223 626 283 665 cis,
311 635 347 657 ac
372 625 403 657 in
431 623 667 656 universalibus
694 621 966 665 provincialibus-

223 689 283 721 que
310 684 340 710 et
364 677 577 721 synodalibus
603 676 751 710 conciliis
777 675 891 713 editis,
913 684 966 717 ge-

223 728 965 773 neralibusvelspecialibus,constitutionibus

223 790 253 816 et
271 784 553 822 ordinationibus,
574 793 702 815 necnon
722 783 851 825 legibus
869 781 966 814 etiam

223 837 447 879 imperialibus
465 842 496 869 et
512 836 764 879 municipalibus
787 842 849 868 tam
871 834 966 867 Urbis

223 902 317 933 quam
355 891 490 923 aliarum
527 890 689 923 civitatum
729 895 759 922 et
793 891 964 929 locorum,

223 945 340 988 quibus
364 945 447 977 cives
472 944 640 986 originarii
667 943 765 976 creati
804 943 940 975 existitis
957 970 964 981 ,

222 1003 253 1030 et
280 998 464 1041 quarumvis
490 997 726 1035 ecclesiarum,
754 996 966 1028 monasterio-

223 1063 313 1091 rum,
345 1051 524 1088 Ordinum,
562 1055 594 1083 et
630 1050 802 1093 hospitalis
839 1049 966 1092 praedi-

223 1111 369 1143 ctorum,
391 1115 519 1137 necnon
539 1104 728 1147 quorumvis
749 1103 965 1145 collegiorum

223 1164 249 1189 et
278 1158 458 1190 officiorum
486 1157 591 1189 dictae
624 1156 756 1196 Curiae,
785 1162 816 1188 et
847 1166 966 1199 regno-

223 1222 304 1249 rum,
325 1211 565 1254 provinciarum
594 1216 624 1243 et
648 1210 754 1249 Urbis,
772 1221 807 1243 ac
830 1210 964 1242 aliarum

221 1264 386 1297 civitatum
414 1270 445 1297 et
471 1265 617 1296 locorum
645 1275 680 1296 ac
705 1265 858 1296 Camerac
877 1274 967 1307 prae-

223 1318 406 1356 dictorum,
433 1318 528 1350 etiarn
555 1319 737 1351 iuramento
762 1345 768 1357 ,
796 1318 967 1350 confirma-

223 1371 309 1403 tione
347 1372 548 1414 apostotica,
586 1372 635 1404 vel
672 1370 781 1414 quavis
814 1370 965 1403 firmitate

221 1425 283 1456 alia
310 1425 492 1464 roboratis,
518 1424 644 1457 statutis
670 1430 700 1456 et
726 1425 966 1456 consuetudini-

222 1479 303 1517 bus,
330 1478 580 1517 stabilimcntis‚
607 1479 718 1510 usibus
754 1484 785 1511 et
817 1478 962 1516 naturis,

222 1532 347 1564 etiamsi
374 1531 413 1564 de
439 1531 503 1564 illis
524 1532 692 1564 servandis
718 1538 750 1564 et
776 1542 840 1564 non
864 1532 965 1574 impe-

222 1585 346 1618 trandis
372 1585 489 1617 litteris
526 1585 715 1628 apostolicis
752 1591 865 1618 contra
903 1596 965 1625 ea,

220 1650 280 1672 nec
306 1639 402 1671 etiam
436 1639 475 1671 ab
508 1639 569 1671 alio
605 1640 654 1671 vel
688 1640 727 1670 ab
765 1638 828 1671 illis
862 1639 965 1682 impe-

221 1692 311 1725 tratis
342 1697 395 1724 aut
420 1692 498 1725 alias
524 1692 773 1735 quomodolibet
802 1692 964 1724 concessis

219 1745 340 1779 utendo
360 1772 367 1785 ,
395 1755 450 1778 vos
475 1755 534 1788 per
563 1755 619 1778 vos
652 1745 700 1777 vel
738 1750 965 1788 procuratores

220 1804 346 1832 vestros
389 1798 616 1841 praestiteritis
657 1798 766 1830 forsan
808 1799 965 1831 hactenus

219 1853 269 1885 vel
296 1862 352 1885 eos
370 1852 586 1894 imposterum
605 1857 771 1894 praestare
789 1853 965 1893 contigerit

220 1906 455 1943 iuramentum,
474 1905 651 1947 privilegiis
669 1915 809 1948 quoqne,
829 1905 964 1938 indultis

221 1964 253 1991 et
278 1958 394 1990 litteris
419 1958 630 2000 apostolicis,
665 1957 758 1989 dictis
793 1958 961 1997 ecclesiis,

220 2011 448 2050 monasteriis,
474 2011 648 2043 Ordinibus
674 2017 705 2043 et
731 2012 963 2054 hospitalibus,

219 2065 416 2108 illorumque
441 2065 646 2107 praesulibus
672 2075 728 2097 seu
760 2065 966 2098 administra-

221 2118 346 2152 toribus
372 2123 402 2150 et
427 2117 652 2160 superioribus
674 2145 680 2157 ,
707 2129 743 2150 ac
776 2119 939 2160 magistris
956 2146 963 2159 ,

220 2170 492 2215 praeceptoribus
515 2197 522 2209 ,
558 2170 745 2213 prioribus,
783 2171 964 2212 militibus,

222 2225 318 2258 etiam
346 2224 505 2263 antianis,
533 2224 705 2267 capitulis,
732 2226 964 2265 conventibus,

222 2277 406 2310 civitatibus
431 2283 463 2309 ct
488 2278 585 2316 locis,
609 2277 748 2321 aliisque
774 2279 964 2321 praedictis,

222 2342 258 2362 ac
284 2330 414 2362 illorum
441 2330 728 2363 communitatibus
754 2336 785 2364 et
816 2332 967 2364 universi-

224 2383 367 2421 tatibus,
395 2383 533 2425 aliisque
560 2384 711 2425 personis
737 2384 832 2417 etiam
869 2386 967 2428 parti-

223 2437 397 2474 cularibus,
416 2447 542 2469 necnon
569 2438 826 2481 archiepiscopis
844 2444 875 2471 et
898 2439 963 2482 epi-

224 2489 342 2531 scopis,
369 2495 400 2521 ct
421 2489 492 2521 aliis
518 2489 706 2529 Ordinariis,
726 2490 822 2523 etiam
841 2492 964 2524 eisdem

224 2543 443 2575 cardinalibus
469 2554 506 2575 ac
539 2543 644 2575 dictae
676 2544 783 2576 curiae
820 2546 966 2578 officiali-

224 2595 299 2634 bus,
325 2597 523 2639 illorumque
549 2596 712 2638 collegiis,
737 2609 775 2629 ac
799 2598 894 2630 etiam
915 2599 966 2631 de-

310 2660 381 2686 1:2111.
406 2660 489 2685 Rom.
515 2674 547 2678 -
574 2660 634 2686 Vol.
657 2659 766 2686 XXIII.
895 2662 928 2687 20

1022 252 1202 293 cimarum,
1229 256 1445 298 pedagiorum
1469 284 1475 295 ,
1505 257 1705 298 gabellarum
1731 261 1763 288 et

1020 317 1157 339 onerum
1184 309 1390 341 exactoribus
1416 316 1448 341 et
1478 309 1736 352 appaltatoribus
1753 335 1760 347 ,

1021 365 1051 392 et
1076 361 1214 393 aliorum
1242 372 1376 394 onerum
1404 362 1680 404 redemptoribus,
1702 363 1761 395 sub

1021 412 1281 456 quibuscumque
1306 415 1476 447 tenoribus
1502 421 1531 447 et
1557 415 1667 448 formis
1687 442 1694 454 ,
1727 426 1762 447 ac

1020 476 1092 498 cum
1134 467 1299 509 quibusvis
1339 468 1434 500 etiam
1481 469 1761 510 derogatoriarum

1020 519 1256 561 derogatoriis,
1283 520 1421 563 aliisque
1448 521 1694 560 efficacioribus,
1716 522 1762 553 el'-

1020 572 1216 604 ticacissimis
1242 579 1273 604 et
1299 572 1440 605 insolitis
1462 574 1632 614 clausulis,
1659 584 1695 607 ac
1720 575 1761 606 ir-

1019 624 1191 656 ritantibus
1218 630 1249 656 et
1274 625 1345 656 aliis
1371 625 1536 665 decretis,
1574 637 1632 668 per
1668 638 1761 669 quos·

1019 688 1158 720 cumque
1185 677 1345 710 Romanos
1372 678 1541 710 Pontiticcs
1574 679 1762 721 praedeces-

1019 741 1108 763 sores
1133 736 1289 769 nostros,
1317 742 1353 763 ac
1380 731 1477 763 ctiam
1505 741 1564 764 nos
1590 738 1620 763 et
1645 732 1761 764 Sedent

1018 785 1217 828 praedictam
1235 811 1242 823 ,
1270 784 1366 816 etiam
1393 785 1666 817 concistorialiter
1688 812 1694 824 ‚
1725 796 1761 818 ac

1019 839 1058 871 de
1099 838 1289 870 eorumdem
1335 837 1549 870 cardinalium
1591 838 1726 870 consilio
1752 865 1759 878 ,

1020 892 1115 925 etiam
1144 902 1201 934 per
1226 891 1356 923 modum
1392 892 1501 923 statuti
1537 896 1569 923 et
1603 891 1761 923 constitu-

1020 945 1115 977 tionis
1140 951 1384 988 perpetuorum‚
1412 955 1447 976 ae
1473 950 1559 976 motu
1580 949 1610 976 ct
1628 943 1764 977 scientia

1019 999 1203 1038 similibus,
1231 998 1336 1040 deque
1363 998 1563 1040 apostolicae
1589 997 1762 1040 potestatis

1018 1052 1237 1096 plenitudine,
1266 1052 1316 1083 vel
1342 1051 1380 1083 ad
1399 1050 1619 1093 imperatoris,
1638 1061 1763 1092 regum,

1019 1106 1228 1148 reginarum,
1256 1105 1395 1143 ducum,
1422 1104 1650 1136 marchionum
1678 1110 1708 1137 et
1734 1115 1764 1136 a-

1020 1159 1135 1192 liorum
1161 1158 1344 1201 principum
1372 1157 1578 1197 instantiam,
1607 1167 1663 1189 seu
1690 1157 1763 1191 illo-

1019 1224 1090 1245 rum
1117 1210 1419 1254 contemplatione,
1446 1211 1475 1242 in
1503 1221 1621 1252 genere
1647 1212 1696 1243 vel
1730 1210 1762 1242 in

1019 1267 1151 1309 specie,
1179 1276 1215 1297 ac
1240 1265 1319 1297 alias
1351 1265 1598 1308 (piomodolibet
1617 1292 1624 1304 ,
1664 1265 1762 1298 etiam

1020 1320 1144 1353 iteratis
1184 1319 1309 1351 vicibus
1345 1318 1536 1358 concessis,
1571 1318 1695 1351 etiamsi
1730 1319 1762 1351 in

1020 1375 1065 1407 eis
1102 1384 1137 1405 ac
1174 1372 1302 1405 statutis
1341 1377 1368 1404 et
1407 1371 1636 1404 stabilimentis
1670 1383 1762 1414 prae-

1019 1428 1114 1460 dictis
1159 1431 1310 1458 caveatur
1354 1436 1506 1467 expresse
1549 1426 1596 1457 rel
1639 1426 1732 1457 tacite
1753 1452 1760 1465 ,

1020 1481 1106 1524 qnod
1132 1479 1227 1512 Urbis
1255 1479 1316 1510 nisi
1343 1479 1529 1520 originariis
1556 1479 1680 1511 civibus
1716 1489 1763 1511 ro-

1019 1533 1123 1566 manis
1154 1545 1190 1564 ac
1224 1532 1341 1564 civium
1369 1532 1559 1563 corumdem
1587 1531 1662 1563 siliis
1689 1542 1764 1564 con-

1018 1588 1190 1623 serantur,
1217 1585 1368 1628 (pictique
1395 1586 1627 1617 nonnullarum
1660 1587 1764 1618 eccle-

1019 1639 1138 1672 siarum
1165 1637 1325 1671 beneficia
1351 1637 1409 1669 nisi
1439 1648 1497 1680 per
1530 1648 1688 1680 personas
1726 1638 1764 1670 il-

1019 1694 1138 1726 lustres
1163 1692 1213 1724 vel
1240 1690 1379 1728 nobiles,
1397 1701 1433 1723 ac
1452 1691 1546 1723 etiam
1568 1691 1762 1733 originarios

1019 1750 1125 1788 cives,
1153 1753 1207 1779 aut
1233 1746 1310 1778 alias
1336 1752 1425 1778 certo
1453 1746 1547 1777 modo
1575 1746 1605 1777 in
1632 1746 1696 1778 illis
1715 1756 1764 1778 ex-

1020 1812 1132 1844 presso
1159 1799 1388 1843 quabficatos,
1417 1799 1557 1831 obtineri
1592 1809 1656 1831 non
1690 1810 1764 1842 pos-

1018 1855 1103 1893 sint,
1131 1858 1163 1886 ct
1190 1853 1270 1885 nulli
1302 1853 1333 1884 in
1366 1852 1452 1884 cives
1486 1852 1581 1884 Urbis
1614 1863 1650 1884 ac
1688 1852 1764 1884 civi-

1021 1914 1133 1945 tatum,
1163 1907 1370 1949 oppidorum,
1387 1911 1545 1937 tcrrarum
1565 1910 1597 1937 ct
1615 1907 1762 1937 locorum

1019 1960 1206 1992 huiusmodi
1234 1959 1387 1997 admitti,
1413 1969 1469 1990 seu
1496 1959 1629 1991 illorum
1665 1959 1764 2001 privi-

1019 2013 1114 2055 legiis
1139 2013 1185 2044 uti
1211 2012 1368 2055 possint,
1396 2011 1456 2043 nisi
1484 2011 1575 2054 prius
1602 2012 1634 2043 in
1672 2012 1763 2044 dictis

1018 2065 1224 2103 civitatibus,
1252 2064 1404 2107 oppidis,
1431 2064 1524 2096 terris
1551 2069 1582 2095 et
1607 2065 1687 2096 locis
1706 2075 1765 2106 per

1019 2125 1142 2152 certum
1171 2125 1299 2161 tempus
1327 2118 1551 2157 habitaverint,
1584 2128 1639 2149 scu
1667 2117 1764 2150 etiam

1019 2173 1051 2205 in
1078 2172 1143 2205 illis
1169 2173 1254 2204 bona
1282 2171 1379 2203 etiam
1417 2171 1545 2203 stabilia
1580 2171 1686 2203 forsan
1725 2171 1762 2202 ad

1019 2232 1141 2259 certum
1155 2227 1297 2258 valorem
1313 2225 1523 2257 ascendentia
1539 2224 1761 2267 possederint,

1020 2280 1173 2323 quodque
1199 2277 1447 2322 praeceptoriac
1489 2283 1519 2309 et
1555 2277 1617 2309 alia
1645 2276 1764 2309 beneti-

1020 2333 1069 2366 cia
1094 2341 1318 2375 quaecumque
1337 2331 1413 2363 dicti
1436 2329 1620 2372 hospitalis,
1644 2335 1707 2362 tam
1726 2340 1762 2362 ex

1019 2386 1089 2418 eius
1115 2384 1342 2424 institutione,
1370 2394 1465 2426 quam
1493 2393 1529 2415 ex
1561 2383 1763 2415 stabilimen-

1019 2445 1127 2472 torum
1152 2438 1398 2481 praedictorum
1428 2437 1664 2480 dispositione,
1685 2448 1765 2479 pen-

1019 2492 1191 2531 sionibus,
1217 2491 1342 2524 clericis
1368 2490 1589 2523 saccularibus
1626 2496 1656 2523 et
1693 2491 1764 2523 aliis

1019 2545 1168 2589 personis
1215 2544 1312 2577 etiam
1352 2543 1530 2586 apostolica
1569 2543 1762 2576 auctoritate

1019 2597 1234 2636 reservandis,
1262 2597 1386 2639 gravari
1412 2607 1477 2630 non
1504 2596 1642 2639 possint,
1662 2597 1764 2639 quod-

1656 198 1721 231 153
1767 207 1816 233 An.
1838 206 1867 232 e.
1890 207 1962 234 ¹730
