2182 3137
1926 204 2110 252 'An.c.'1733
2146 215 2149 251 ἲ

1177 273 1342 316 generalis
1376 271 1504 306 Ordinis
1539 272 1672 306 fratrum
1710 266 2112 311 eremitarumsncunouisapo.
2147 262 2149 280 ¹

1930 312 2018 332 stulicae
2031 317 2112 338 promo-

1178 325 1280 358 saneti
1307 326 1489 368 Augustini,
1507 325 1592 368 quod
1609 335 1667 368 per
1691 325 1847 369 quasdam
1874 325 2002 359 se·tcndt.

192 230 240 256 Αιι.
261 229 293 257 c.
320 226 386 255 ¹733
432 218 497 250 514
981 223 1163 248 BULLARlUM
1190 223 1346 248 nonmuu

387 276 470 307 rium
498 276 678 318 Pauperum
705 273 814 306 Matris
835 273 902 313 Dei,
922 272 976 317 qni
1000 283 1016 305 a
1035 272 1134 306 Scho-

387 328 425 361 lis
451 327 513 360 Piis
539 326 802 366 denominantur,
830 325 1008 369 praepositi
1036 335 1136 368 genc-

222 608 308 627 saurim
329 612 378 633 poe·

220 2576 259 2598 Qui
272 2574 296 2593 ml
309 2581 326 2593 «n
337 2574 389 2594 jorn

206 2603 292 2620 ‹nutu-1<

207 2629 278 2648 urm-a
301 2634 318 2647 u
342 2633 389 2646 vou-
403 2619 485 2654 tilius
499 2619 650 2652 Nicotaus
666 2618 824 2653 Antonius
838 2617 1037 2653 Schiaffinati
1055 2618 1146 2665 prior

330 2601 391 2620 liuius

387 381 463 414 ralis
489 380 646 420 munitis,
673 379 786 412 eadem
821 389 955 422 prorsus
991 378 1069 411 tides
1103 378 1134 411 in

388 434 506 466 iudicio
525 439 556 466 et
581 438 670 465 extra
695 432 901 472 adhibeatur,
920 442 1002 475 quae
1024 431 1136 464 iisdem

389 486 615 530 praesentibus
636 512 643 525 ‚
676 485 702 518 si
737 485 846 517 forent
884 483 1052 517 exhibitae
1087 484 1135 517 vel

389 545 559 579 ostensae,
586 538 812 571 adhiberetur.

434 591 527 633 340.
564 591 651 624 Nulli
683 600 764 633 ergo
798 590 933 623 omnino
966 589 1138 623 hominum

391 645 488 678 liceat
509 645 594 677 hanc
619 644 775 687 paginam
800 648 935 676 nostrae
959 643 1139 676 absolutio-

393 698 452 737 nis,
471 697 700 736 revocationis,
718 696 936 736 rescissionis,
961 695 1140 738 abrogatio-

393 751 454 791 nis,
480 749 739 793 approbationis,
762 748 1026 789 confirmationis,
1046 748 1136 781 robo-

393 804 436 836 ris
463 803 674 843 adiectionis,
699 803 885 835 defectuum
912 802 1138 846 suppletionis,

392 857 514 897 statuti,
535 857 669 896 decreti,
687 855 930 896 declarationis,
953 856 1141 898 derogatio-

393 911 445 945 nis
470 916 501 944 ct
525 910 701 944 voluntatis
722 909 914 953 iufringere,
930 911 979 943 vel
1006 909 1034 942 ei
1060 919 1139 941 ausu

393 964 567 997 temerario
585 962 769 1003 contraire,
797 963 821 995 si
846 963 919 1006 quis
945 968 1053 995 autem
1078 962 1142 995 hoc

393 1022 556 1049 attentare
581 1015 859 1060 praesumpserit,
879 1015 1140 1058 indignationem

393 1069 632 1113 omnipotentis
657 1068 712 1102 Dei
738 1080 775 1102 ac
800 1069 972 1102 beatorum
998 1069 1084 1101 Petri
1110 1074 1142 1101 et

394 1123 484 1156 Pauli
509 1123 737 1166 apostolorum
763 1122 833 1155 eius
865 1132 898 1155 se
926 1121 1056 1155 noverit
1084 1122 1137 1154 iu-

395 1187 584 1209 cursurum.

439 1230 551 1262 Datum
578 1229 720 1270 Romae,
747 1228 833 1272 apud
872 1228 902 1262 S.
925 1229 1053 1261 Mariani
1083 1228 1140 1261 Ma-

395 1285 517 1324 iorem,
543 1293 629 1316 anno
673 1282 916 1315 incarnationis
956 1282 1142 1315 dominicae

395 1347 598 1376 muccxxxui,
621 1335 726 1379 pridie
752 1336 909 1368 kalendas
935 1335 1018 1376 iulii,
1038 1336 1142 1379 ponti-

395 1391 511 1431 ficatus
538 1389 640 1423 nostri
666 1399 752 1422 anuo
774 1400 823 1423 ιιι.

431 1447 492 1474 Dat.
514 1446 556 1473 die
577 1446 611 1473 30
630 1445 697 1473 iunii
720 1446 798 1481 1733,
821 1445 915 1481 pontis.
938 1453 1008 1473 anno
1030 1453 1071 1473 ιιι.

681 1495 716 1528 Α.
746 1495 836 1529 card.
864 1495 1095 1539 pro-datarius.

680 1549 714 1581 F.
736 1549 823 1582 card.
844 1548 1030 1582 Otivumus.

437 1607 503 1634 Visa
525 1607 558 1633 de
580 1607 685 1635 Carisi.-

591 1657 613 1689 1.
642 1656 914 1700 archiepiscopus
941 1656 1141 1701 Ancyranus.

487 1714 567 1747 Loco
593 1717 614 1755 †
640 1714 770 1758 plumbi

871 1768 904 1800 D.
930 1768 1096 1802 S‘rivmus.

436 1826 587 1862 aegistrata
607 1827 633 1853 in
653 1826 804 1854 Secretarizi
824 1826 958 1853 Brevium.

718 1969 821 2003 XCIX.

400 2052 535 2085 Fratres
577 2050 846 2094 Conqreqationis
886 2050 923 2083 cle
956 2051 1146 2084 Carbonarti

448 2105 583 2139 Ordinis
618 2105 762 2148 fratrum
797 2104 1009 2137 eremitarum
1042 2105 1147 2136 sancti

445 2159 626 2202 Auyuslz'm'
641 2162 711 2201 post
725 2158 909 2190 studiorum
923 2168 1050 2190 cursum
1067 2168 1146 2189 com-

443 2212 585 2255 pletum,
610 2216 639 2244 el
666 2211 847 2253 theoloyiae
873 2211 1025 2243 lecturam
1049 2210 1147 2254 quin-

446 2265 590 2308 quenm‘o
613 2268 780 2307 peractam
795 2290 803 2304 ,
831 2263 955 2295 habiles
980 2263 1147 2296 declaran-

448 2322 502 2350 tur
526 2317 568 2350 ad
592 2317 697 2360 officia
722 2316 904 2350 assistentis
934 2321 961 2349 et
993 2327 1147 2360 procura-

448 2371 526 2403 toris
550 2369 769 2414 qeneralium.

611 2450 747 2477 Clemens
769 2449 851 2483 Papa
870 2449 922 2477 XII
937 2471 943 2483 ,

544 2495 581 2522 ad
601 2495 738 2522 futuram
753 2494 799 2522 rei
816 2494 1003 2521 memoriam.

447 2567 461 2610 g
487 2567 516 2599 1.
533 2566 656 2610 Exponi
675 2565 770 2599 nobis
789 2576 894 2609 nuper
913 2565 988 2598 fecit
1006 2565 1146 2598 dilectus

1179 378 1249 412 licis
1274 378 1508 412 recordationis
1533 378 1705 412 Clementis
1729 378 1834 423 Papae
1855 377 1919 411 vttl

1180 430 1439 475 praedecessoris
1465 431 1568 464 nostri
1599 431 1740 475 desuper
1765 431 1795 464 in
1822 430 1919 465 simili

1182 485 1283 518 forma
1308 484 1416 518 Brevis
1442 485 1607 528 expeditas
1638 484 1781 525 litteraS,
1808 491 1840 518 et
1863 494 1922 528 per

1181 539 1257 572 alias
1292 538 1412 571 similes
1449 549 1465 571 a
1501 538 1573 581 piae
1610 538 1787 572 memoriae
1821 538 1921 572 Paulo

1182 592 1267 635 Papa
1286 592 1307 623 V
1322 591 1445 635 pariter
1462 591 1708 635 praedecessore
1723 597 1836 625 nostro
1851 601 1923 625 con-

1183 645 1343 685 firmatas,
1371 655 1521 688 expresse
1559 650 1688 678 cavetur
1723 650 1757 677 ut
1781 645 1818 678 ad
1845 645 1924 678 assi-

1183 697 1337 730 stentium
1375 697 1575 740 generalium
1613 697 1756 730 eiusdem
1795 697 1924 731 Ordinis

1183 750 1332 791 officium,
1359 750 1418 782 nisi
1445 750 1502 790 illi,
1533 750 1586 793 qui
1614 749 1645 782 in
1672 750 1924 793 quadragesimo

1184 804 1298 836 saltem
1330 814 1405 836 suae
1439 804 1552 836 aetatis
1585 813 1669 836 anno
1703 803 1868 837 constituti
1894 808 1926 837 et

1185 856 1360 898 magisterii
1387 856 1417 888 in
1445 858 1535 889 sacra
1562 856 1726 899 theologia
1745 856 1846 899 gradu
1871 856 1926 890 de-

1185 909 1283 942 corati
1311 909 1382 950 sint,
1408 915 1633 942 assumantur:
1656 910 1742 943 unde
1768 909 1926 943 existima-

1187 968 1254 1002 tur,
1279 973 1295 994 a
1321 962 1551 995 consecutione
1579 962 1726 996 eiusdem
1754 963 1850 996 officii
1876 973 1927 996 as-

1185 1015 1332 1048 sistentis
1357 1020 1389 1048 ct
1414 1015 1545 1048 alterius
1579 1016 1803 1058 procuratoris
1829 1027 1928 1059 gene·

1186 1069 1262 1102 ralis
1279 1068 1407 1101 Ordinis
1427 1068 1612 1101 huiusmodi
1636 1066 1926 1112 Congregationern

1185 1122 1215 1155 S.
1227 1121 1354 1154 loannis
1367 1121 1404 1154 de
1418 1120 1614 1154 Carbonaria
1630 1121 1705 1154 dicti
1718 1121 1857 1163 Ordinis,
1871 1122 1927 1155 ubi

1186 1176 1288 1208 dictus
1305 1175 1455 1208 Nicolaus
1474 1174 1634 1208 Antonius
1653 1175 1743 1218 prior
1760 1175 1926 1218 generalis

1185 1228 1295 1272 viginti
1318 1228 1461 1272 quinque
1483 1238 1641 1261 annorum
1662 1228 1766 1272 spatio
1785 1239 1926 1262 commo-

1185 1288 1273 1315 ratus
1298 1282 1375 1321 snit,
1403 1279 1585 1314 exclusam*
1616 1292 1784 1315 remanere
1814 1287 1928 1326 posse;

1186 1347 1224 1369 co
1255 1335 1329 1379 quia
1361 1335 1393 1367 in
1427 1336 1606 1368 memorata
1640 1335 1922 1379 Congregatione,

1188 1388 1314 1421 tametsi
1337 1388 1367 1420 in
1388 1390 1425 1421 ea
1443 1387 1586 1431 religiosi
1614 1388 1763 1432 perdigni
1790 1387 1928 1431 aliisque

1188 1441 1349 1485 requisitis
1368 1452 1427 1485 pro
1446 1441 1605 1474 eiusmodi
1627 1441 1728 1484 gradu
1747 1441 1927 1475 obtinendo

1187 1495 1323 1538 praediti
1359 1495 1584 1538 reperiantur,
1611 1494 1657 1528 eis
1690 1500 1796 1528 tamen
1828 1493 1930 1537 magi-

1189 1549 1277 1582 sterii
1305 1549 1421 1591 gradus
1447 1548 1587 1581 conferri
1614 1558 1680 1581 non
1706 1548 1885 1581 consuevit.

1232 1604 1246 1645 ἓ
1272 1602 1302 1635 ⁶2.
1331 1602 1407 1635 Cum
1430 1607 1553 1641 autem,
1572 1601 1653 1634 sieut
1672 1601 1784 1635 eadem
1803 1600 1931 1645 exposi-

1190 1656 1231 1689 tio
1250 1655 1478 1697 subiungebat,
1496 1656 1607 1688 laurea
1626 1654 1830 1698 magistralis,
1845 1654 1932 1687 iuxta

1189 1714 1307 1742 statuta
1328 1709 1429 1752 ipsius
1449 1708 1715 1751 Congregationis
1741 1707 1932 1742 auctoritate

1189 1762 1367 1806 apostolica
1385 1762 1583 1801 confirmata,
1603 1771 1666 1793 non
1682 1761 1723 1794 ob
1743 1761 1932 1794 meritorum

1189 1814 1405 1848 deficientiam
1444 1814 1481 1846 iis
1513 1813 1673 1856 religiosis
1702 1813 1834 1847 minime
1858 1823 1934 1858 per-

1189 1869 1346 1900 mittatur:
1374 1867 1459 1901 idem
1485 1866 1634 1900 Nicolaus
1660 1866 1818 1900 Antonius
1844 1866 1934 1910 prior.

1189 1921 1349 1965 generalis
1366 1947 1373 1960 ‚
1400 1931 1463 1964 quo
1489 1920 1674 1964 praedictae
1700 1919 1934 1963 Congregatio-

1189 1976 1239 2008 nis
1265 1974 1408 2017 religiosi
1436 1973 1572 2006 validius
1599 1973 1637 2006 ad
1664 1973 1770 2006 studia
1795 1973 1934 2006 inciten-

1191 2034 1240 2061 tur
1265 2028 1475 2071 animumque
1500 2026 1684 2067 intendant,
1704 2037 1740 2059 ac
1766 2025 1797 2060 in
1826 2027 1934 2070 perse-

1189 2085 1238 2115 cta
1274 2082 1335 2114 vita
1372 2081 1536 2114 communi
1571 2080 1697 2121 vivere,
1731 2090 1859 2113 necnon
1892 2081 1932 2114 ad

1190 2134 1373 2167 huiusmodi
1393 2134 1498 2166 officia
1520 2132 1593 2166 elati
1615 2132 1791 2176 praestanti
1819 2143 1932 2166 eorum

1189 2188 1272 2221 vitae
1299 2188 1449 2231 exemplo
1475 2198 1510 2220 ac
1536 2186 1671 2220 scientia
1696 2185 1862 2230 praedicto
1880 2185 1933 2220 Or-

1190 2241 1256 2274 diui
1272 2241 1428 2284 prodesse
1444 2239 1576 2284 possint,
1593 2244 1778 2283 opportune
1793 2239 1824 2272 in
1842 2246 1939 2283 prae-‘

1189 2294 1293 2327 missis
1317 2305 1334 2326 a
1358 2294 1451 2326 nobis
1477 2293 1642 2337 provideri
1669 2298 1699 2326 et
1719 2298 1755 2325 ut
1774 2292 1857 2326 infra
1885 2292 1932 2326 in-

1190 2347 1315 2390 dulgeri
1332 2356 1538 2390 summopere
1555 2346 1728 2379 desiderat.
1739 2345 1814 2386 Nos,
1828 2345 1931 2389 ipsius

1189 2401 1309 2434 Nicolai
1336 2400 1467 2433 Antonii
1499 2399 1618 2443 prioris
1640 2399 1804 2442 generalis
1830 2398 1932 2439 votis,

1190 2459 1345 2498 quantum
1365 2464 1437 2486 cum
1455 2453 1593 2487 Domino
1612 2463 1793 2496 possumus,
1810 2452 1933 2486 favora-

1190 2508 1300 2541 biliter
1326 2517 1471 2540 annuere
1489 2507 1645 2549 volentes,
1664 2517 1803 2550 eumque
1821 2517 1837 2539 a
1859 2506 1932 2551 qui-

1189 2562 1296 2594 busvis
1320 2560 1679 2601 excommunicationis,
1702 2559 1928 2604 suspensionis

1227 2625 1236 2651 l
1262 2623 1331 2651 Edit.
1353 2623 1429 2650 llluin.
1453 2622 1517 2661 legit
1537 2623 1685 2650 exclusum
1708 2628 1743 2658 (n.
1761 2623 1810 2657 ¹12).

1962 1610 2082 1632 Derim-:itio
2098 1611 2123 1632 tle
2172 1595 2178 1639 Γ

1942 1644 1984 1666 qua
1995 1639 2015 1660 in
2029 1638 2123 1660 rubrica.
2172 1642 2173 1647 ¹
