2182 3137
74 205 122 232 Αη.
145 206 173 232 C.
194 205 254 232 «73¹

268 254 305 287 de
332 255 441 297 gratiis
469 261 499 287 et
524 254 740 297 indulgentiis
766 253 804 286 ad
826 253 927 285 instar
946 263 1009 285 non

269 308 512 347 concedendis,
539 319 575 340 ac
611 308 649 340 de
688 305 900 349 exprimendo
934 316 1011 337 vero

269 371 376 393 annuo
402 362 530 399 valore,
557 371 682 393 necnon
711 360 749 392 de
772 360 843 391 iure
862 361 1010 402 quaesito

269 424 332 446 non
361 414 516 455 tollendo,
543 424 578 445 ac
604 414 642 446 de
663 412 842 445 unionibus
861 411 1012 444 commit-

271 467 375 499 tendis
400 467 439 499 ad
466 473 591 509 partes,
616 465 738 498 vocatis
764 475 902 508 quorum
929 464 1011 496 inte-

270 526 344 559 rest,
371 524 399 553 et
425 520 654 552 Lab-ramensis
682 519 816 552 Concilii
838 518 1010 551 novissime

269 574 424 606 celebrati
450 574 588 606 uniones
616 578 792 616 perpetuas
819 571 879 604 nisi
909 571 938 603 iu
963 582 1012 603 ea-

269 626 358 658 sibus
386 638 402 659 a
428 626 497 659 iure
525 626 693 670 permissis
727 625 794 657 ficri
830 624 1012 668 probiben-

272 679 321 718 tis,
341 689 376 711 ac
402 679 566 722 quibusvis
591 678 799 722 apostolicis,
819 687 946 710 necnon
980 677 1010 709 in

270 733 493 775 synodalibus,
514 732 783 776 provincialibus,
803 731 1011 774 generalibus

269 786 414 819 conciliis
439 786 533 818 editis
558 787 607 819 vel
635 785 784 825 edendis,
811 784 1011 828 specialibus

268 840 317 872 vel
346 839 565 882 generalibus,
593 838 879 872 constitutionibus
905 844 936 871 et
961 848 1012 870 or-

270 893 516 932 dinationibus,
553 904 590 925 ac
626 893 816 926 monasterii
853 892 884 925 S.
926 891 1009 924 Petri

270 947 463 979 Bessuensis
490 952 520 979 et
546 946 675 979 Ordinis
701 945 940 988 praefatorum,
967 949 1011 976 et-

268 1001 330 1033 iam
369 1000 575 1039 iuramento,
601 999 847 1032 confirmatione
885 1004 1011 1041 aposto-

269 1054 346 1093 lica,
366 1054 414 1086 vel
435 1054 548 1096 quavis
573 1052 724 1085 firmitate
751 1052 812 1084 alia
832 1051 1008 1090 roboratis,

268 1107 395 1140 statutis
427 1112 459 1139 et
484 1105 796 1145 consuettulinibus,
833 1104 1011 1148 privilegiis

270 1171 400 1204 quoque
417 1187 424 1200 ,
450 1160 584 1192 indultis
610 1163 640 1193 el
665 1158 780 1192 litteris
806 1157 1009 1201 apostolicis,

269 1214 433 1257 quibusvis
459 1212 684 1257 superioribus
710 1218 742 1244 et
766 1211 924 1255 personis,
951 1210 1010 1243 sub

270 1266 437 1310 quibusvis
464 1265 634 1299 tenoribus
660 1271 692 1298 et
718 1264 852 1303 formis,
878 1275 912 1297 ac
938 1274 1008 1296 cum

269 1320 435 1362 quibusvis
471 1319 566 1352 ctiam
604 1318 885 1361 derogatoriarum
920 1317 1011 1349 dero-

268 1374 418 1416 gatoriis,
437 1373 575 1416 aliisque
598 1372 845 1410 efficacioribus,
864 1371 1012 1404 efficacis-

269 1427 358 1459 simis
385 1431 417 1459 et
442 1426 578 1459 insolitis
604 1426 768 1464 clausulis
794 1423 1012 1456 irritantibus-

269 1491 332 1524 que
360 1486 391 1513 et
416 1479 486 1513 aliis
512 1479 675 1518 decretis,
703 1478 799 1511 etiam
825 1482 913 1510 motu
939 1487 1012 1520 pro-

269 1534 342 1577 prio
368 1539 397 1566 et
424 1543 460 1565 ex
487 1533 572 1564 certa
598 1531 732 1564 scientia
758 1541 794 1563 ac
820 1530 859 1562 de
885 1535 1012 1573 aposto-

269 1587 351 1620 lieae
390 1586 558 1630 potestatis
595 1584 799 1629 plenitudine
841 1584 1009 1627 praefata,

269 1640 364 1673 etiam
391 1639 670 1677 consistorialiter,
689 1638 728 1670 de
747 1637 842 1669 simili
862 1636 1009 1677 consilio,

269 1699 324 1726 aut
348 1693 427 1726 alias
454 1691 703 1736 quomodolibet
723 1691 818 1724 etiam
838 1690 962 1733 pluries
981 1695 1011 1722 ct

268 1747 393 1780 iteratis
418 1747 541 1779 vicibus
566 1745 738 1785 concessis,
761 1744 961 1778 confirmatis
981 1749 1012 1776 et

269 1800 450 1841 innovatis;
478 1800 595 1844 quibus
621 1799 773 1832 omnibus
799 1804 831 1831 ct
855 1797 1010 1840 singulis,

269 1854 392 1888 etiamsi
430 1865 489 1897 pro
526 1854 653 1887 illorum
679 1851 850 1885 sufficienti
878 1852 1013 1894 deroga-

270 1908 357 1941 tione
384 1907 421 1940 de
447 1907 511 1940 illis
538 1917 716 1950 eorumque
743 1905 818 1938 totis
844 1904 1012 1938 tenoribus

271 1961 434 2004 specialis,
463 1960 625 2004 specifica,
654 1970 807 2003 expressa
841 1965 871 1991 et
897 1958 1013 1990 indivi-

271 2016 341 2054 dua,
369 2025 405 2047 ac
431 2015 469 2047 de
495 2013 593 2046 verbo
619 2014 658 2046 ad
684 2012 840 2054 verbum,
867 2022 931 2045 non
959 2022 1014 2044 au-

272 2074 335 2101 tem
369 2078 430 2111 per
461 2068 621 2100 clausulas
649 2067 819 2110 generales
845 2065 930 2099 idem
956 2065 1014 2098 im-

272 2127 453 2166 portantes‚
479 2120 601 2153 mentio
628 2131 684 2153 seu
712 2119 845 2163 quaevis
872 2119 934 2152 alia
961 2130 1014 2152 cx-

271 2175 399 2220 pressio
440 2174 593 2207 habenda
629 2179 683 2206 aut
719 2173 827 2217 aliqua
864 2173 926 2206 alia
962 2172 1015 2205 ci·-

271 2229 389 2272 quisita
427 2229 530 2261 Forma
566 2229 604 2260 ad
642 2228 705 2260 lioe
731 2227 890 2260 servanda
917 2227 1013 2266 soret,

271 2288 402 2315 tenores
429 2281 639 2320 huiusmodi,
665 2292 702 2314 ac
727 2280 750 2313 si
786 2281 824 2313 de
850 2279 950 2313 verbo
976 2279 1014 2311 ad

271 2335 415 2375 verbum,
441 2335 523 2368 nibil
550 2334 679 2378 penitus
704 2334 839 2373 omisso,
866 2333 1013 2366 etsorma

272 2389 303 2422 in
330 2388 394 2422 illis
421 2389 540 2421 tradita
562 2388 742 2429 observata,
761 2387 875 2420 inserti
896 2388 1013 2426 forent,

272 2441 501 2485 praesentibus
536 2451 595 2485 pro
630 2441 727 2484 plene
757 2446 788 2474 et
814 2440 1015 2473 sufficienter

273 2494 436 2538 expressis
473 2494 654 2534 babentes,
682 2494 745 2527 illis
782 2491 860 2526 alias
898 2493 930 2525 in
956 2503 1013 2525 suo

272 2548 389 2581 robore
415 2547 650 2592 permansuris,
670 2547 732 2580 hac
753 2547 819 2580 vice
839 2547 1013 2585 dumtaxat,

270 2601 457 2648 specialiter
482 2608 511 2636 et
539 2600 706 2645 expresse,
734 2601 818 2634 iuxta
846 2600 1010 2635 decretum

879 203 1022 229 CLEMENS
1048 204 1094 228 xtt
1120 205 1169 228 1⁸1³.

1055 252 1325 295 Congregationis
1373 252 1469 285 rebus
1517 250 1799 284 consistorialibus

1056 305 1284 348 praepositae,
1311 305 1426 337 harum
1462 304 1544 337 serie
1584 304 1797 347 derogamus,

1055 358 1226 390 contrariis
1251 359 1522 402 quibuscumque.

1099 411 1113 453 g
1139 411 1190 443 1⁶2.
1227 411 1426 449 Praeterea,
1456 410 1561 453 quoad
1589 411 1635 442 ius
1669 420 1799 453 praece-
1852 420 1992 444 neu-ima»,

1055 464 1184 496 dentiae
1210 464 1402 496 dilectorum
1430 464 1524 496 etiam
1560 463 1700 496 fitiorum
1735 448 1912 495 nio-flss‘fflne‘ff}
1935 454 1996 493 ’,ἷέῗῗιῖ

1056 516 1235 549 naeliorum
1269 516 1301 548 S.
1330 516 1466 558 Benigni
1494 516 1642 548 ciusdem
1671 502 1847 548 Ordinislssl'l
1865 501 1887 538 S?

1055 570 1156 601 sancti
1195 568 1362 601 BenedICti
1400 569 1585 612 praedictae
1611 555 1919 611 Cong·1*cga·iissif¹-iws³.
1934 560 1996 599 nf-„si

1056 623 1152 654 tionis
1186 621 1218 654 S.
1246 621 1344 654 Mauri
1380 627 1454 664 post
1481 622 1618 654 dilectos
1645 622 1798 654 similiter
1811 607 1995 653 ἷῖ“[“.-,Ῐῖ.”“”ιῗ.ἷζί“ιῖῗ

1056 675 1139 709 [ilios
1165 675 1344 718 capitulum
1373 675 1476 708 dictae
1503 676 1660 708 eeclesiae
1687 676 1716 708 S.
1733 663 1880 708 διο-μω

1057 729 1156 773 pliani
1177 729 1208 761 in
1227 729 1449 762 cathedralem
1469 735 1503 761 ut
1527 730 1710 772 praefertur
1731 740 1798 762 ere-

1058 789 1137 823 ctae,
1158 783 1258 816 ullum
1279 782 1514 825 praeiudicium
1542 782 1654 814 iisdem
1679 782 1799 814 inferre

1056 847 1122 869 non
1161 836 1375 875 intendimus,
1400 846 1436 868 ac
1472 835 1569 868 etiam
1604 845 1662 878 per
1698 845 1796 878 prae-

1056 896 1162 923 sentes
1189 890 1406 922 declaramus.

1099 943 1192 987 513.
1220 942 1304 976 Nulli
1342 953 1419 986 crgo
1457 941 1589 975 omnino
1628 941 1799 974 bominum
1839 951 1998 977 swuopoe-

1055 997 1151 1030 liceat
1177 997 1260 1029 lianc
1286 997 1438 1039 paginam
1465 1001 1596 1028 nostrae
1623 979 1876 1039 sepai‘ati0-⁰²¹¹¹⁵'

1055 1052 1115 1092 nis,
1143 1050 1454 1089 dismembrationis,
1483 1049 1735 1092 segregationis,
1760 1048 1802 1081 di-

1055 1104 1200 1144 visionis,
1229 1103 1458 1146 exemptionis,
1485 1102 1710 1141 liberationis,
1738 1102 1798 1134 de-

1054 1158 1242 1198 corationis,
1268 1156 1453 1198 erectionis,
1476 1156 1702 1195 institutionis,
1725 1166 1804 1188 con-

1054 1211 1233 1250 cessionis,
1268 1210 1511 1249 attributionis,
1544 1209 1799 1252 assignationis,

1055 1263 1282 1302 subiectionis,
1307 1262 1560 1306 suppressionis,
1584 1261 1801 1300 extinctionis,

1054 1318 1207 1357 unionis,
1234 1316 1448 1356 annexionis,
1477 1315 1719 1360 applicationis,
1746 1325 1802 1357 ap-

1055 1370 1272 1414 probationis,
1301 1370 1533 1409 translationis,
1563 1368 1803 1412 incorporatio-

1056 1425 1113 1464 nis,
1143 1423 1382 1467 impcrtitionis,
1410 1422 1535 1461 indulti,
1558 1420 1800 1460 reservationis,

1056 1477 1188 1516 decreti,
1215 1475 1448 1518 derogationis,
1475 1475 1666 1507 intentionis
1693 1479 1723 1505 et
1750 1473 1802 1506 de-

1057 1531 1248 1564 clarationis
1285 1530 1486 1572 infringere,
1514 1530 1561 1561 vel
1599 1528 1625 1561 ci
1654 1539 1730 1560 ausu
1759 1533 1798 1559 te-

1057 1585 1198 1618 merario
1225 1584 1411 1623 contraire,
1439 1583 1464 1615 si
1499 1582 1570 1625 quis
1596 1588 1701 1614 autem
1740 1581 1802 1613 boe

1057 1644 1216 1671 attentare
1243 1636 1513 1680 praesumpserit,
1544 1635 1800 1678 indignationem

1057 1691 1290 1734 omnipotentis
1316 1690 1370 1722 Dei
1397 1700 1433 1722 ac
1458 1690 1627 1722 beatorum
1654 1689 1738 1720 Petri
1773 1694 1804 1720 et

1058 1746 1145 1779 Pauli
1172 1745 1393 1788 apostolorum
1419 1743 1488 1776 eius
1525 1753 1559 1776 se
1595 1741 1720 1775 noverit
1756 1741 1804 1774 in-

1057 1809 1240 1832 cursurum.

1100 1853 1214 1885 Datum
1242 1852 1377 1889 Romae,
1405 1850 1489 1894 apud
1524 1849 1554 1883 S.
1580 1849 1709 1882 Mariam
1735 1847 1802 1880 Ma-

1059 1906 1182 1946 iorem,
1219 1915 1306 1938 anno
1346 1903 1583 1937 Incarnationis
1621 1901 1803 1935 dominicae

1057 1969 1228 1998 nnccxxxt,
1255 1956 1464 2001 pontificatus
1489 1956 1592 1989 nostri
1621 1966 1704 1988 anno
1730 1965 1752 1988 1.

1809 200 1858 226 An*
1881 199 1991 227 C.1731

1093 2021 1155 2047 Dat.
1178 2028 1247 2046 anno
1268 2019 1347 2051 1731,
1369 2018 1465 2054 pontis.
1488 2026 1506 2045 ι.

1386 2135 1477 2168 xttt.

1059 2208 1231 2241 Nonnulla
1255 2211 1449 2241 statuuntur
1479 2216 1537 2250 pro
1570 2205 1655 2239 reem
1682 2203 1805 2237 studio-

1101 2273 1174 2294 rum
1193 2261 1341 2294 methodo
1360 2261 1394 2293 in
1413 2260 1558 2302 collensis
1581 2260 1727 2302 fratrum
1749 2257 1807 2289 Mt-

1102 2326 1220 2348 norwn
1232 2315 1337 2347 sancti
1348 2313 1520 2347 Francisce'
1532 2311 1806 2344 sentententiam

1102 2372 1381 2412 mincupalorum.

1272 2439 1407 2466 Clemens
1428 2438 1510 2471 Papa
1530 2437 1596 2470 XII,

1177 2484 1215 2511 ad
1235 2486 1416 2517 perpetuam
1435 2482 1480 2509 rei
1501 2481 1685 2509 memoriam.

1103 2546 1144 2579 Ex
1172 2546 1318 2578 iniuncto
1344 2544 1437 2577 nobis
1460 2543 1613 2576 divinitus
1633 2542 1804 2586 pastoralis
1843 2547 1967 2571 Exordium.

1061 2599 1291 2634 sollicitudinis
1316 2607 1471 2640 munere,
1500 2606 1660 2630 sacrarum
1698 2596 1804 2630 bona-
