<?xml version="1.0" encoding="UTF-8"?>
<!DOCTYPE html PUBLIC "-//W3C//DTD XHTML 1.0 Transitional//EN"
    "http://www.w3.org/TR/xhtml1/DTD/xhtml1-transitional.dtd">
<html xmlns="http://www.w3.org/1999/xhtml" xml:lang="en" lang="en">
 <head>
  <title>
</title>
<meta http-equiv="Content-Type" content="text/html;charset=utf-8" />
  <meta name='ocr-system' content='tesseract 3.04.00' />
  <meta name='ocr-capabilities' content='ocr_page ocr_carea ocr_par ocr_line ocrx_word'/>
</head>
<body>
  <div class='ocr_page' id='page_1' title='image "./bullarumdiplomat23cath_0406.png"; bbox 0 0 2182 3137; ppageno 0'>
   <div class='ocr_carea' id='block_1_1' title="bbox 176 203 362 230">
    <p class='ocr_par' dir='ltr' id='par_1_1' title="bbox 176 203 362 230">
     <span class='ocr_line' id='line_1_1' title="bbox 176 203 362 230; baseline -0.011 0"><span class='ocrx_word' id='word_1_1' title='bbox 176 205 226 230; x_wconf 76' lang='lat' dir='ltr'>An.</span> <span class='ocrx_word' id='word_1_2' title='bbox 246 204 278 230; x_wconf 89' lang='lat' dir='ltr'>C.</span> <span class='ocrx_word' id='word_1_3' title='bbox 294 203 362 229; x_wconf 71' lang='lat'>¹732</span> 
     </span>
    </p>
   </div>
   <div class='ocr_carea' id='block_1_2' title="bbox 179 1287 361 1333">
    <p class='ocr_par' dir='ltr' id='par_1_2' title="bbox 179 1287 361 1333">
     <span class='ocr_line' id='line_1_2' title="bbox 192 1287 361 1316; baseline 0 -10"><span class='ocrx_word' id='word_1_4' title='bbox 192 1313 195 1316; x_wconf 83' lang='lat'>.</span> <span class='ocrx_word' id='word_1_5' title='bbox 231 1287 259 1306; x_wconf 72' lang='lat' dir='ltr'>De</span> <span class='ocrx_word' id='word_1_6' title='bbox 276 1293 298 1306; x_wconf 78' lang='lat' dir='ltr'>su</span> <span class='ocrx_word' id='word_1_7' title='bbox 312 1293 361 1312; x_wconf 80' lang='lat' dir='ltr'>pen-</span> 
     </span>
     <span class='ocr_line' id='line_1_3' title="bbox 179 1320 244 1333; baseline 0 0"><span class='ocrx_word' id='word_1_8' title='bbox 179 1320 244 1333; x_wconf 68' lang='grc' dir='ltr'>ςωυμ.</span> 
     </span>
    </p>
   </div>
   <div class='ocr_carea' id='block_1_3' title="bbox 183 1633 364 1659">
    <p class='ocr_par' dir='ltr' id='par_1_3' title="bbox 183 1633 364 1659">
     <span class='ocr_line' id='line_1_4' title="bbox 183 1633 364 1659; baseline -0.006 -6"><span class='ocrx_word' id='word_1_9' title='bbox 183 1633 211 1653; x_wconf 80' lang='lat' dir='ltr'>De</span> <span class='ocrx_word' id='word_1_10' title='bbox 224 1633 364 1659; x_wconf 35' lang='lat' dir='ltr'>depositionr.</span> 
     </span>
    </p>
   </div>
   <div class='ocr_carea' id='block_1_4' title="bbox 182 1825 365 1951">
    <p class='ocr_par' dir='ltr' id='par_1_4' title="bbox 182 1825 365 1951">
     <span class='ocr_line' id='line_1_5' title="bbox 204 1825 365 1850; baseline -0.012 -5"><span class='ocrx_word' id='word_1_11' title='bbox 204 1825 339 1850; x_wconf 56' lang='lat' dir='ltr'>liegumenus</span> <span class='ocrx_word' id='word_1_12' title='bbox 354 1830 365 1843; x_wconf 87' lang='lat' dir='ltr'>a</span> 
     </span>
     <span class='ocr_line' id='line_1_6' title="bbox 183 1851 365 1874; baseline -0.005 -4"><span class='ocrx_word' id='word_1_13' title='bbox 183 1852 230 1871; x_wconf 79' lang='lat' dir='ltr'>snio</span> <span class='ocrx_word' id='word_1_14' title='bbox 241 1851 320 1871; x_wconf 76' lang='lat' dir='ltr'>abbate</span> <span class='ocrx_word' id='word_1_15' title='bbox 331 1856 365 1874; x_wconf 65' lang='lat' dir='ltr'>w»-</span> 
     </span>
     <span class='ocr_line' id='line_1_7' title="bbox 183 1878 364 1903; baseline -0.006 -6"><span class='ocrx_word' id='word_1_16' title='bbox 183 1878 250 1898; x_wconf 77' lang='lat' dir='ltr'>nei-ali</span> <span class='ocrx_word' id='word_1_17' title='bbox 264 1878 364 1903; x_wconf 67' lang='lat' dir='ltr'>suspen-lt</span> 
     </span>
     <span class='ocr_line' id='line_1_8' title="bbox 184 1905 364 1930; baseline -0.011 -5"><span class='ocrx_word' id='word_1_18' title='bbox 184 1907 215 1925; x_wconf 63' lang='lat' dir='ltr'>vei</span> <span class='ocrx_word' id='word_1_19' title='bbox 232 1905 309 1930; x_wconf 80' lang='lat' dir='ltr'>deponi</span> <span class='ocrx_word' id='word_1_20' title='bbox 329 1910 364 1929; x_wconf 85' lang='lat' dir='ltr'>po·</span> 
     </span>
     <span class='ocr_line' id='line_1_9' title="bbox 182 1933 228 1951; baseline -0.022 0"><span class='ocrx_word' id='word_1_21' title='bbox 182 1933 228 1951; x_wconf 49' lang='lat' dir='ltr'>test,</span> 
     </span>
    </p>
   </div>
   <div class='ocr_carea' id='block_1_5' title="bbox 211 2510 368 2530">
    <p class='ocr_par' dir='ltr' id='par_1_5' title="bbox 211 2510 368 2530">
     <span class='ocr_line' id='line_1_10' title="bbox 211 2510 368 2530; baseline -0.025 0"><span class='ocrx_word' id='word_1_22' title='bbox 211 2510 368 2530; x_wconf 53' lang='lat' dir='ltr'>l’raomiurrwia</span> 
     </span>
    </p>
   </div>
   <div class='ocr_carea' id='block_1_6' title="bbox 369 196 1115 1024">
    <p class='ocr_par' dir='ltr' id='par_1_6' title="bbox 369 196 1112 523">
     <span class='ocr_line' id='line_1_11' title="bbox 409 196 474 228; baseline 0.031 -3"><span class='ocrx_word' id='word_1_23' title='bbox 409 196 474 228; x_wconf 62' lang='lat'>‚²3:54</span> 
     </span>
     <span class='ocr_line' id='line_1_12' title="bbox 372 252 1112 283; baseline -0.001 -2"><span class='ocrx_word' id='word_1_24' title='bbox 372 252 456 282; x_wconf 84' lang='lat' dir='ltr'>testis</span> <span class='ocrx_word' id='word_1_25' title='bbox 478 253 619 283; x_wconf 83' lang='lat' dir='ltr'>adversus</span> <span class='ocrx_word' id='word_1_26' title='bbox 646 254 776 283; x_wconf 80' lang='lat' dir='ltr'>fratrem.</span> <span class='ocrx_word' id='word_1_27' title='bbox 810 252 907 282; x_wconf 86' lang='lat' dir='ltr'>Potest</span> <span class='ocrx_word' id='word_1_28' title='bbox 941 256 1037 281; x_wconf 88' lang='lat' dir='ltr'>tamen</span> <span class='ocrx_word' id='word_1_29' title='bbox 1066 260 1112 280; x_wconf 83' lang='lat' dir='ltr'>as·</span> 
     </span>
     <span class='ocr_line' id='line_1_13' title="bbox 370 300 1110 340; baseline 0 -11"><span class='ocrx_word' id='word_1_30' title='bbox 370 301 446 330; x_wconf 80' lang='lat' dir='ltr'>sumi</span> <span class='ocrx_word' id='word_1_31' title='bbox 480 305 593 330; x_wconf 81' lang='lat' dir='ltr'>secreto</span> <span class='ocrx_word' id='word_1_32' title='bbox 627 311 678 340; x_wconf 88' lang='lat' dir='ltr'>pro</span> <span class='ocrx_word' id='word_1_33' title='bbox 711 301 811 340; x_wconf 72' lang='lat' dir='ltr'>aliqua</span> <span class='ocrx_word' id='word_1_34' title='bbox 839 300 1046 330; x_wconf 74' lang='lat' dir='ltr'>informatione</span> <span class='ocrx_word' id='word_1_35' title='bbox 1068 300 1110 329; x_wconf 84' lang='lat' dir='ltr'>rei</span> 
     </span>
     <span class='ocr_line' id='line_1_14' title="bbox 370 348 1111 381; baseline 0 -4"><span class='ocrx_word' id='word_1_36' title='bbox 370 350 564 379; x_wconf 78' lang='lat' dir='ltr'>necessariae.</span> <span class='ocrx_word' id='word_1_37' title='bbox 591 349 723 380; x_wconf 74' lang='lat' dir='ltr'>Privatus</span> <span class='ocrx_word' id='word_1_38' title='bbox 746 359 815 379; x_wconf 91' lang='lat' dir='ltr'>voce</span> <span class='ocrx_word' id='word_1_39' title='bbox 838 349 1022 381; x_wconf 63' lang='lat' dir='ltr'>omnimoda,</span> <span class='ocrx_word' id='word_1_40' title='bbox 1046 348 1111 378; x_wconf 92' lang='lat' dir='ltr'>nul-</span> 
     </span>
     <span class='ocr_line' id='line_1_15' title="bbox 371 397 1108 438; baseline 0 -12"><span class='ocrx_word' id='word_1_41' title='bbox 371 397 430 427; x_wconf 90' lang='lat' dir='ltr'>lum</span> <span class='ocrx_word' id='word_1_42' title='bbox 463 398 581 428; x_wconf 81' lang='lat' dir='ltr'>fratrem</span> <span class='ocrx_word' id='word_1_43' title='bbox 615 399 721 438; x_wconf 86' lang='lat' dir='ltr'>poterit</span> <span class='ocrx_word' id='word_1_44' title='bbox 753 398 884 438; x_wconf 84' lang='lat' dir='ltr'>alloqui,</span> <span class='ocrx_word' id='word_1_45' title='bbox 911 397 967 428; x_wconf 81' lang='lat' dir='ltr'>nisi</span> <span class='ocrx_word' id='word_1_46' title='bbox 991 397 1072 436; x_wconf 85' lang='lat' dir='ltr'>prins</span> <span class='ocrx_word' id='word_1_47' title='bbox 1094 407 1108 426; x_wconf 85' lang='lat' dir='ltr'>a</span> 
     </span>
     <span class='ocr_line' id='line_1_16' title="bbox 369 447 1108 487; baseline -0.001 -12"><span class='ocrx_word' id='word_1_48' title='bbox 369 447 520 485; x_wconf 75' lang='lat' dir='ltr'>superiore</span> <span class='ocrx_word' id='word_1_49' title='bbox 544 447 660 477; x_wconf 78' lang='lat' dir='ltr'>licentia</span> <span class='ocrx_word' id='word_1_50' title='bbox 684 448 775 487; x_wconf 71' lang='lat' dir='ltr'>petita</span> <span class='ocrx_word' id='word_1_51' title='bbox 798 457 849 486; x_wconf 89' lang='lat' dir='ltr'>pro</span> <span class='ocrx_word' id='word_1_52' title='bbox 872 447 968 486; x_wconf 73' lang='lat' dir='ltr'>aliqua</span> <span class='ocrx_word' id='word_1_53' title='bbox 998 455 1029 476; x_wconf 78' lang='lat' dir='ltr'>rc</span> <span class='ocrx_word' id='word_1_54' title='bbox 1060 455 1108 475; x_wconf 78' lang='lat' dir='ltr'>ne-</span> 
     </span>
     <span class='ocr_line' id='line_1_17' title="bbox 369 497 507 523; baseline 0.014 -2"><span class='ocrx_word' id='word_1_55' title='bbox 369 497 507 523; x_wconf 70' lang='lat' dir='ltr'>cessaria.</span> 
     </span>
    </p>

    <p class='ocr_par' dir='ltr' id='par_1_7' title="bbox 372 544 1111 682">
     <span class='ocr_line' id='line_1_18' title="bbox 409 544 1109 583; baseline -0.003 -9"><span class='ocrx_word' id='word_1_56' title='bbox 409 554 440 574; x_wconf 86' lang='grc' dir='ltr'>ιι.</span> <span class='ocrx_word' id='word_1_57' title='bbox 464 545 567 575; x_wconf 88' lang='lat' dir='ltr'>Nullus</span> <span class='ocrx_word' id='word_1_58' title='bbox 589 545 679 575; x_wconf 76' lang='lat' dir='ltr'>abbas</span> <span class='ocrx_word' id='word_1_59' title='bbox 707 545 811 575; x_wconf 85' lang='lat' dir='ltr'>audeat</span> <span class='ocrx_word' id='word_1_60' title='bbox 844 546 962 575; x_wconf 77' lang='lat' dir='ltr'>l‘ratrem</span> <span class='ocrx_word' id='word_1_61' title='bbox 997 544 1109 583; x_wconf 84' lang='lat' dir='ltr'>privare</span> 
     </span>
     <span class='ocr_line' id='line_1_19' title="bbox 372 592 1111 634; baseline -0.001 -12"><span class='ocrx_word' id='word_1_62' title='bbox 372 604 451 630; x_wconf 87' lang='lat' dir='ltr'>voce,</span> <span class='ocrx_word' id='word_1_63' title='bbox 465 595 520 624; x_wconf 78' lang='lat' dir='ltr'>nisi</span> <span class='ocrx_word' id='word_1_64' title='bbox 537 595 565 624; x_wconf 92' lang='lat' dir='ltr'>in</span> <span class='ocrx_word' id='word_1_65' title='bbox 582 594 699 624; x_wconf 76' lang='lat' dir='ltr'><strong>casibus</strong></span> <span class='ocrx_word' id='word_1_66' title='bbox 721 595 932 634; x_wconf 74' lang='lat' dir='ltr'>suprapositis3</span> <span class='ocrx_word' id='word_1_67' title='bbox 957 594 1044 632; x_wconf 75' lang='lat' dir='ltr'>idque</span> <span class='ocrx_word' id='word_1_68' title='bbox 1061 592 1111 621; x_wconf 89' lang='lat' dir='ltr'>ad—</span> 
     </span>
     <span class='ocr_line' id='line_1_20' title="bbox 374 642 1108 682; baseline -0.003 -11"><span class='ocrx_word' id='word_1_69' title='bbox 374 642 466 673; x_wconf 80' lang='lat' dir='ltr'>liibito</span> <span class='ocrx_word' id='word_1_70' title='bbox 479 643 601 673; x_wconf 81' lang='lat' dir='ltr'>consilio</span> <span class='ocrx_word' id='word_1_71' title='bbox 614 648 641 673; x_wconf 87' lang='lat' dir='ltr'>et</span> <span class='ocrx_word' id='word_1_72' title='bbox 653 653 798 673; x_wconf 81' lang='lat' dir='ltr'>consensu</span> <span class='ocrx_word' id='word_1_73' title='bbox 816 648 930 682; x_wconf 87' lang='lat' dir='ltr'>patrum</span> <span class='ocrx_word' id='word_1_74' title='bbox 947 642 1108 672; x_wconf 79' lang='lat' dir='ltr'>seniorum.</span> 
     </span>
    </p>

    <p class='ocr_par' dir='ltr' id='par_1_8' title="bbox 370 692 1113 877">
     <span class='ocr_line' id='line_1_21' title="bbox 410 692 1112 730; baseline -0.003 -9"><span class='ocrx_word' id='word_1_75' title='bbox 410 701 451 721; x_wconf 94' lang='grc' dir='ltr'>ιιι.</span> <span class='ocrx_word' id='word_1_76' title='bbox 467 692 599 721; x_wconf 74' lang='lat' dir='ltr'>Privatus</span> <span class='ocrx_word' id='word_1_77' title='bbox 622 692 695 730; x_wconf 84' lang='lat' dir='ltr'>loco,</span> <span class='ocrx_word' id='word_1_78' title='bbox 713 693 848 722; x_wconf 90' lang='lat' dir='ltr'>ultimum</span> <span class='ocrx_word' id='word_1_79' title='bbox 871 692 967 721; x_wconf 87' lang='lat' dir='ltr'>locum</span> <span class='ocrx_word' id='word_1_80' title='bbox 990 694 1112 729; x_wconf 83' lang='lat' dir='ltr'>occupet</span> 
     </span>
     <span class='ocr_line' id='line_1_22' title="bbox 370 739 1112 779; baseline -0.003 -10"><span class='ocrx_word' id='word_1_81' title='bbox 370 741 400 770; x_wconf 90' lang='lat' dir='ltr'>in</span> <span class='ocrx_word' id='word_1_82' title='bbox 423 742 532 779; x_wconf 84' lang='lat' dir='ltr'>choro,</span> <span class='ocrx_word' id='word_1_83' title='bbox 556 741 679 771; x_wconf 75' lang='lat' dir='ltr'>ecclesia</span> <span class='ocrx_word' id='word_1_84' title='bbox 712 746 739 771; x_wconf 80' lang='lat' dir='ltr'>et</span> <span class='ocrx_word' id='word_1_85' title='bbox 772 741 942 770; x_wconf 81' lang='lat' dir='ltr'>resectorio:</span> <span class='ocrx_word' id='word_1_86' title='bbox 977 739 1112 769; x_wconf 76' lang='lat' dir='ltr'>sacerdos</span> 
     </span>
     <span class='ocr_line' id='line_1_23' title="bbox 370 788 1113 829; baseline -0.004 -10"><span class='ocrx_word' id='word_1_87' title='bbox 370 790 488 829; x_wconf 84' lang='lat' dir='ltr'>quidem</span> <span class='ocrx_word' id='word_1_88' title='bbox 525 790 602 820; x_wconf 89' lang='lat' dir='ltr'>inter</span> <span class='ocrx_word' id='word_1_89' title='bbox 637 790 828 825; x_wconf 75' lang='lat' dir='ltr'>sacerdotes,</span> <span class='ocrx_word' id='word_1_90' title='bbox 863 790 1004 819; x_wconf 77' lang='lat' dir='ltr'>diaconus</span> <span class='ocrx_word' id='word_1_91' title='bbox 1038 788 1113 817; x_wconf 87' lang='lat' dir='ltr'>inter</span> 
     </span>
     <span class='ocr_line' id='line_1_24' title="bbox 370 838 806 877; baseline 0 -11"><span class='ocrx_word' id='word_1_92' title='bbox 370 838 519 874; x_wconf 81' lang='lat' dir='ltr'>diaconos,</span> <span class='ocrx_word' id='word_1_93' title='bbox 543 844 571 868; x_wconf 80' lang='lat' dir='ltr'>et</span> <span class='ocrx_word' id='word_1_94' title='bbox 593 839 635 868; x_wconf 88' lang='lat' dir='ltr'>sic</span> <span class='ocrx_word' id='word_1_95' title='bbox 657 839 806 877; x_wconf 77' lang='lat' dir='ltr'>deinceps.</span> 
     </span>
    </p>

    <p class='ocr_par' dir='ltr' id='par_1_9' title="bbox 372 887 1115 1024">
     <span class='ocr_line' id='line_1_25' title="bbox 413 887 1113 926; baseline -0.004 -10"><span class='ocrx_word' id='word_1_96' title='bbox 413 896 450 917; x_wconf 90' lang='grc' dir='ltr'>ιν.</span> <span class='ocrx_word' id='word_1_97' title='bbox 475 888 529 923; x_wconf 79' lang='lat' dir='ltr'>Qui</span> <span class='ocrx_word' id='word_1_98' title='bbox 554 890 644 926; x_wconf 78' lang='lat' dir='ltr'>poena</span> <span class='ocrx_word' id='word_1_99' title='bbox 668 888 724 917; x_wconf 89' lang='lat' dir='ltr'>erit</span> <span class='ocrx_word' id='word_1_100' title='bbox 747 887 851 916; x_wconf 81' lang='lat' dir='ltr'>maiori</span> <span class='ocrx_word' id='word_1_101' title='bbox 875 887 1000 923; x_wconf 77' lang='lat' dir='ltr'>dignus,</span> <span class='ocrx_word' id='word_1_102' title='bbox 1026 894 1113 924; x_wconf 77' lang='lat' dir='ltr'>quam</span> 
     </span>
     <span class='ocr_line' id='line_1_26' title="bbox 372 936 1113 975; baseline -0.004 -10"><span class='ocrx_word' id='word_1_103' title='bbox 372 937 408 965; x_wconf 84' lang='lat' dir='ltr'>sit</span> <span class='ocrx_word' id='word_1_104' title='bbox 441 936 567 975; x_wconf 86' lang='lat' dir='ltr'>privatio</span> <span class='ocrx_word' id='word_1_105' title='bbox 591 936 646 965; x_wconf 85' lang='lat' dir='ltr'>loci</span> <span class='ocrx_word' id='word_1_106' title='bbox 680 940 729 965; x_wconf 90' lang='lat' dir='ltr'>aut</span> <span class='ocrx_word' id='word_1_107' title='bbox 763 936 858 970; x_wconf 81' lang='lat' dir='ltr'>vocis,</span> <span class='ocrx_word' id='word_1_108' title='bbox 891 939 1009 973; x_wconf 81' lang='lat' dir='ltr'>propter</span> <span class='ocrx_word' id='word_1_109' title='bbox 1031 943 1113 963; x_wconf 80' lang='lat' dir='ltr'>suam</span> 
     </span>
     <span class='ocr_line' id='line_1_27' title="bbox 373 983 1115 1024; baseline -0.003 -10"><span class='ocrx_word' id='word_1_110' title='bbox 373 986 549 1024; x_wconf 71' lang='lat' dir='ltr'>proterviam</span> <span class='ocrx_word' id='word_1_111' title='bbox 573 990 601 1014; x_wconf 89' lang='lat' dir='ltr'>et</span> <span class='ocrx_word' id='word_1_112' title='bbox 624 985 827 1022; x_wconf 74' lang='lat' dir='ltr'>gravissimam</span> <span class='ocrx_word' id='word_1_113' title='bbox 852 984 985 1022; x_wconf 78' lang='lat' dir='ltr'>culpam,</span> <span class='ocrx_word' id='word_1_114' title='bbox 1011 983 1115 1022; x_wconf 86' lang='lat' dir='ltr'>poterit</span> 
     </span>
    </p>
   </div>
   <div class='ocr_carea' id='block_1_7' title="bbox 372 1082 1117 1319">
    <p class='ocr_par' dir='ltr' id='par_1_10' title="bbox 372 1082 1117 1319">
     <span class='ocr_line' id='line_1_28' title="bbox 373 1082 1114 1119; baseline -0.005 -6"><span class='ocrx_word' id='word_1_115' title='bbox 373 1084 472 1113; x_wconf 85' lang='lat' dir='ltr'>infima</span> <span class='ocrx_word' id='word_1_116' title='bbox 496 1084 524 1112; x_wconf 92' lang='lat' dir='ltr'>in</span> <span class='ocrx_word' id='word_1_117' title='bbox 550 1083 729 1113; x_wconf 76' lang='lat' dir='ltr'>monasterio</span> <span class='ocrx_word' id='word_1_118' title='bbox 751 1082 915 1119; x_wconf 83' lang='lat' dir='ltr'>destinari,</span> <span class='ocrx_word' id='word_1_119' title='bbox 942 1086 971 1111; x_wconf 90' lang='lat' dir='ltr'>ut</span> <span class='ocrx_word' id='word_1_120' title='bbox 1004 1082 1114 1111; x_wconf 71' lang='lat' dir='ltr'>«lictum</span> 
     </span>
     <span class='ocr_line' id='line_1_29' title="bbox 372 1136 994 1171; baseline -0.005 -8"><span class='ocrx_word' id='word_1_121' title='bbox 372 1137 416 1163; x_wconf 84' lang='lat' dir='ltr'>est</span> <span class='ocrx_word' id='word_1_122' title='bbox 439 1142 548 1170; x_wconf 82' lang='lat' dir='ltr'>supra,</span> <span class='ocrx_word' id='word_1_123' title='bbox 573 1141 638 1171; x_wconf 86' lang='lat' dir='ltr'>cap.</span> <span class='ocrx_word' id='word_1_124' title='bbox 661 1142 686 1169; x_wconf 76' lang='lat' dir='ltr'>v,</span> <span class='ocrx_word' id='word_1_125' title='bbox 713 1142 748 1169; x_wconf 84' lang='lat' dir='ltr'>vl,</span> <span class='ocrx_word' id='word_1_126' title='bbox 774 1142 822 1167; x_wconf 87' lang='lat' dir='ltr'>vn,</span> <span class='ocrx_word' id='word_1_127' title='bbox 847 1141 893 1161; x_wconf 74' lang='lat' dir='ltr'>vm</span> <span class='ocrx_word' id='word_1_128' title='bbox 916 1136 944 1160; x_wconf 84' lang='lat' dir='ltr'>et</span> <span class='ocrx_word' id='word_1_129' title='bbox 968 1141 994 1160; x_wconf 76' lang='lat' dir='ltr'>x.</span> 
     </span>
     <span class='ocr_line' id='line_1_30' title="bbox 398 1181 1089 1220; baseline -0.001 -10"><span class='ocrx_word' id='word_1_130' title='bbox 398 1183 472 1211; x_wconf 76' lang='grc' dir='ltr'>ΟΑΡ.</span> <span class='ocrx_word' id='word_1_131' title='bbox 490 1181 564 1210; x_wconf 82' lang='lat' dir='ltr'>Xlll.</span> <span class='ocrx_word' id='word_1_132' title='bbox 584 1199 615 1202; x_wconf 45' lang='grc' dir='ltr'>-ι</span> <span class='ocrx_word' id='word_1_133' title='bbox 637 1181 674 1210; x_wconf 82' lang='lat' dir='ltr'>De</span> <span class='ocrx_word' id='word_1_134' title='bbox 689 1182 866 1220; x_wconf 74' lang='lat' dir='ltr'><em>suspensione</em></span> <span class='ocrx_word' id='word_1_135' title='bbox 882 1186 906 1209; x_wconf 64' lang='lat' dir='ltr'>et</span> <span class='ocrx_word' id='word_1_136' title='bbox 922 1181 1089 1220; x_wconf 69' lang='lat' dir='ltr'>depositione</span> 
     </span>
     <span class='ocr_line' id='line_1_31' title="bbox 666 1230 823 1270; baseline 0 -12"><span class='ocrx_word' id='word_1_137' title='bbox 666 1230 698 1259; x_wconf 81' lang='lat' dir='ltr'>ab</span> <span class='ocrx_word' id='word_1_138' title='bbox 723 1231 823 1270; x_wconf 73' lang='lat' dir='ltr'>officio.</span> 
     </span>
     <span class='ocr_line' id='line_1_32' title="bbox 415 1279 1117 1319; baseline -0.001 -10"><span class='ocrx_word' id='word_1_139' title='bbox 415 1291 432 1310; x_wconf 93' lang='grc' dir='ltr'>ι.</span> <span class='ocrx_word' id='word_1_140' title='bbox 458 1280 566 1316; x_wconf 72' lang='lat' dir='ltr'>Abbas,</span> <span class='ocrx_word' id='word_1_141' title='bbox 591 1281 640 1319; x_wconf 81' lang='lat' dir='ltr'>qui</span> <span class='ocrx_word' id='word_1_142' title='bbox 663 1281 851 1319; x_wconf 74' lang='lat' dir='ltr'>suspenditur</span> <span class='ocrx_word' id='word_1_143' title='bbox 873 1280 908 1309; x_wconf 88' lang='lat' dir='ltr'>ab</span> <span class='ocrx_word' id='word_1_144' title='bbox 933 1279 1041 1313; x_wconf 82' lang='lat' dir='ltr'>officio,</span> <span class='ocrx_word' id='word_1_145' title='bbox 1067 1288 1117 1318; x_wconf 90' lang='lat' dir='ltr'>per</span> 
     </span>
    </p>
   </div>
   <div class='ocr_carea' id='block_1_8' title="bbox 376 1329 1139 1366">
    <p class='ocr_par' dir='ltr' id='par_1_11' title="bbox 376 1329 1139 1366">
     <span class='ocr_line' id='line_1_33' title="bbox 376 1329 1139 1366; baseline 0 -8"><span class='ocrx_word' id='word_1_146' title='bbox 376 1330 430 1359; x_wconf 78' lang='lat' dir='ltr'>ltoc</span> <span class='ocrx_word' id='word_1_147' title='bbox 454 1329 593 1359; x_wconf 85' lang='lat' dir='ltr'>inhabilis</span> <span class='ocrx_word' id='word_1_148' title='bbox 615 1329 748 1358; x_wconf 78' lang='lat' dir='ltr'>redditur</span> <span class='ocrx_word' id='word_1_149' title='bbox 769 1330 803 1358; x_wconf 85' lang='lat' dir='ltr'>ad</span> <span class='ocrx_word' id='word_1_150' title='bbox 822 1329 894 1358; x_wconf 91' lang='lat' dir='ltr'>illud</span> <span class='ocrx_word' id='word_1_151' title='bbox 910 1329 1117 1366; x_wconf 79' lang='lat' dir='ltr'>exercendum,</span> <span class='ocrx_word' id='word_1_152' title='bbox 1137 1331 1139 1347; x_wconf 71' lang='lat'>³</span> 
     </span>
    </p>
   </div>
   <div class='ocr_carea' id='block_1_9' title="bbox 374 1377 1118 1417">
    <p class='ocr_par' dir='ltr' id='par_1_12' title="bbox 374 1377 1118 1417">
     <span class='ocr_line' id='line_1_34' title="bbox 374 1377 1118 1417; baseline -0.001 -10"><span class='ocrx_word' id='word_1_153' title='bbox 374 1383 402 1408; x_wconf 86' lang='lat' dir='ltr'>et</span> <span class='ocrx_word' id='word_1_154' title='bbox 414 1379 536 1417; x_wconf 79' lang='lat' dir='ltr'>insuper</span> <span class='ocrx_word' id='word_1_155' title='bbox 548 1379 673 1417; x_wconf 66' lang='lat' dir='ltr'>utraque</span> <span class='ocrx_word' id='word_1_156' title='bbox 686 1387 754 1407; x_wconf 88' lang='lat' dir='ltr'>voce</span> <span class='ocrx_word' id='word_1_157' title='bbox 770 1377 891 1407; x_wconf 76' lang='lat' dir='ltr'>carebit.</span> <span class='ocrx_word' id='word_1_158' title='bbox 915 1378 943 1406; x_wconf 80' lang='lat' dir='ltr'>Si</span> <span class='ocrx_word' id='word_1_159' title='bbox 969 1387 1036 1406; x_wconf 74' lang='lat' dir='ltr'>vero</span> <span class='ocrx_word' id='word_1_160' title='bbox 1053 1387 1118 1415; x_wconf 90' lang='lat' dir='ltr'>pro-</span> 
     </span>
    </p>
   </div>
   <div class='ocr_carea' id='block_1_10' title="bbox 374 1423 1139 1463">
    <p class='ocr_par' dir='ltr' id='par_1_13' title="bbox 374 1423 1139 1463">
     <span class='ocr_line' id='line_1_35' title="bbox 374 1423 1139 1463; baseline -0.003 -9"><span class='ocrx_word' id='word_1_161' title='bbox 374 1429 454 1454; x_wconf 84' lang='lat' dir='ltr'>terve</span> <span class='ocrx_word' id='word_1_162' title='bbox 477 1424 606 1454; x_wconf 79' lang='lat' dir='ltr'>osticium</span> <span class='ocrx_word' id='word_1_163' title='bbox 633 1424 810 1459; x_wconf 82' lang='lat' dir='ltr'>exercuerit,</span> <span class='ocrx_word' id='word_1_164' title='bbox 835 1424 952 1463; x_wconf 81' lang='lat' dir='ltr'>procedi</span> <span class='ocrx_word' id='word_1_165' title='bbox 974 1423 1060 1454; x_wconf 85' lang='lat' dir='ltr'>debet</span> <span class='ocrx_word' id='word_1_166' title='bbox 1082 1424 1116 1453; x_wconf 89' lang='lat' dir='ltr'>ad</span> <span class='ocrx_word' id='word_1_167' title='bbox 1138 1429 1139 1433; x_wconf 76' lang='grc'>’</span> 
     </span>
    </p>
   </div>
   <div class='ocr_carea' id='block_1_11' title="bbox 373 1473 1119 1660">
    <p class='ocr_par' dir='ltr' id='par_1_14' title="bbox 373 1473 1118 1602">
     <span class='ocr_line' id='line_1_36' title="bbox 373 1473 1118 1513; baseline 0 -10"><span class='ocrx_word' id='word_1_168' title='bbox 373 1474 602 1513; x_wconf 70' lang='lat' dir='ltr'>depositionem,</span> <span class='ocrx_word' id='word_1_169' title='bbox 619 1478 647 1502; x_wconf 83' lang='lat' dir='ltr'>et</span> <span class='ocrx_word' id='word_1_170' title='bbox 662 1473 800 1503; x_wconf 80' lang='lat' dir='ltr'>inhabilis</span> <span class='ocrx_word' id='word_1_171' title='bbox 817 1474 952 1503; x_wconf 81' lang='lat' dir='ltr'>redditur</span> <span class='ocrx_word' id='word_1_172' title='bbox 968 1482 1018 1512; x_wconf 79' lang='lat' dir='ltr'>per</span> <span class='ocrx_word' id='word_1_173' title='bbox 1034 1473 1118 1512; x_wconf 90' lang='lat' dir='ltr'>quin-</span> 
     </span>
     <span class='ocr_line' id='line_1_37' title="bbox 375 1523 1118 1563; baseline 0.001 -12"><span class='ocrx_word' id='word_1_174' title='bbox 375 1524 536 1563; x_wconf 79' lang='lat' dir='ltr'>quennium</span> <span class='ocrx_word' id='word_1_175' title='bbox 553 1523 586 1552; x_wconf 73' lang='lat' dir='ltr'>ad</span> <span class='ocrx_word' id='word_1_176' title='bbox 604 1532 690 1552; x_wconf 81' lang='lat' dir='ltr'>omne</span> <span class='ocrx_word' id='word_1_177' title='bbox 706 1523 847 1555; x_wconf 76' lang='lat' dir='ltr'>osticium,</span> <span class='ocrx_word' id='word_1_178' title='bbox 864 1527 891 1552; x_wconf 87' lang='lat' dir='ltr'>et</span> <span class='ocrx_word' id='word_1_179' title='bbox 907 1524 1033 1562; x_wconf 70' lang='lat' dir='ltr'>utraque</span> <span class='ocrx_word' id='word_1_180' title='bbox 1049 1531 1118 1552; x_wconf 84' lang='lat' dir='ltr'>voce</span> 
     </span>
     <span class='ocr_line' id='line_1_38' title="bbox 375 1572 498 1602; baseline -0.008 0"><span class='ocrx_word' id='word_1_181' title='bbox 375 1572 498 1602; x_wconf 80' lang='lat' dir='ltr'>carebit.</span> 
     </span>
    </p>

    <p class='ocr_par' dir='ltr' id='par_1_15' title="bbox 417 1621 1119 1660">
     <span class='ocr_line' id='line_1_39' title="bbox 417 1621 1119 1660; baseline -0.003 -8"><span class='ocrx_word' id='word_1_182' title='bbox 417 1632 447 1652; x_wconf 78' lang='lat' dir='ltr'>n.</span> <span class='ocrx_word' id='word_1_183' title='bbox 471 1623 525 1657; x_wconf 79' lang='lat' dir='ltr'>Qui</span> <span class='ocrx_word' id='word_1_184' title='bbox 548 1623 706 1660; x_wconf 72' lang='lat' dir='ltr'>deponitur</span> <span class='ocrx_word' id='word_1_185' title='bbox 728 1622 763 1651; x_wconf 77' lang='lat' dir='ltr'>ab</span> <span class='ocrx_word' id='word_1_186' title='bbox 786 1622 894 1656; x_wconf 80' lang='lat' dir='ltr'>officio,</span> <span class='ocrx_word' id='word_1_187' title='bbox 920 1631 970 1660; x_wconf 80' lang='lat' dir='ltr'>per</span> <span class='ocrx_word' id='word_1_188' title='bbox 994 1621 1046 1649; x_wconf 76' lang='lat' dir='ltr'>lioc</span> <span class='ocrx_word' id='word_1_189' title='bbox 1063 1622 1119 1660; x_wconf 62' lang='lat' dir='ltr'>pri&lt;</span> 
     </span>
    </p>
   </div>
   <div class='ocr_carea' id='block_1_12' title="bbox 378 1769 1120 1858">
    <p class='ocr_par' dir='ltr' id='par_1_16' title="bbox 378 1769 1120 1858">
     <span class='ocr_line' id='line_1_40' title="bbox 378 1769 896 1809; baseline 0 -11"><span class='ocrx_word' id='word_1_190' title='bbox 378 1775 406 1800; x_wconf 86' lang='lat' dir='ltr'>et</span> <span class='ocrx_word' id='word_1_191' title='bbox 429 1771 545 1809; x_wconf 74' lang='lat' dir='ltr'>passiva</span> <span class='ocrx_word' id='word_1_192' title='bbox 568 1778 619 1809; x_wconf 84' lang='lat' dir='ltr'>per</span> <span class='ocrx_word' id='word_1_193' title='bbox 641 1779 751 1799; x_wconf 88' lang='lat' dir='ltr'>annum</span> <span class='ocrx_word' id='word_1_194' title='bbox 775 1769 896 1799; x_wconf 81' lang='lat' dir='ltr'>carebit.</span> 
     </span>
     <span class='ocr_line' id='line_1_41' title="bbox 419 1819 1120 1858; baseline -0.001 -9"><span class='ocrx_word' id='word_1_195' title='bbox 419 1829 459 1849; x_wconf 96' lang='grc' dir='ltr'>ιιι.</span> <span class='ocrx_word' id='word_1_196' title='bbox 484 1820 568 1849; x_wconf 84' lang='lat' dir='ltr'>Solus</span> <span class='ocrx_word' id='word_1_197' title='bbox 590 1819 680 1849; x_wconf 86' lang='lat' dir='ltr'>abbas</span> <span class='ocrx_word' id='word_1_198' title='bbox 702 1819 847 1857; x_wconf 75' lang='lat' dir='ltr'>generalis</span> <span class='ocrx_word' id='word_1_199' title='bbox 870 1828 936 1848; x_wconf 85' lang='lat' dir='ltr'>cum</span> <span class='ocrx_word' id='word_1_200' title='bbox 960 1828 1120 1858; x_wconf 66' lang='lat' dir='ltr'>congrega-</span> 
     </span>
    </p>
   </div>
   <div class='ocr_carea' id='block_1_13' title="bbox 376 1916 1121 2004">
    <p class='ocr_par' dir='ltr' id='par_1_17' title="bbox 376 1916 1121 2004">
     <span class='ocr_line' id='line_1_42' title="bbox 376 1916 1119 1956; baseline 0.003 -11"><span class='ocrx_word' id='word_1_201' title='bbox 376 1918 522 1956; x_wconf 84' lang='lat' dir='ltr'>deponere</span> <span class='ocrx_word' id='word_1_202' title='bbox 547 1918 743 1954; x_wconf 65' lang='lat' dir='ltr'>hegumenum</span> <span class='ocrx_word' id='word_1_203' title='bbox 759 1921 787 1946; x_wconf 77' lang='lat' dir='ltr'>et</span> <span class='ocrx_word' id='word_1_204' title='bbox 803 1916 937 1946; x_wconf 83' lang='lat' dir='ltr'>abbatem</span> <span class='ocrx_word' id='word_1_205' title='bbox 952 1918 1119 1956; x_wconf 85' lang='lat' dir='ltr'>provinciae</span> 
     </span>
     <span class='ocr_line' id='line_1_43' title="bbox 376 1966 1121 2004; baseline 0.001 -10"><span class='ocrx_word' id='word_1_206' title='bbox 376 1976 410 1996; x_wconf 86' lang='lat' dir='ltr'>ac</span> <span class='ocrx_word' id='word_1_207' title='bbox 432 1967 615 1996; x_wconf 69' lang='lat' dir='ltr'>monasterii.</span> <span class='ocrx_word' id='word_1_208' title='bbox 633 1966 773 1995; x_wconf 68' lang='lat' dir='ltr'>„tbbatem</span> <span class='ocrx_word' id='word_1_209' title='bbox 793 1974 860 1995; x_wconf 85' lang='lat' dir='ltr'>vero</span> <span class='ocrx_word' id='word_1_210' title='bbox 874 1967 1041 2004; x_wconf 75' lang='lat' dir='ltr'>generalem</span> <span class='ocrx_word' id='word_1_211' title='bbox 1057 1977 1121 1995; x_wconf 85' lang='lat' dir='ltr'>sus-</span> 
     </span>
    </p>
   </div>
   <div class='ocr_carea' id='block_1_14' title="bbox 377 2064 1120 2201">
    <p class='ocr_par' dir='ltr' id='par_1_18' title="bbox 377 2064 1120 2201">
     <span class='ocr_line' id='line_1_44' title="bbox 377 2064 688 2103; baseline -0.006 -8"><span class='ocrx_word' id='word_1_212' title='bbox 377 2065 509 2103; x_wconf 71' lang='lat' dir='ltr'>gregatio</span> <span class='ocrx_word' id='word_1_213' title='bbox 531 2064 688 2102; x_wconf 73' lang='lat' dir='ltr'>generalis.</span> 
     </span>
     <span class='ocr_line' id='line_1_45' title="bbox 419 2112 1120 2151; baseline 0.001 -9"><span class='ocrx_word' id='word_1_214' title='bbox 419 2123 456 2143; x_wconf 77' lang='grc' dir='ltr'>ιν.</span> <span class='ocrx_word' id='word_1_215' title='bbox 481 2114 547 2148; x_wconf 76' lang='lat' dir='ltr'>Qui,</span> <span class='ocrx_word' id='word_1_216' title='bbox 573 2117 690 2151; x_wconf 85' lang='lat' dir='ltr'>praeter</span> <span class='ocrx_word' id='word_1_217' title='bbox 712 2112 846 2142; x_wconf 83' lang='lat' dir='ltr'>abbatem</span> <span class='ocrx_word' id='word_1_218' title='bbox 869 2113 1049 2150; x_wconf 77' lang='lat' dir='ltr'>generalem,</span> <span class='ocrx_word' id='word_1_219' title='bbox 1073 2113 1120 2143; x_wconf 83' lang='lat' dir='ltr'>hc-</span> 
     </span>
     <span class='ocr_line' id='line_1_46' title="bbox 379 2162 1119 2201; baseline -0.001 -8"><span class='ocrx_word' id='word_1_220' title='bbox 379 2172 520 2201; x_wconf 68' lang='lat' dir='ltr'>gumenos</span> <span class='ocrx_word' id='word_1_221' title='bbox 543 2167 572 2192; x_wconf 75' lang='lat' dir='ltr'>ct</span> <span class='ocrx_word' id='word_1_222' title='bbox 595 2162 714 2191; x_wconf 83' lang='lat' dir='ltr'>abbates</span> <span class='ocrx_word' id='word_1_223' title='bbox 747 2162 914 2201; x_wconf 83' lang='lat' dir='ltr'>provinciae</span> <span class='ocrx_word' id='word_1_224' title='bbox 937 2163 981 2192; x_wconf 85' lang='lat' dir='ltr'>vel</span> <span class='ocrx_word' id='word_1_225' title='bbox 1006 2172 1119 2193; x_wconf 86' lang='lat' dir='ltr'>monas-</span> 
     </span>
    </p>
   </div>
   <div class='ocr_carea' id='block_1_15' title="bbox 379 2260 1121 2388">
    <p class='ocr_par' dir='ltr' id='par_1_19' title="bbox 379 2260 1121 2388">
     <span class='ocr_line' id='line_1_47' title="bbox 381 2260 1121 2300; baseline 0.004 -12"><span class='ocrx_word' id='word_1_226' title='bbox 381 2266 539 2300; x_wconf 79' lang='lat' dir='ltr'>ponuntur,</span> <span class='ocrx_word' id='word_1_227' title='bbox 558 2270 615 2290; x_wconf 86' lang='lat' dir='ltr'>non</span> <span class='ocrx_word' id='word_1_228' title='bbox 632 2260 742 2289; x_wconf 85' lang='lat' dir='ltr'>idcirco</span> <span class='ocrx_word' id='word_1_229' title='bbox 759 2269 828 2289; x_wconf 85' lang='lat' dir='ltr'>voce</span> <span class='ocrx_word' id='word_1_230' title='bbox 845 2260 1047 2298; x_wconf 78' lang='lat' dir='ltr'>privabuntur,</span> <span class='ocrx_word' id='word_1_231' title='bbox 1065 2261 1121 2291; x_wconf 76' lang='lat' dir='ltr'>nisi</span> 
     </span>
     <span class='ocr_line' id='line_1_48' title="bbox 379 2358 502 2388; baseline 0 -2"><span class='ocrx_word' id='word_1_232' title='bbox 379 2358 502 2388; x_wconf 81' lang='lat' dir='ltr'>dissent.</span> 
     </span>
    </p>
   </div>
   <div class='ocr_carea' id='block_1_16' title="bbox 380 2406 1122 2494">
    <p class='ocr_par' dir='ltr' id='par_1_20' title="bbox 380 2406 1122 2494">
     <span class='ocr_line' id='line_1_49' title="bbox 420 2406 1122 2446; baseline 0.003 -11"><span class='ocrx_word' id='word_1_233' title='bbox 420 2416 446 2436; x_wconf 87' lang='lat' dir='ltr'>v.</span> <span class='ocrx_word' id='word_1_234' title='bbox 470 2407 560 2437; x_wconf 90' lang='lat' dir='ltr'>Nemo</span> <span class='ocrx_word' id='word_1_235' title='bbox 579 2416 613 2436; x_wconf 84' lang='lat' dir='ltr'>ex</span> <span class='ocrx_word' id='word_1_236' title='bbox 630 2406 785 2436; x_wconf 82' lang='lat' dir='ltr'>abbatibus</span> <span class='ocrx_word' id='word_1_237' title='bbox 798 2407 937 2445; x_wconf 81' lang='lat' dir='ltr'>suspendi</span> <span class='ocrx_word' id='word_1_238' title='bbox 950 2411 1000 2436; x_wconf 91' lang='lat' dir='ltr'>aut</span> <span class='ocrx_word' id='word_1_239' title='bbox 1015 2408 1122 2446; x_wconf 78' lang='lat' dir='ltr'>deponi</span> 
     </span>
     <span class='ocr_line' id='line_1_50' title="bbox 380 2455 998 2494; baseline -0.002 -9"><span class='ocrx_word' id='word_1_240' title='bbox 380 2455 480 2492; x_wconf 84' lang='lat' dir='ltr'>debet,</span> <span class='ocrx_word' id='word_1_241' title='bbox 505 2455 560 2485; x_wconf 82' lang='lat' dir='ltr'>nisi</span> <span class='ocrx_word' id='word_1_242' title='bbox 577 2455 613 2485; x_wconf 91' lang='lat' dir='ltr'>ob</span> <span class='ocrx_word' id='word_1_243' title='bbox 628 2456 757 2494; x_wconf 83' lang='lat' dir='ltr'>culpam,</span> <span class='ocrx_word' id='word_1_244' title='bbox 775 2455 809 2485; x_wconf 91' lang='lat' dir='ltr'>de</span> <span class='ocrx_word' id='word_1_245' title='bbox 825 2465 881 2494; x_wconf 80' lang='lat' dir='ltr'>qua</span> <span class='ocrx_word' id='word_1_246' title='bbox 897 2465 998 2494; x_wconf 83' lang='lat' dir='ltr'>snpra.</span> 
     </span>
    </p>
   </div>
   <div class='ocr_carea' id='block_1_17' title="bbox 966 205 1331 227">
    <p class='ocr_par' dir='ltr' id='par_1_21' title="bbox 966 205 1331 227">
     <span class='ocr_line' id='line_1_51' title="bbox 966 205 1331 227; baseline 0 0"><span class='ocrx_word' id='word_1_247' title='bbox 966 205 1149 227; x_wconf 39' lang='lat' dir='ltr'>{iumentum</span> <span class='ocrx_word' id='word_1_248' title='bbox 1177 206 1331 227; x_wconf 48' lang='lat' dir='ltr'>nomamcan</span> 
     </span>
    </p>
   </div>
   <div class='ocr_carea' id='block_1_18' title="bbox 1132 264 1142 1584">
    <p class='ocr_par' dir='ltr' id='par_1_22' title="bbox 1132 264 1142 1584">
     <span class='ocr_line' id='line_1_52' title="bbox 1132 264 1142 1584; baseline 0 0"><span class='ocrx_word' id='word_1_249' title='bbox 1132 264 1142 1584; x_wconf 95' lang='lat' dir='ltr'> </span> 
     </span>
    </p>
   </div>
   <div class='ocr_carea' id='block_1_19' title="bbox 1152 251 1900 680">
    <p class='ocr_par' dir='ltr' id='par_1_23' title="bbox 1152 251 1900 680">
     <span class='ocr_line' id='line_1_53' title="bbox 1155 251 1900 291; baseline 0.003 -11"><span class='ocrx_word' id='word_1_250' title='bbox 1155 251 1303 290; x_wconf 83' lang='lat' dir='ltr'>vandum,</span> <span class='ocrx_word' id='word_1_251' title='bbox 1327 252 1415 281; x_wconf 89' lang='lat' dir='ltr'>simul</span> <span class='ocrx_word' id='word_1_252' title='bbox 1437 256 1525 291; x_wconf 83' lang='lat' dir='ltr'>atque</span> <span class='ocrx_word' id='word_1_253' title='bbox 1556 261 1606 290; x_wconf 87' lang='lat' dir='ltr'>per</span> <span class='ocrx_word' id='word_1_254' title='bbox 1629 252 1797 282; x_wconf 87' lang='lat' dir='ltr'>testimonia</span> <span class='ocrx_word' id='word_1_255' title='bbox 1819 252 1900 282; x_wconf 80' lang='lat' dir='ltr'>suffi-</span> 
     </span>
     <span class='ocr_line' id='line_1_54' title="bbox 1153 300 1899 339; baseline 0.003 -10"><span class='ocrx_word' id='word_1_256' title='bbox 1153 301 1261 330; x_wconf 85' lang='lat' dir='ltr'>cientia</span> <span class='ocrx_word' id='word_1_257' title='bbox 1277 325 1285 338; x_wconf 84' lang='lat'>,</span> <span class='ocrx_word' id='word_1_258' title='bbox 1310 300 1354 330; x_wconf 86' lang='lat' dir='ltr'>vel</span> <span class='ocrx_word' id='word_1_259' title='bbox 1378 300 1471 339; x_wconf 87' lang='lat' dir='ltr'>ipsius</span> <span class='ocrx_word' id='word_1_260' title='bbox 1493 301 1706 330; x_wconf 81' lang='lat' dir='ltr'>consessionem</span> <span class='ocrx_word' id='word_1_261' title='bbox 1722 325 1729 338; x_wconf 93' lang='lat'>,</span> <span class='ocrx_word' id='word_1_262' title='bbox 1757 305 1808 332; x_wconf 78' lang='lat' dir='ltr'>aut</span> <span class='ocrx_word' id='word_1_263' title='bbox 1831 301 1899 331; x_wconf 85' lang='lat' dir='ltr'>facti</span> 
     </span>
     <span class='ocr_line' id='line_1_55' title="bbox 1154 349 1898 389; baseline 0.001 -10"><span class='ocrx_word' id='word_1_264' title='bbox 1154 350 1360 380; x_wconf 84' lang='lat' dir='ltr'>notorietatenl</span> <span class='ocrx_word' id='word_1_265' title='bbox 1383 349 1580 386; x_wconf 82' lang='lat' dir='ltr'>constiterint,</span> <span class='ocrx_word' id='word_1_266' title='bbox 1600 354 1725 389; x_wconf 84' lang='lat' dir='ltr'>quatuor</span> <span class='ocrx_word' id='word_1_267' title='bbox 1741 351 1898 388; x_wconf 62' lang='lat' dir='ltr'>hegumeni</span> 
     </span>
     <span class='ocr_line' id='line_1_56' title="bbox 1153 398 1898 436; baseline 0.001 -9"><span class='ocrx_word' id='word_1_268' title='bbox 1153 401 1213 427; x_wconf 73' lang='lat' dir='ltr'>una</span> <span class='ocrx_word' id='word_1_269' title='bbox 1226 399 1409 436; x_wconf 78' lang='lat' dir='ltr'>congregati,</span> <span class='ocrx_word' id='word_1_270' title='bbox 1426 407 1499 435; x_wconf 91' lang='lat' dir='ltr'>rem,</span> <span class='ocrx_word' id='word_1_271' title='bbox 1513 398 1605 428; x_wconf 86' lang='lat' dir='ltr'>donec</span> <span class='ocrx_word' id='word_1_272' title='bbox 1622 401 1728 428; x_wconf 82' lang='lat' dir='ltr'>veritas</span> <span class='ocrx_word' id='word_1_273' title='bbox 1741 399 1898 436; x_wconf 74' lang='lat' dir='ltr'>elucescat,</span> 
     </span>
     <span class='ocr_line' id='line_1_57' title="bbox 1154 449 1900 486; baseline 0.001 -10"><span class='ocrx_word' id='word_1_274' title='bbox 1154 452 1299 477; x_wconf 84' lang='lat' dir='ltr'>secretam</span> <span class='ocrx_word' id='word_1_275' title='bbox 1324 452 1468 485; x_wconf 87' lang='lat' dir='ltr'>tenentes,</span> <span class='ocrx_word' id='word_1_276' title='bbox 1493 449 1748 486; x_wconf 78' lang='lat' dir='ltr'>congregationem</span> <span class='ocrx_word' id='word_1_277' title='bbox 1777 457 1900 486; x_wconf 80' lang='lat' dir='ltr'>genera-</span> 
     </span>
     <span class='ocr_line' id='line_1_58' title="bbox 1152 495 1898 536; baseline 0.005 -12"><span class='ocrx_word' id='word_1_278' title='bbox 1152 495 1209 524; x_wconf 85' lang='lat' dir='ltr'>lem</span> <span class='ocrx_word' id='word_1_279' title='bbox 1221 495 1358 526; x_wconf 85' lang='lat' dir='ltr'>abbatum</span> <span class='ocrx_word' id='word_1_280' title='bbox 1370 497 1589 536; x_wconf 74' lang='lat' dir='ltr'>provinciarum</span> <span class='ocrx_word' id='word_1_281' title='bbox 1602 498 1898 528; x_wconf 72' lang='lat' dir='ltr'>etmonasteriorutm</span> 
     </span>
     <span class='ocr_line' id='line_1_59' title="bbox 1152 544 1900 584; baseline 0.001 -11"><span class='ocrx_word' id='word_1_282' title='bbox 1152 544 1260 574; x_wconf 79' lang='lat' dir='ltr'>litteris</span> <span class='ocrx_word' id='word_1_283' title='bbox 1283 545 1414 574; x_wconf 89' lang='lat' dir='ltr'>omnium</span> <span class='ocrx_word' id='word_1_284' title='bbox 1437 545 1655 584; x_wconf 85' lang='lat' dir='ltr'>subscriptione</span> <span class='ocrx_word' id='word_1_285' title='bbox 1676 546 1812 584; x_wconf 80' lang='lat' dir='ltr'>signatis,</span> <span class='ocrx_word' id='word_1_286' title='bbox 1830 555 1900 575; x_wconf 91' lang='lat' dir='ltr'>con-</span> 
     </span>
     <span class='ocr_line' id='line_1_60' title="bbox 1153 592 1897 633; baseline 0.003 -11"><span class='ocrx_word' id='word_1_287' title='bbox 1153 592 1322 631; x_wconf 80' lang='lat' dir='ltr'>vocabunt,</span> <span class='ocrx_word' id='word_1_288' title='bbox 1347 598 1378 623; x_wconf 86' lang='lat' dir='ltr'>ut</span> <span class='ocrx_word' id='word_1_289' title='bbox 1410 593 1520 623; x_wconf 87' lang='lat' dir='ltr'>dictum</span> <span class='ocrx_word' id='word_1_290' title='bbox 1554 599 1597 624; x_wconf 63' lang='lat' dir='ltr'>est</span> <span class='ocrx_word' id='word_1_291' title='bbox 1620 603 1728 633; x_wconf 86' lang='lat' dir='ltr'>supra,</span> <span class='ocrx_word' id='word_1_292' title='bbox 1753 599 1833 633; x_wconf 87' lang='lat' dir='ltr'>parte</span> <span class='ocrx_word' id='word_1_293' title='bbox 1855 604 1897 624; x_wconf 88' lang='grc' dir='ltr'>ιιι.</span> 
     </span>
     <span class='ocr_line' id='line_1_61' title="bbox 1153 651 1445 680; baseline 0 -9"><span class='ocrx_word' id='word_1_294' title='bbox 1153 651 1218 680; x_wconf 77' lang='lat' dir='ltr'>cap.</span> <span class='ocrx_word' id='word_1_295' title='bbox 1244 651 1282 678; x_wconf 81' lang='grc' dir='ltr'>ιν,</span> <span class='ocrx_word' id='word_1_296' title='bbox 1308 651 1390 671; x_wconf 87' lang='lat' dir='ltr'>num.</span> <span class='ocrx_word' id='word_1_297' title='bbox 1415 651 1445 671; x_wconf 87' lang='grc' dir='ltr'>ιι.</span> 
     </span>
    </p>
   </div>
   <div class='ocr_carea' id='block_1_20' title="bbox 1155 690 1898 829">
    <p class='ocr_par' dir='ltr' id='par_1_24' title="bbox 1155 690 1898 829">
     <span class='ocr_line' id='line_1_62' title="bbox 1234 690 1897 728; baseline 0.005 -10"><span class='ocrx_word' id='word_1_298' title='bbox 1234 690 1264 719; x_wconf 79' lang='lat' dir='ltr'>Si</span> <span class='ocrx_word' id='word_1_299' title='bbox 1284 699 1351 720; x_wconf 88' lang='lat' dir='ltr'>vero</span> <span class='ocrx_word' id='word_1_300' title='bbox 1367 699 1412 719; x_wconf 83' lang='lat' dir='ltr'>res</span> <span class='ocrx_word' id='word_1_301' title='bbox 1429 690 1577 728; x_wconf 72' lang='lat' dir='ltr'>divulgata</span> <span class='ocrx_word' id='word_1_302' title='bbox 1595 696 1623 721; x_wconf 85' lang='lat' dir='ltr'>et</span> <span class='ocrx_word' id='word_1_303' title='bbox 1640 691 1793 721; x_wconf 79' lang='lat' dir='ltr'>manifesta</span> <span class='ocrx_word' id='word_1_304' title='bbox 1810 696 1897 726; x_wconf 80' lang='lat' dir='ltr'>esset,</span> 
     </span>
     <span class='ocr_line' id='line_1_63' title="bbox 1155 739 1898 778; baseline 0 -10"><span class='ocrx_word' id='word_1_305' title='bbox 1155 749 1211 768; x_wconf 90' lang='lat' dir='ltr'>non</span> <span class='ocrx_word' id='word_1_306' title='bbox 1246 741 1397 778; x_wconf 74' lang='lat' dir='ltr'>expectata</span> <span class='ocrx_word' id='word_1_307' title='bbox 1432 739 1663 777; x_wconf 80' lang='lat' dir='ltr'>hegumenorum</span> <span class='ocrx_word' id='word_1_308' title='bbox 1687 741 1898 770; x_wconf 82' lang='lat' dir='ltr'>convocatione</span> 
     </span>
     <span class='ocr_line' id='line_1_64' title="bbox 1156 788 1898 829; baseline 0.003 -12"><span class='ocrx_word' id='word_1_309' title='bbox 1156 788 1276 818; x_wconf 80' lang='lat' dir='ltr'>abbates</span> <span class='ocrx_word' id='word_1_310' title='bbox 1309 789 1438 818; x_wconf 87' lang='lat' dir='ltr'>locorum</span> <span class='ocrx_word' id='word_1_311' title='bbox 1461 794 1489 819; x_wconf 82' lang='lat' dir='ltr'>et</span> <span class='ocrx_word' id='word_1_312' title='bbox 1512 790 1731 829; x_wconf 84' lang='lat' dir='ltr'>provinciarum</span> <span class='ocrx_word' id='word_1_313' title='bbox 1755 789 1803 819; x_wconf 86' lang='lat' dir='ltr'>alii</span> <span class='ocrx_word' id='word_1_314' title='bbox 1826 789 1898 819; x_wconf 78' lang='lat' dir='ltr'>alios</span> 
     </span>
    </p>
   </div>
   <div class='ocr_carea' id='block_1_21' title="bbox 1134 838 1899 881">
    <p class='ocr_par' dir='ltr' id='par_1_25' title="bbox 1134 838 1899 881">
     <span class='ocr_line' id='line_1_65' title="bbox 1134 838 1899 881; baseline 0.004 -16"><span class='ocrx_word' id='word_1_315' title='bbox 1134 858 1136 877; x_wconf 71' lang='lat' dir='ltr'>t</span> <span class='ocrx_word' id='word_1_316' title='bbox 1158 838 1286 867; x_wconf 81' lang='lat' dir='ltr'>vocando</span> <span class='ocrx_word' id='word_1_317' title='bbox 1309 839 1495 868; x_wconf 85' lang='lat' dir='ltr'>conveniant.</span> <span class='ocrx_word' id='word_1_318' title='bbox 1527 839 1560 868; x_wconf 87' lang='lat' dir='ltr'>Et</span> <span class='ocrx_word' id='word_1_319' title='bbox 1584 839 1710 877; x_wconf 88' lang='lat' dir='ltr'>primum</span> <span class='ocrx_word' id='word_1_320' title='bbox 1740 838 1899 881; x_wconf 41' lang='lat' dir='ltr'>audiantur</span> 
     </span>
    </p>
   </div>
   <div class='ocr_carea' id='block_1_22' title="bbox 1157 885 1897 924">
    <p class='ocr_par' dir='ltr' id='par_1_26' title="bbox 1157 885 1897 924">
     <span class='ocr_line' id='line_1_66' title="bbox 1157 885 1897 924; baseline -0.001 -7"><span class='ocrx_word' id='word_1_321' title='bbox 1157 892 1361 924; x_wconf 83' lang='lat' dir='ltr'>accusatores,</span> <span class='ocrx_word' id='word_1_322' title='bbox 1395 888 1500 917; x_wconf 86' lang='lat' dir='ltr'>deinde</span> <span class='ocrx_word' id='word_1_323' title='bbox 1523 898 1604 923; x_wconf 77' lang='lat' dir='ltr'>rens,</span> <span class='ocrx_word' id='word_1_324' title='bbox 1637 888 1692 917; x_wconf 89' lang='lat' dir='ltr'>nisi</span> <span class='ocrx_word' id='word_1_325' title='bbox 1715 885 1897 917; x_wconf 47' lang='lat' dir='ltr'>res‘notoria</span> 
     </span>
    </p>
   </div>
   <div class='ocr_carea' id='block_1_23' title="bbox 371 937 1900 1072">
    <p class='ocr_par' dir='ltr' id='par_1_27' title="bbox 371 937 1900 1072">
     <span class='ocr_line' id='line_1_67' title="bbox 1135 937 1900 976; baseline 0.001 -12"><span class='ocrx_word' id='word_1_326' title='bbox 1135 949 1137 972; x_wconf 58' lang='grc' dir='ltr'><strong>ς</strong></span> <span class='ocrx_word' id='word_1_327' title='bbox 1157 941 1245 966; x_wconf 72' lang='lat' dir='ltr'>esset.</span> <span class='ocrx_word' id='word_1_328' title='bbox 1278 937 1337 967; x_wconf 62' lang='lat' dir='ltr'>neo</span> <span class='ocrx_word' id='word_1_329' title='bbox 1360 937 1438 966; x_wconf 83' lang='lat' dir='ltr'>l&#39;oras</span> <span class='ocrx_word' id='word_1_330' title='bbox 1460 937 1580 966; x_wconf 80' lang='lat' dir='ltr'>dimisso</span> <span class='ocrx_word' id='word_1_331' title='bbox 1595 961 1602 975; x_wconf 91' lang='lat'>‚</span> <span class='ocrx_word' id='word_1_332' title='bbox 1627 937 1738 976; x_wconf 70' lang='lat' dir='ltr'>primus</span> <span class='ocrx_word' id='word_1_333' title='bbox 1762 938 1900 974; x_wconf 77' lang='lat' dir='ltr'>hegume-</span> 
     </span>
     <span class='ocr_line' id='line_1_68' title="bbox 1136 986 1900 1025; baseline -0.001 -10"><span class='ocrx_word' id='word_1_334' title='bbox 1136 1006 1137 1012; x_wconf 35' lang='grc' dir='ltr'>ι</span> <span class='ocrx_word' id='word_1_335' title='bbox 1159 996 1262 1015; x_wconf 78' lang='lat' dir='ltr'>norum</span> <span class='ocrx_word' id='word_1_336' title='bbox 1285 996 1350 1015; x_wconf 87' lang='lat' dir='ltr'>cum</span> <span class='ocrx_word' id='word_1_337' title='bbox 1374 986 1538 1025; x_wconf 81' lang='lat' dir='ltr'>antiquiore</span> <span class='ocrx_word' id='word_1_338' title='bbox 1554 986 1658 1015; x_wconf 78' lang='lat' dir='ltr'>abbate</span> <span class='ocrx_word' id='word_1_339' title='bbox 1681 990 1709 1015; x_wconf 85' lang='lat' dir='ltr'>et</span> <span class='ocrx_word' id='word_1_340' title='bbox 1724 995 1789 1015; x_wconf 80' lang='lat' dir='ltr'>cun]</span> <span class='ocrx_word' id='word_1_341' title='bbox 1803 995 1900 1016; x_wconf 85' lang='lat' dir='ltr'>secre-</span> 
     </span>
     <span class='ocr_line' id='line_1_69' title="bbox 371 1032 1137 1072; baseline -0.003 -9"><span class='ocrx_word' id='word_1_342' title='bbox 371 1034 487 1064; x_wconf 78' lang='lat' dir='ltr'>cucullo</span> <span class='ocrx_word' id='word_1_343' title='bbox 509 1039 537 1063; x_wconf 88' lang='lat' dir='ltr'>et</span> <span class='ocrx_word' id='word_1_344' title='bbox 559 1036 668 1063; x_wconf 74' lang='lat' dir='ltr'>corona</span> <span class='ocrx_word' id='word_1_345' title='bbox 691 1034 820 1072; x_wconf 85' lang='lat' dir='ltr'>privari,</span> <span class='ocrx_word' id='word_1_346' title='bbox 845 1038 873 1062; x_wconf 82' lang='lat' dir='ltr'>et</span> <span class='ocrx_word' id='word_1_347' title='bbox 906 1033 940 1062; x_wconf 89' lang='lat' dir='ltr'>ad</span> <span class='ocrx_word' id='word_1_348' title='bbox 974 1032 1114 1071; x_wconf 78' lang='lat' dir='ltr'>obsequia</span> <span class='ocrx_word' id='word_1_349' title='bbox 1136 1038 1137 1070; x_wconf 59' lang='grc' dir='ltr'>ζ</span> 
     </span>
    </p>
   </div>
   <div class='ocr_carea' id='block_1_24' title="bbox 1160 1034 1899 1073">
    <p class='ocr_par' dir='ltr' id='par_1_28' title="bbox 1160 1034 1899 1073">
     <span class='ocr_line' id='line_1_70' title="bbox 1160 1034 1899 1073; baseline 0.001 -10"><span class='ocrx_word' id='word_1_350' title='bbox 1160 1035 1253 1069; x_wconf 86' lang='lat' dir='ltr'>tario,</span> <span class='ocrx_word' id='word_1_351' title='bbox 1276 1035 1310 1063; x_wconf 90' lang='lat' dir='ltr'>ad</span> <span class='ocrx_word' id='word_1_352' title='bbox 1334 1034 1408 1063; x_wconf 78' lang='lat' dir='ltr'>banc</span> <span class='ocrx_word' id='word_1_353' title='bbox 1431 1043 1547 1064; x_wconf 81' lang='lat' dir='ltr'>causam</span> <span class='ocrx_word' id='word_1_354' title='bbox 1571 1034 1685 1073; x_wconf 83' lang='lat' dir='ltr'>electo,</span> <span class='ocrx_word' id='word_1_355' title='bbox 1709 1035 1744 1064; x_wconf 89' lang='lat' dir='ltr'>dc</span> <span class='ocrx_word' id='word_1_356' title='bbox 1767 1039 1826 1064; x_wconf 91' lang='lat' dir='ltr'>toto</span> <span class='ocrx_word' id='word_1_357' title='bbox 1848 1045 1899 1064; x_wconf 89' lang='lat' dir='ltr'>ne-</span> 
     </span>
    </p>
   </div>
   <div class='ocr_carea' id='block_1_25' title="bbox 1137 1083 1901 1224">
    <p class='ocr_par' dir='ltr' id='par_1_29' title="bbox 1137 1083 1901 1224">
     <span class='ocr_line' id='line_1_71' title="bbox 1137 1083 1897 1122; baseline 0.004 -12"><span class='ocrx_word' id='word_1_358' title='bbox 1137 1107 1138 1111; x_wconf 73' lang='grc'>,</span> <span class='ocrx_word' id='word_1_359' title='bbox 1159 1085 1236 1121; x_wconf 72' lang='lat' dir='ltr'>gotio</span> <span class='ocrx_word' id='word_1_360' title='bbox 1251 1084 1426 1113; x_wconf 83' lang='lat' dir='ltr'>scrutinium</span> <span class='ocrx_word' id='word_1_361' title='bbox 1444 1083 1539 1112; x_wconf 83' lang='lat' dir='ltr'>faciet.</span> <span class='ocrx_word' id='word_1_362' title='bbox 1565 1083 1597 1113; x_wconf 82' lang='lat' dir='ltr'>Et</span> <span class='ocrx_word' id='word_1_363' title='bbox 1614 1083 1707 1122; x_wconf 82' lang='lat' dir='ltr'>primo</span> <span class='ocrx_word' id='word_1_364' title='bbox 1722 1088 1897 1122; x_wconf 84' lang='lat' dir='ltr'>quaeretur,</span> 
     </span>
     <span class='ocr_line' id='line_1_72' title="bbox 1137 1133 1901 1172; baseline -0.001 -9"><span class='ocrx_word' id='word_1_365' title='bbox 1137 1146 1139 1155; x_wconf 69' lang='lat'>&gt;</span> <span class='ocrx_word' id='word_1_366' title='bbox 1159 1144 1195 1163; x_wconf 90' lang='lat' dir='ltr'>an</span> <span class='ocrx_word' id='word_1_367' title='bbox 1220 1138 1331 1163; x_wconf 83' lang='lat' dir='ltr'>constet</span> <span class='ocrx_word' id='word_1_368' title='bbox 1360 1133 1394 1162; x_wconf 84' lang='lat' dir='ltr'>de</span> <span class='ocrx_word' id='word_1_369' title='bbox 1425 1137 1542 1172; x_wconf 83' lang='lat' dir='ltr'>peccato</span> <span class='ocrx_word' id='word_1_370' title='bbox 1576 1133 1653 1172; x_wconf 88' lang='lat' dir='ltr'>quod</span> <span class='ocrx_word' id='word_1_371' title='bbox 1675 1133 1833 1170; x_wconf 87' lang='lat' dir='ltr'>obiicitur;</span> <span class='ocrx_word' id='word_1_372' title='bbox 1856 1143 1901 1162; x_wconf 85' lang='lat' dir='ltr'>se-</span> 
     </span>
     <span class='ocr_line' id='line_1_73' title="bbox 1138 1182 1899 1224; baseline 0 -12"><span class='ocrx_word' id='word_1_373' title='bbox 1138 1183 1276 1224; x_wconf 44' lang='lat' dir='ltr'>¹cundo,</span> <span class='ocrx_word' id='word_1_374' title='bbox 1300 1192 1334 1211; x_wconf 92' lang='lat' dir='ltr'>an</span> <span class='ocrx_word' id='word_1_375' title='bbox 1361 1182 1525 1212; x_wconf 87' lang='lat' dir='ltr'>huiusmodi</span> <span class='ocrx_word' id='word_1_376' title='bbox 1558 1182 1595 1212; x_wconf 82' lang='lat' dir='ltr'>sit</span> <span class='ocrx_word' id='word_1_377' title='bbox 1628 1186 1658 1212; x_wconf 86' lang='lat' dir='ltr'>ut</span> <span class='ocrx_word' id='word_1_378' title='bbox 1685 1187 1805 1221; x_wconf 85' lang='lat' dir='ltr'>propter</span> <span class='ocrx_word' id='word_1_379' title='bbox 1826 1183 1899 1212; x_wconf 86' lang='lat' dir='ltr'>illud</span> 
     </span>
    </p>
   </div>
   <div class='ocr_carea' id='block_1_26' title="bbox 1160 1231 1904 1614">
    <p class='ocr_par' dir='ltr' id='par_1_30' title="bbox 1160 1231 1904 1614">
     <span class='ocr_line' id='line_1_74' title="bbox 1160 1231 1900 1270; baseline 0.001 -9"><span class='ocrx_word' id='word_1_380' title='bbox 1160 1232 1195 1261; x_wconf 83' lang='lat' dir='ltr'>ab</span> <span class='ocrx_word' id='word_1_381' title='bbox 1218 1231 1314 1261; x_wconf 79' lang='lat' dir='ltr'>oflicio</span> <span class='ocrx_word' id='word_1_382' title='bbox 1336 1231 1476 1270; x_wconf 85' lang='lat' dir='ltr'>suspendi</span> <span class='ocrx_word' id='word_1_383' title='bbox 1508 1236 1558 1260; x_wconf 85' lang='lat' dir='ltr'>aut</span> <span class='ocrx_word' id='word_1_384' title='bbox 1590 1231 1696 1270; x_wconf 82' lang='lat' dir='ltr'>deponi</span> <span class='ocrx_word' id='word_1_385' title='bbox 1726 1231 1847 1269; x_wconf 74' lang='lat' dir='ltr'>debeat3</span> <span class='ocrx_word' id='word_1_386' title='bbox 1871 1236 1900 1262; x_wconf 89' lang='lat' dir='ltr'>et</span> 
     </span>
     <span class='ocr_line' id='line_1_75' title="bbox 1160 1280 1898 1320; baseline 0 -10"><span class='ocrx_word' id='word_1_387' title='bbox 1160 1281 1236 1310; x_wconf 78' lang='lat' dir='ltr'>idem</span> <span class='ocrx_word' id='word_1_388' title='bbox 1250 1280 1387 1319; x_wconf 76' lang='lat' dir='ltr'>suffragia</span> <span class='ocrx_word' id='word_1_389' title='bbox 1402 1281 1576 1319; x_wconf 82' lang='lat' dir='ltr'>promulget,</span> <span class='ocrx_word' id='word_1_390' title='bbox 1590 1290 1676 1320; x_wconf 86' lang='lat' dir='ltr'>quae,</span> <span class='ocrx_word' id='word_1_391' title='bbox 1694 1285 1724 1310; x_wconf 88' lang='lat' dir='ltr'>ut</span> <span class='ocrx_word' id='word_1_392' title='bbox 1740 1281 1898 1316; x_wconf 82' lang='lat' dir='ltr'>sufficiant,</span> 
     </span>
     <span class='ocr_line' id='line_1_76' title="bbox 1160 1329 1899 1368; baseline 0.001 -10"><span class='ocrx_word' id='word_1_393' title='bbox 1160 1329 1231 1358; x_wconf 79' lang='lat' dir='ltr'>duas</span> <span class='ocrx_word' id='word_1_394' title='bbox 1254 1329 1354 1359; x_wconf 86' lang='lat' dir='ltr'>tertias</span> <span class='ocrx_word' id='word_1_395' title='bbox 1378 1333 1473 1368; x_wconf 81' lang='lat' dir='ltr'>partes</span> <span class='ocrx_word' id='word_1_396' title='bbox 1496 1329 1655 1364; x_wconf 83' lang='lat' dir='ltr'>excedent;</span> <span class='ocrx_word' id='word_1_397' title='bbox 1672 1333 1699 1358; x_wconf 86' lang='lat' dir='ltr'>et</span> <span class='ocrx_word' id='word_1_398' title='bbox 1715 1334 1784 1359; x_wconf 91' lang='lat' dir='ltr'>tunc</span> <span class='ocrx_word' id='word_1_399' title='bbox 1801 1329 1899 1359; x_wconf 88' lang='lat' dir='ltr'>statim</span> 
     </span>
     <span class='ocr_line' id='line_1_77' title="bbox 1160 1378 1899 1417; baseline 0.001 -10"><span class='ocrx_word' id='word_1_400' title='bbox 1160 1379 1194 1407; x_wconf 81' lang='lat' dir='ltr'>de</span> <span class='ocrx_word' id='word_1_401' title='bbox 1217 1378 1274 1407; x_wconf 81' lang='lat' dir='ltr'>alio</span> <span class='ocrx_word' id='word_1_402' title='bbox 1296 1378 1431 1415; x_wconf 80' lang='lat' dir='ltr'>eligendo</span> <span class='ocrx_word' id='word_1_403' title='bbox 1454 1383 1574 1415; x_wconf 74' lang='lat' dir='ltr'>agatur,</span> <span class='ocrx_word' id='word_1_404' title='bbox 1600 1382 1639 1415; x_wconf 82' lang='lat' dir='ltr'>et,</span> <span class='ocrx_word' id='word_1_405' title='bbox 1657 1379 1681 1408; x_wconf 89' lang='lat' dir='ltr'>si</span> <span class='ocrx_word' id='word_1_406' title='bbox 1705 1378 1769 1408; x_wconf 85' lang='lat' dir='ltr'>fieri</span> <span class='ocrx_word' id='word_1_407' title='bbox 1793 1383 1899 1417; x_wconf 88' lang='lat' dir='ltr'>potest,</span> 
     </span>
     <span class='ocr_line' id='line_1_78' title="bbox 1160 1427 1903 1467; baseline 0.001 -10"><span class='ocrx_word' id='word_1_408' title='bbox 1160 1438 1217 1457; x_wconf 82' lang='lat' dir='ltr'>non</span> <span class='ocrx_word' id='word_1_409' title='bbox 1243 1427 1324 1466; x_wconf 85' lang='lat' dir='ltr'>prius</span> <span class='ocrx_word' id='word_1_410' title='bbox 1346 1427 1413 1457; x_wconf 75' lang='lat' dir='ltr'>inde</span> <span class='ocrx_word' id='word_1_411' title='bbox 1435 1428 1641 1464; x_wconf 70' lang='lat' dir='ltr'>egrediantur,</span> <span class='ocrx_word' id='word_1_412' title='bbox 1666 1437 1751 1467; x_wconf 84' lang='lat' dir='ltr'>quam</span> <span class='ocrx_word' id='word_1_413' title='bbox 1785 1428 1903 1458; x_wconf 83' lang='lat' dir='ltr'>electio-</span> 
     </span>
     <span class='ocr_line' id='line_1_79' title="bbox 1162 1476 1904 1515; baseline 0 -9"><span class='ocrx_word' id='word_1_414' title='bbox 1162 1487 1226 1506; x_wconf 85' lang='lat' dir='ltr'>nem</span> <span class='ocrx_word' id='word_1_415' title='bbox 1252 1477 1438 1515; x_wconf 78' lang='lat' dir='ltr'>perl&#39;ecerint.</span> <span class='ocrx_word' id='word_1_416' title='bbox 1463 1477 1493 1506; x_wconf 87' lang='lat' dir='ltr'>ln</span> <span class='ocrx_word' id='word_1_417' title='bbox 1517 1486 1573 1515; x_wconf 85' lang='lat' dir='ltr'>qua</span> <span class='ocrx_word' id='word_1_418' title='bbox 1597 1486 1627 1506; x_wconf 89' lang='lat' dir='ltr'>re</span> <span class='ocrx_word' id='word_1_419' title='bbox 1644 1476 1701 1506; x_wconf 90' lang='lat' dir='ltr'>duo</span> <span class='ocrx_word' id='word_1_420' title='bbox 1719 1476 1904 1507; x_wconf 83' lang='lat' dir='ltr'>animadver-</span> 
     </span>
     <span class='ocr_line' id='line_1_80' title="bbox 1163 1526 1904 1565; baseline 0 -9"><span class='ocrx_word' id='word_1_421' title='bbox 1163 1526 1248 1556; x_wconf 85' lang='lat' dir='ltr'>tenda</span> <span class='ocrx_word' id='word_1_422' title='bbox 1265 1530 1349 1555; x_wconf 87' lang='lat' dir='ltr'>sunt:</span> <span class='ocrx_word' id='word_1_423' title='bbox 1368 1526 1505 1565; x_wconf 87' lang='lat' dir='ltr'>primum,</span> <span class='ocrx_word' id='word_1_424' title='bbox 1522 1530 1565 1563; x_wconf 92' lang='lat' dir='ltr'>ut,</span> <span class='ocrx_word' id='word_1_425' title='bbox 1583 1526 1607 1556; x_wconf 89' lang='lat' dir='ltr'>si</span> <span class='ocrx_word' id='word_1_426' title='bbox 1623 1526 1765 1564; x_wconf 82' lang='lat' dir='ltr'>desectus,</span> <span class='ocrx_word' id='word_1_427' title='bbox 1782 1526 1817 1556; x_wconf 84' lang='lat' dir='ltr'>ad</span> <span class='ocrx_word' id='word_1_428' title='bbox 1839 1536 1904 1556; x_wconf 88' lang='lat' dir='ltr'>sus-</span> 
     </span>
     <span class='ocr_line' id='line_1_81' title="bbox 1162 1575 1901 1614; baseline 0.003 -11"><span class='ocrx_word' id='word_1_429' title='bbox 1162 1575 1332 1613; x_wconf 70' lang='lat' dir='ltr'>pensionem</span> <span class='ocrx_word' id='word_1_430' title='bbox 1349 1580 1399 1605; x_wconf 86' lang='lat' dir='ltr'>aut</span> <span class='ocrx_word' id='word_1_431' title='bbox 1423 1575 1637 1614; x_wconf 81' lang='lat' dir='ltr'>depositionem</span> <span class='ocrx_word' id='word_1_432' title='bbox 1652 1575 1832 1605; x_wconf 82' lang='lat' dir='ltr'>sufficientes</span> <span class='ocrx_word' id='word_1_433' title='bbox 1844 1585 1901 1605; x_wconf 88' lang='lat' dir='ltr'>non</span> 
     </span>
    </p>
   </div>
   <div class='ocr_carea' id='block_1_27' title="bbox 379 1624 1902 1856">
    <p class='ocr_par' dir='ltr' id='par_1_31' title="bbox 379 1624 1902 1856">
     <span class='ocr_line' id='line_1_82' title="bbox 1139 1624 1901 1663; baseline 0.001 -10"><span class='ocrx_word' id='word_1_434' title='bbox 1139 1625 1469 1663; x_wconf 67' lang='lat' dir='ltr'>ideprehen«lei-entur„</span> <span class='ocrx_word' id='word_1_435' title='bbox 1493 1624 1559 1653; x_wconf 80' lang='lat' dir='ltr'>aliis</span> <span class='ocrx_word' id='word_1_436' title='bbox 1592 1625 1626 1653; x_wconf 80' lang='lat' dir='ltr'>de</span> <span class='ocrx_word' id='word_1_437' title='bbox 1658 1625 1746 1654; x_wconf 84' lang='lat' dir='ltr'>rebus</span> <span class='ocrx_word' id='word_1_438' title='bbox 1778 1629 1901 1662; x_wconf 72' lang='lat' dir='ltr'>agatur,</span> 
     </span>
     <span class='ocr_line' id='line_1_83' title="bbox 380 1662 1141 1710; baseline -0.003 -9"><span class='ocrx_word' id='word_1_439' title='bbox 380 1677 463 1702; x_wconf 90' lang='lat' dir='ltr'>vatur</span> <span class='ocrx_word' id='word_1_440' title='bbox 485 1681 542 1701; x_wconf 90' lang='lat' dir='ltr'>non</span> <span class='ocrx_word' id='word_1_441' title='bbox 565 1672 658 1701; x_wconf 56' lang='lat' dir='ltr'>solum</span> <span class='ocrx_word' id='word_1_442' title='bbox 682 1682 715 1700; x_wconf 81' lang='lat' dir='ltr'>co</span> <span class='ocrx_word' id='word_1_443' title='bbox 739 1671 846 1709; x_wconf 77' lang='lat' dir='ltr'>officio,</span> <span class='ocrx_word' id='word_1_444' title='bbox 871 1671 948 1710; x_wconf 80' lang='lat' dir='ltr'>quod</span> <span class='ocrx_word' id='word_1_445' title='bbox 966 1672 1062 1701; x_wconf 78' lang='lat' dir='ltr'>statim</span> <span class='ocrx_word' id='word_1_446' title='bbox 1080 1672 1119 1700; x_wconf 86' lang='lat' dir='ltr'>al·</span> <span class='ocrx_word' id='word_1_447' title='bbox 1139 1662 1141 1693; x_wconf 67' lang='grc' dir='ltr'><strong><em>ἶ</em></strong></span> 
     </span>
     <span class='ocr_line' id='line_1_84' title="bbox 379 1721 1902 1761; baseline 0 -10"><span class='ocrx_word' id='word_1_448' title='bbox 379 1722 434 1751; x_wconf 85' lang='lat' dir='ltr'>teri</span> <span class='ocrx_word' id='word_1_449' title='bbox 456 1721 598 1750; x_wconf 86' lang='lat' dir='ltr'>committi</span> <span class='ocrx_word' id='word_1_450' title='bbox 621 1721 720 1758; x_wconf 80' lang='lat' dir='ltr'>debet,</span> <span class='ocrx_word' id='word_1_451' title='bbox 742 1721 793 1750; x_wconf 80' lang='lat' dir='ltr'>sed</span> <span class='ocrx_word' id='word_1_452' title='bbox 817 1721 902 1750; x_wconf 83' lang='lat' dir='ltr'>etiam</span> <span class='ocrx_word' id='word_1_453' title='bbox 928 1730 996 1750; x_wconf 89' lang='lat' dir='ltr'>voce</span> <span class='ocrx_word' id='word_1_454' title='bbox 1023 1721 1119 1749; x_wconf 79' lang='lat' dir='ltr'>activa.</span> <span class='ocrx_word' id='word_1_455' title='bbox 1162 1727 1190 1751; x_wconf 85' lang='lat' dir='ltr'>et</span> <span class='ocrx_word' id='word_1_456' title='bbox 1211 1722 1286 1761; x_wconf 87' lang='lat' dir='ltr'>quod</span> <span class='ocrx_word' id='word_1_457' title='bbox 1309 1722 1343 1751; x_wconf 86' lang='lat' dir='ltr'>ad</span> <span class='ocrx_word' id='word_1_458' title='bbox 1367 1722 1502 1752; x_wconf 76' lang='lat' dir='ltr'>abbatem</span> <span class='ocrx_word' id='word_1_459' title='bbox 1525 1722 1691 1760; x_wconf 67' lang='lat' dir='ltr'>generalem</span> <span class='ocrx_word' id='word_1_460' title='bbox 1713 1722 1826 1759; x_wconf 86' lang='lat' dir='ltr'>attinet,</span> <span class='ocrx_word' id='word_1_461' title='bbox 1843 1722 1902 1751; x_wconf 90' lang='lat' dir='ltr'>dis-</span> 
     </span>
     <span class='ocr_line' id='line_1_85' title="bbox 1140 1770 1902 1809; baseline 0 -10"><span class='ocrx_word' id='word_1_462' title='bbox 1140 1785 1141 1789; x_wconf 65' lang='lat'><em>=</em></span> <span class='ocrx_word' id='word_1_463' title='bbox 1162 1770 1327 1806; x_wconf 82' lang='lat' dir='ltr'>simuletur,</span> <span class='ocrx_word' id='word_1_464' title='bbox 1353 1771 1410 1799; x_wconf 87' lang='lat' dir='ltr'>imo</span> <span class='ocrx_word' id='word_1_465' title='bbox 1430 1780 1499 1799; x_wconf 75' lang='lat' dir='ltr'>vero</span> <span class='ocrx_word' id='word_1_466' title='bbox 1517 1770 1597 1800; x_wconf 89' lang='lat' dir='ltr'>nullo</span> <span class='ocrx_word' id='word_1_467' title='bbox 1614 1775 1744 1809; x_wconf 80' lang='lat' dir='ltr'>tempore</span> <span class='ocrx_word' id='word_1_468' title='bbox 1757 1770 1902 1808; x_wconf 82' lang='lat' dir='ltr'>divulgari</span> 
     </span>
     <span class='ocr_line' id='line_1_86' title="bbox 1140 1818 1901 1856; baseline 0.001 -9"><span class='ocrx_word' id='word_1_469' title='bbox 1140 1818 1264 1856; x_wconf 47' lang='lat' dir='ltr'>cebet,</span> <span class='ocrx_word' id='word_1_470' title='bbox 1295 1823 1323 1848; x_wconf 78' lang='lat' dir='ltr'>et</span> <span class='ocrx_word' id='word_1_471' title='bbox 1354 1820 1416 1856; x_wconf 77' lang='lat' dir='ltr'>sic,</span> <span class='ocrx_word' id='word_1_472' title='bbox 1441 1828 1507 1848; x_wconf 70' lang='lat' dir='ltr'>sum</span> <span class='ocrx_word' id='word_1_473' title='bbox 1540 1818 1658 1848; x_wconf 81' lang='lat' dir='ltr'>abbates</span> <span class='ocrx_word' id='word_1_474' title='bbox 1690 1824 1901 1855; x_wconf 87' lang='lat' dir='ltr'>convocantur,</span> 
     </span>
    </p>
   </div>
   <div class='ocr_carea' id='block_1_28' title="bbox 377 1860 1141 1907">
    <p class='ocr_par' dir='ltr' id='par_1_32' title="bbox 377 1860 1141 1907">
     <span class='ocr_line' id='line_1_87' title="bbox 377 1860 1141 1907; baseline 0.001 -10"><span class='ocrx_word' id='word_1_475' title='bbox 377 1868 456 1898; x_wconf 87' lang='lat' dir='ltr'>tione</span> <span class='ocrx_word' id='word_1_476' title='bbox 480 1868 710 1906; x_wconf 76' lang='lat' dir='ltr'>liegumenornm</span> <span class='ocrx_word' id='word_1_477' title='bbox 737 1868 919 1906; x_wconf 79' lang='lat' dir='ltr'>suspendere</span> <span class='ocrx_word' id='word_1_478' title='bbox 953 1873 1048 1907; x_wconf 69' lang='lat' dir='ltr'>potest</span> <span class='ocrx_word' id='word_1_479' title='bbox 1070 1873 1120 1899; x_wconf 82' lang='lat' dir='ltr'>aut</span> <span class='ocrx_word' id='word_1_480' title='bbox 1140 1860 1141 1885; x_wconf 40' lang='grc' dir='ltr'><strong>ἶ</strong></span> 
     </span>
    </p>
   </div>
   <div class='ocr_carea' id='block_1_29' title="bbox 1163 1673 1900 1712">
    <p class='ocr_par' dir='ltr' id='par_1_33' title="bbox 1163 1673 1900 1712">
     <span class='ocr_line' id='line_1_88' title="bbox 1163 1673 1900 1712; baseline 0.004 -12"><span class='ocrx_word' id='word_1_481' title='bbox 1163 1678 1282 1711; x_wconf 78' lang='lat' dir='ltr'>propter</span> <span class='ocrx_word' id='word_1_482' title='bbox 1297 1683 1369 1712; x_wconf 75' lang='lat' dir='ltr'>qaas</span> <span class='ocrx_word' id='word_1_483' title='bbox 1383 1678 1540 1703; x_wconf 77' lang='lat' dir='ltr'>convocata</span> <span class='ocrx_word' id='word_1_484' title='bbox 1557 1674 1743 1711; x_wconf 74' lang='lat' dir='ltr'>congregatio</span> <span class='ocrx_word' id='word_1_485' title='bbox 1757 1673 1900 1712; x_wconf 85' lang='lat' dir='ltr'>videatur,</span> 
     </span>
    </p>
   </div>
   <div class='ocr_carea' id='block_1_30' title="bbox 1163 1867 1904 1906">
    <p class='ocr_par' dir='ltr' id='par_1_34' title="bbox 1163 1867 1904 1906">
     <span class='ocr_line' id='line_1_89' title="bbox 1163 1867 1904 1906; baseline 0.003 -11"><span class='ocrx_word' id='word_1_486' title='bbox 1163 1868 1371 1906; x_wconf 79' lang='lat' dir='ltr'>praemonendi</span> <span class='ocrx_word' id='word_1_487' title='bbox 1394 1873 1462 1898; x_wconf 86' lang='lat' dir='ltr'>sunt</span> <span class='ocrx_word' id='word_1_488' title='bbox 1483 1868 1518 1897; x_wconf 89' lang='lat' dir='ltr'>de</span> <span class='ocrx_word' id='word_1_489' title='bbox 1537 1872 1666 1905; x_wconf 77' lang='lat' dir='ltr'>secreto3</span> <span class='ocrx_word' id='word_1_490' title='bbox 1683 1868 1856 1906; x_wconf 85' lang='lat' dir='ltr'>secundum,</span> <span class='ocrx_word' id='word_1_491' title='bbox 1878 1867 1904 1897; x_wconf 89' lang='lat' dir='ltr'>si</span> 
     </span>
    </p>
   </div>
   <div class='ocr_carea' id='block_1_31' title="bbox 378 1916 1905 2054">
    <p class='ocr_par' dir='ltr' id='par_1_35' title="bbox 378 1910 1905 2054">
     <span class='ocr_line' id='line_1_90' title="bbox 1162 1916 1905 1956; baseline 0.003 -10.942"><span class='ocrx_word' id='word_1_492' title='bbox 1162 1917 1353 1946; x_wconf 79' lang='lat' dir='ltr'>constitutum</span> <span class='ocrx_word' id='word_1_493' title='bbox 1376 1918 1464 1946; x_wconf 82' lang='lat' dir='ltr'>suerit</span> <span class='ocrx_word' id='word_1_494' title='bbox 1501 1917 1583 1946; x_wconf 83' lang='lat' dir='ltr'>illum</span> <span class='ocrx_word' id='word_1_495' title='bbox 1607 1916 1642 1946; x_wconf 88' lang='lat' dir='ltr'>ab</span> <span class='ocrx_word' id='word_1_496' title='bbox 1665 1917 1761 1946; x_wconf 87' lang='lat' dir='ltr'>ol&#39;licio</span> <span class='ocrx_word' id='word_1_497' title='bbox 1783 1926 1905 1956; x_wconf 86' lang='lat' dir='ltr'>suspen-</span> 
     </span>
     <span class='ocr_line' id='line_1_91' title="bbox 1140 1957 1903 2005; baseline 0.001 -11"><span class='ocrx_word' id='word_1_498' title='bbox 1140 1957 1142 2005; x_wconf 56' lang='grc' dir='ltr'>ἶ</span> <span class='ocrx_word' id='word_1_499' title='bbox 1162 1966 1230 1995; x_wconf 83' lang='lat' dir='ltr'>dere</span> <span class='ocrx_word' id='word_1_500' title='bbox 1253 1970 1303 1995; x_wconf 90' lang='lat' dir='ltr'>ant</span> <span class='ocrx_word' id='word_1_501' title='bbox 1325 1966 1481 2004; x_wconf 75' lang='lat' dir='ltr'>deponere,</span> <span class='ocrx_word' id='word_1_502' title='bbox 1506 1970 1574 1995; x_wconf 89' lang='lat' dir='ltr'>tunc</span> <span class='ocrx_word' id='word_1_503' title='bbox 1597 1967 1685 1996; x_wconf 84' lang='lat' dir='ltr'>etiam</span> <span class='ocrx_word' id='word_1_504' title='bbox 1712 1975 1778 1996; x_wconf 89' lang='lat' dir='ltr'>cum</span> <span class='ocrx_word' id='word_1_505' title='bbox 1800 1967 1903 1996; x_wconf 84' lang='lat' dir='ltr'>eodem</span> 
     </span>
     <span class='ocr_line' id='line_1_92' title="bbox 378 2006 1142 2054; baseline 0 -9"><span class='ocrx_word' id='word_1_506' title='bbox 378 2016 504 2054; x_wconf 85' lang='lat' dir='ltr'>pendere</span> <span class='ocrx_word' id='word_1_507' title='bbox 527 2026 559 2045; x_wconf 78' lang='lat' dir='ltr'>ac</span> <span class='ocrx_word' id='word_1_508' title='bbox 583 2016 729 2054; x_wconf 76' lang='lat' dir='ltr'>deponere</span> <span class='ocrx_word' id='word_1_509' title='bbox 763 2024 818 2043; x_wconf 83' lang='lat' dir='ltr'>non</span> <span class='ocrx_word' id='word_1_510' title='bbox 854 2019 947 2051; x_wconf 67' lang='lat' dir='ltr'>potest</span> <span class='ocrx_word' id='word_1_511' title='bbox 973 2015 1029 2044; x_wconf 89' lang='lat' dir='ltr'>nisi</span> <span class='ocrx_word' id='word_1_512' title='bbox 1052 2006 1142 2045; x_wconf 45' lang='lat' dir='ltr'>con-³</span> 
     </span>
    </p>
   </div>
   <div class='ocr_carea' id='block_1_32' title="bbox 1162 2013 1905 2151">
    <p class='ocr_par' dir='ltr' id='par_1_36' title="bbox 1162 2013 1905 2151">
     <span class='ocr_line' id='line_1_93' title="bbox 1162 2013 1904 2051; baseline 0.004 -10"><span class='ocrx_word' id='word_1_513' title='bbox 1162 2013 1267 2042; x_wconf 72' lang='lat' dir='ltr'>abbate</span> <span class='ocrx_word' id='word_1_514' title='bbox 1301 2013 1431 2050; x_wconf 77' lang='lat' dir='ltr'>generali</span> <span class='ocrx_word' id='word_1_515' title='bbox 1464 2014 1578 2042; x_wconf 77' lang='lat' dir='ltr'>secreto</span> <span class='ocrx_word' id='word_1_516' title='bbox 1610 2013 1754 2051; x_wconf 77' lang='lat' dir='ltr'>agendum</span> <span class='ocrx_word' id='word_1_517' title='bbox 1787 2018 1848 2047; x_wconf 77' lang='lat' dir='ltr'>est,</span> <span class='ocrx_word' id='word_1_518' title='bbox 1873 2018 1904 2044; x_wconf 87' lang='lat' dir='ltr'>ut</span> 
     </span>
     <span class='ocr_line' id='line_1_94' title="bbox 1162 2062 1905 2102; baseline 0 -10"><span class='ocrx_word' id='word_1_519' title='bbox 1162 2063 1286 2101; x_wconf 83' lang='lat' dir='ltr'>ipsemet</span> <span class='ocrx_word' id='word_1_520' title='bbox 1309 2072 1340 2091; x_wconf 75' lang='lat' dir='ltr'>se</span> <span class='ocrx_word' id='word_1_521' title='bbox 1362 2062 1458 2091; x_wconf 82' lang='lat' dir='ltr'>officio</span> <span class='ocrx_word' id='word_1_522' title='bbox 1476 2062 1608 2099; x_wconf 81' lang='lat' dir='ltr'>abdicet3</span> <span class='ocrx_word' id='word_1_523' title='bbox 1626 2067 1669 2098; x_wconf 91' lang='lat' dir='ltr'>ut,</span> <span class='ocrx_word' id='word_1_524' title='bbox 1687 2071 1751 2092; x_wconf 87' lang='lat' dir='ltr'>cnm</span> <span class='ocrx_word' id='word_1_525' title='bbox 1770 2063 1824 2092; x_wconf 81' lang='lat' dir='ltr'>hoc</span> <span class='ocrx_word' id='word_1_526' title='bbox 1840 2072 1905 2102; x_wconf 87' lang='lat' dir='ltr'>pro-</span> 
     </span>
     <span class='ocr_line' id='line_1_95' title="bbox 1164 2111 1904 2151; baseline 0 -10"><span class='ocrx_word' id='word_1_527' title='bbox 1164 2112 1325 2150; x_wconf 78' lang='lat' dir='ltr'>mulgatum</span> <span class='ocrx_word' id='word_1_528' title='bbox 1348 2111 1445 2142; x_wconf 78' lang='lat' dir='ltr'>suerit.</span> <span class='ocrx_word' id='word_1_529' title='bbox 1469 2116 1621 2150; x_wconf 80' lang='lat' dir='ltr'>peccatum</span> <span class='ocrx_word' id='word_1_530' title='bbox 1638 2116 1665 2141; x_wconf 81' lang='lat' dir='ltr'>et</span> <span class='ocrx_word' id='word_1_531' title='bbox 1681 2112 1768 2141; x_wconf 81' lang='lat' dir='ltr'>officii</span> <span class='ocrx_word' id='word_1_532' title='bbox 1786 2116 1904 2151; x_wconf 87' lang='lat' dir='ltr'>propter</span> 
     </span>
    </p>
   </div>
   <div class='ocr_carea' id='block_1_33' title="bbox 380 2160 1663 2250">
    <p class='ocr_par' dir='ltr' id='par_1_37' title="bbox 380 2160 1663 2250">
     <span class='ocr_line' id='line_1_96' title="bbox 1142 2160 1663 2199; baseline 0 -10"><span class='ocrx_word' id='word_1_533' title='bbox 1142 2177 1144 2195; x_wconf 61' lang='grc' dir='ltr'>ς</span> <span class='ocrx_word' id='word_1_534' title='bbox 1164 2165 1317 2199; x_wconf 85' lang='lat' dir='ltr'>peccatum</span> <span class='ocrx_word' id='word_1_535' title='bbox 1341 2160 1464 2198; x_wconf 87' lang='lat' dir='ltr'>privatio</span> <span class='ocrx_word' id='word_1_536' title='bbox 1486 2161 1663 2190; x_wconf 78' lang='lat' dir='ltr'>occultetur.</span> 
     </span>
     <span class='ocr_line' id='line_1_97' title="bbox 380 2211 1144 2250; baseline 0 -8"><span class='ocrx_word' id='word_1_537' title='bbox 380 2214 520 2242; x_wconf 79' lang='lat' dir='ltr'>toriorum</span> <span class='ocrx_word' id='word_1_538' title='bbox 536 2236 542 2247; x_wconf 83' lang='lat'>,</span> <span class='ocrx_word' id='word_1_539' title='bbox 566 2212 601 2241; x_wconf 88' lang='lat' dir='ltr'>ab</span> <span class='ocrx_word' id='word_1_540' title='bbox 630 2212 727 2241; x_wconf 82' lang='lat' dir='ltr'>oflicio</span> <span class='ocrx_word' id='word_1_541' title='bbox 750 2211 973 2250; x_wconf 84' lang='lat' dir='ltr'>suspenduntur</span> <span class='ocrx_word' id='word_1_542' title='bbox 1006 2212 1050 2241; x_wconf 78' lang='lat' dir='ltr'>vol</span> <span class='ocrx_word' id='word_1_543' title='bbox 1073 2213 1123 2242; x_wconf 83' lang='lat' dir='ltr'>de·</span> <span class='ocrx_word' id='word_1_544' title='bbox 1143 2214 1144 2218; x_wconf 75' lang='grc'>’</span> 
     </span>
    </p>
   </div>
   <div class='ocr_carea' id='block_1_34' title="bbox 1245 2208 1903 2244">
    <p class='ocr_par' dir='ltr' id='par_1_38' title="bbox 1245 2208 1903 2244">
     <span class='ocr_line' id='line_1_98' title="bbox 1245 2208 1903 2244; baseline 0.002 -7"><span class='ocrx_word' id='word_1_545' title='bbox 1245 2210 1275 2238; x_wconf 70' lang='lat' dir='ltr'>si</span> <span class='ocrx_word' id='word_1_546' title='bbox 1298 2214 1393 2238; x_wconf 88' lang='lat' dir='ltr'>autem</span> <span class='ocrx_word' id='word_1_547' title='bbox 1416 2209 1545 2239; x_wconf 66' lang='lat' dir='ltr'>desectus</span> <span class='ocrx_word' id='word_1_548' title='bbox 1568 2218 1624 2238; x_wconf 83' lang='lat' dir='ltr'>non</span> <span class='ocrx_word' id='word_1_549' title='bbox 1644 2209 1732 2238; x_wconf 78' lang='lat' dir='ltr'>fuerit</span> <span class='ocrx_word' id='word_1_550' title='bbox 1747 2208 1903 2244; x_wconf 79' lang='lat' dir='ltr'>eiusmodi,</span> 
     </span>
    </p>
   </div>
   <div class='ocr_carea' id='block_1_35' title="bbox 380 2258 1905 2348">
    <p class='ocr_par' dir='ltr' id='par_1_39' title="bbox 380 2258 1905 2348">
     <span class='ocr_line' id='line_1_99' title="bbox 1143 2258 1905 2297; baseline 0 -10"><span class='ocrx_word' id='word_1_551' title='bbox 1143 2261 1195 2292; x_wconf 65' lang='lat' dir='ltr'>{ut</span> <span class='ocrx_word' id='word_1_552' title='bbox 1229 2258 1387 2297; x_wconf 82' lang='lat' dir='ltr'>privandus</span> <span class='ocrx_word' id='word_1_553' title='bbox 1420 2258 1516 2287; x_wconf 78' lang='lat' dir='ltr'>officio</span> <span class='ocrx_word' id='word_1_554' title='bbox 1544 2267 1596 2287; x_wconf 84' lang='lat' dir='ltr'>Suo</span> <span class='ocrx_word' id='word_1_555' title='bbox 1629 2258 1689 2294; x_wconf 85' lang='lat' dir='ltr'>sil,</span> <span class='ocrx_word' id='word_1_556' title='bbox 1712 2258 1762 2287; x_wconf 67' lang='lat' dir='ltr'>sed</span> <span class='ocrx_word' id='word_1_557' title='bbox 1791 2261 1905 2287; x_wconf 81' lang='lat' dir='ltr'>tantum</span> 
     </span>
     <span class='ocr_line' id='line_1_100' title="bbox 380 2305 1145 2348; baseline 0.001 -10"><span class='ocrx_word' id='word_1_558' title='bbox 380 2310 407 2338; x_wconf 87' lang='lat' dir='ltr'>iu</span> <span class='ocrx_word' id='word_1_559' title='bbox 432 2309 548 2348; x_wconf 90' lang='lat' dir='ltr'>culpam</span> <span class='ocrx_word' id='word_1_560' title='bbox 572 2309 737 2347; x_wconf 81' lang='lat' dir='ltr'>graviorem</span> <span class='ocrx_word' id='word_1_561' title='bbox 771 2313 798 2338; x_wconf 88' lang='lat' dir='ltr'>ct</span> <span class='ocrx_word' id='word_1_562' title='bbox 821 2308 1027 2346; x_wconf 72' lang='lat' dir='ltr'>gravissimam</span> <span class='ocrx_word' id='word_1_563' title='bbox 1051 2310 1124 2339; x_wconf 87' lang='lat' dir='ltr'>inci-</span> <span class='ocrx_word' id='word_1_564' title='bbox 1144 2305 1145 2328; x_wconf 69' lang='lat'>1</span> 
     </span>
    </p>
   </div>
   <div class='ocr_carea' id='block_1_36' title="bbox 1165 2306 1906 2396">
    <p class='ocr_par' dir='ltr' id='par_1_40' title="bbox 1165 2306 1906 2396">
     <span class='ocr_line' id='line_1_101' title="bbox 1165 2306 1903 2346; baseline 0 -10"><span class='ocrx_word' id='word_1_565' title='bbox 1165 2308 1358 2345; x_wconf 79' lang='lat' dir='ltr'>corrigendus</span> <span class='ocrx_word' id='word_1_566' title='bbox 1381 2307 1549 2342; x_wconf 87' lang='lat' dir='ltr'>videretur,</span> <span class='ocrx_word' id='word_1_567' title='bbox 1577 2307 1707 2346; x_wconf 83' lang='lat' dir='ltr'>quinque</span> <span class='ocrx_word' id='word_1_568' title='bbox 1739 2306 1903 2345; x_wconf 78' lang='lat' dir='ltr'>eligentur,</span> 
     </span>
     <span class='ocr_line' id='line_1_102' title="bbox 1165 2355 1906 2396; baseline 0 -11"><span class='ocrx_word' id='word_1_569' title='bbox 1165 2357 1272 2396; x_wconf 85' lang='lat' dir='ltr'>quibus</span> <span class='ocrx_word' id='word_1_570' title='bbox 1295 2366 1363 2385; x_wconf 85' lang='lat' dir='ltr'>cura</span> <span class='ocrx_word' id='word_1_571' title='bbox 1388 2357 1559 2394; x_wconf 80' lang='lat' dir='ltr'>iniungatur</span> <span class='ocrx_word' id='word_1_572' title='bbox 1581 2355 1807 2392; x_wconf 83' lang='lat' dir='ltr'>considerandi,</span> <span class='ocrx_word' id='word_1_573' title='bbox 1830 2364 1906 2394; x_wconf 84' lang='lat' dir='ltr'>quae</span> 
     </span>
    </p>
   </div>
   <div class='ocr_carea' id='block_1_37' title="bbox 420 2397 1906 2544">
    <p class='ocr_par' dir='ltr' id='par_1_41' title="bbox 420 2397 1906 2544">
     <span class='ocr_line' id='line_1_103' title="bbox 1144 2397 1906 2449; baseline -0.001 -15"><span class='ocrx_word' id='word_1_574' title='bbox 1144 2397 1146 2449; x_wconf 45' lang='grc' dir='ltr'>ἶ</span> <span class='ocrx_word' id='word_1_575' title='bbox 1165 2406 1307 2435; x_wconf 87' lang='lat' dir='ltr'>correctio</span> <span class='ocrx_word' id='word_1_576' title='bbox 1330 2405 1356 2434; x_wconf 86' lang='lat' dir='ltr'>ei</span> <span class='ocrx_word' id='word_1_577' title='bbox 1380 2405 1535 2434; x_wconf 75' lang='lat' dir='ltr'>conveniat</span> <span class='ocrx_word' id='word_1_578' title='bbox 1550 2429 1557 2442; x_wconf 92' lang='lat'>,</span> <span class='ocrx_word' id='word_1_579' title='bbox 1582 2410 1610 2434; x_wconf 91' lang='lat' dir='ltr'>et</span> <span class='ocrx_word' id='word_1_580' title='bbox 1625 2405 1686 2444; x_wconf 75' lang='lat' dir='ltr'>ipse</span> <span class='ocrx_word' id='word_1_581' title='bbox 1703 2405 1822 2434; x_wconf 88' lang='lat' dir='ltr'>omnino</span> <span class='ocrx_word' id='word_1_582' title='bbox 1839 2404 1906 2434; x_wconf 84' lang='lat' dir='ltr'>obe-</span> 
     </span>
     <span class='ocr_line' id='line_1_104' title="bbox 1144 2454 1794 2492; baseline -0.002 -8"><span class='ocrx_word' id='word_1_583' title='bbox 1144 2488 1146 2491; x_wconf 25' lang='lat'>,</span> <span class='ocrx_word' id='word_1_584' title='bbox 1165 2455 1229 2484; x_wconf 87' lang='lat' dir='ltr'>dire</span> <span class='ocrx_word' id='word_1_585' title='bbox 1251 2454 1471 2492; x_wconf 74' lang='lat' dir='ltr'>congregationi</span> <span class='ocrx_word' id='word_1_586' title='bbox 1493 2454 1625 2492; x_wconf 82' lang='lat' dir='ltr'>generali</span> <span class='ocrx_word' id='word_1_587' title='bbox 1649 2458 1794 2484; x_wconf 85' lang='lat' dir='ltr'>teneatur.</span> 
     </span>
     <span class='ocr_line' id='line_1_105' title="bbox 420 2503 1146 2544; baseline 0.003 -11"><span class='ocrx_word' id='word_1_588' title='bbox 420 2513 458 2534; x_wconf 79' lang='grc' dir='ltr'>νι.</span> <span class='ocrx_word' id='word_1_589' title='bbox 481 2505 510 2535; x_wconf 73' lang='lat' dir='ltr'>Si</span> <span class='ocrx_word' id='word_1_590' title='bbox 532 2504 672 2534; x_wconf 83' lang='lat' dir='ltr'>acciderit</span> <span class='ocrx_word' id='word_1_591' title='bbox 693 2505 810 2544; x_wconf 86' lang='lat' dir='ltr'>aliquod</span> <span class='ocrx_word' id='word_1_592' title='bbox 833 2514 867 2534; x_wconf 81' lang='lat' dir='ltr'>ex</span> <span class='ocrx_word' id='word_1_593' title='bbox 885 2505 1009 2544; x_wconf 78' lang='lat' dir='ltr'>peccatis</span> <span class='ocrx_word' id='word_1_594' title='bbox 1027 2505 1124 2544; x_wconf 85' lang='lat' dir='ltr'>(aver-</span> <span class='ocrx_word' id='word_1_595' title='bbox 1145 2503 1146 2507; x_wconf 69' lang='grc'>’</span> 
     </span>
    </p>
   </div>
   <div class='ocr_carea' id='block_1_38' title="bbox 1905 202 2093 232">
    <p class='ocr_par' dir='ltr' id='par_1_42' title="bbox 1905 202 2093 232">
     <span class='ocr_line' id='line_1_106' title="bbox 1905 202 2093 232; baseline 0.016 -3"><span class='ocrx_word' id='word_1_596' title='bbox 1905 203 1958 230; x_wconf 84' lang='grc' dir='ltr'>Αῐι.</span> <span class='ocrx_word' id='word_1_597' title='bbox 1977 202 2007 230; x_wconf 85' lang='lat' dir='ltr'>C.</span> <span class='ocrx_word' id='word_1_598' title='bbox 2024 203 2093 232; x_wconf 77' lang='lat'><strong>1732</strong></span> 
     </span>
    </p>
   </div>
   <div class='ocr_carea' id='block_1_39' title="bbox 2134 0 2182 2484">
    <p class='ocr_par' dir='ltr' id='par_1_43' title="bbox 2134 0 2182 2484">
     <span class='ocr_line' id='line_1_107' title="bbox 2134 0 2182 2484; baseline 0 0"><span class='ocrx_word' id='word_1_599' title='bbox 2134 0 2182 2484; x_wconf 95' lang='lat' dir='ltr'> </span> 
     </span>
    </p>
   </div>
   <div class='ocr_carea' id='block_1_40' title="bbox 1245 2503 2103 2543">
    <p class='ocr_par' dir='ltr' id='par_1_44' title="bbox 1245 2503 2103 2543">
     <span class='ocr_line' id='line_1_108' title="bbox 1245 2503 2103 2543; baseline 0 -11"><span class='ocrx_word' id='word_1_600' title='bbox 1245 2503 1388 2539; x_wconf 70' lang='lat' dir='ltr'>Crimina,</span> <span class='ocrx_word' id='word_1_601' title='bbox 1412 2503 1447 2532; x_wconf 91' lang='lat' dir='ltr'>ob</span> <span class='ocrx_word' id='word_1_602' title='bbox 1470 2513 1543 2543; x_wconf 87' lang='lat' dir='ltr'>quae</span> <span class='ocrx_word' id='word_1_603' title='bbox 1566 2503 1655 2532; x_wconf 85' lang='lat' dir='ltr'>abhas</span> <span class='ocrx_word' id='word_1_604' title='bbox 1677 2503 1822 2541; x_wconf 83' lang='lat' dir='ltr'>generalis</span> <span class='ocrx_word' id='word_1_605' title='bbox 1843 2512 1906 2532; x_wconf 89' lang='lat' dir='ltr'>sus·</span> <span class='ocrx_word' id='word_1_606' title='bbox 1953 2516 2058 2542; x_wconf 79' lang='lat' dir='ltr'>Crimina,</span> <span class='ocrx_word' id='word_1_607' title='bbox 2074 2515 2103 2537; x_wconf 77' lang='lat' dir='ltr'>nb</span> 
     </span>
    </p>
   </div>
   <div class='ocr_carea' id='block_1_41' title="bbox 1166 2544 2103 2600">
    <p class='ocr_par' dir='ltr' id='par_1_45' title="bbox 1144 2544 2103 2600">
     <span class='ocr_line' id='line_1_109' title="bbox 1166 2544 2103 2600; baseline 0 -19"><span class='ocrx_word' id='word_1_608' title='bbox 1166 2553 1252 2592; x_wconf 83' lang='lat' dir='ltr'>pendi</span> <span class='ocrx_word' id='word_1_609' title='bbox 1270 2553 1313 2582; x_wconf 83' lang='lat' dir='ltr'>vel</span> <span class='ocrx_word' id='word_1_610' title='bbox 1330 2553 1435 2592; x_wconf 87' lang='lat' dir='ltr'>deponi</span> <span class='ocrx_word' id='word_1_611' title='bbox 1452 2552 1487 2581; x_wconf 92' lang='lat' dir='ltr'>ab</span> <span class='ocrx_word' id='word_1_612' title='bbox 1503 2552 1599 2582; x_wconf 81' lang='lat' dir='ltr'>officio</span> <span class='ocrx_word' id='word_1_613' title='bbox 1616 2556 1720 2591; x_wconf 81' lang='lat' dir='ltr'>potest.</span> <span class='ocrx_word' id='word_1_614' title='bbox 1738 2556 1807 2581; x_wconf 85' lang='lat' dir='ltr'>sunt</span> <span class='ocrx_word' id='word_1_615' title='bbox 1822 2551 1906 2581; x_wconf 75' lang='lat' dir='ltr'>llaec:</span> <span class='ocrx_word' id='word_1_616' title='bbox 1919 2544 2103 2600; x_wconf 54' lang='grc' dir='ltr'>ξξξῇζῦξζξμξζ,</span> 
     </span>
    </p>
   </div>
   <div class='ocr_carea' id='block_1_42' title="bbox 1165 2595 2100 2638">
    <p class='ocr_par' dir='ltr' id='par_1_46' title="bbox 1165 2595 2100 2638">
     <span class='ocr_line' id='line_1_110' title="bbox 1165 2595 2100 2638; baseline -0.005 -6"><span class='ocrx_word' id='word_1_617' title='bbox 1165 2603 1187 2632; x_wconf 84' lang='lat' dir='ltr'>si</span> <span class='ocrx_word' id='word_1_618' title='bbox 1214 2603 1381 2632; x_wconf 81' lang='lat' dir='ltr'>haereticus</span> <span class='ocrx_word' id='word_1_619' title='bbox 1403 2602 1502 2638; x_wconf 78' lang='lat' dir='ltr'>suerit,</span> <span class='ocrx_word' id='word_1_620' title='bbox 1522 2606 1571 2631; x_wconf 86' lang='lat' dir='ltr'>aut</span> <span class='ocrx_word' id='word_1_621' title='bbox 1593 2601 1808 2636; x_wconf 87' lang='lat' dir='ltr'>schismaticus,</span> <span class='ocrx_word' id='word_1_622' title='bbox 1825 2605 1875 2631; x_wconf 87' lang='lat' dir='ltr'>aut</span> <span class='ocrx_word' id='word_1_623' title='bbox 1894 2600 1953 2630; x_wconf 67' lang='lat' dir='ltr'>affl»</span> <span class='ocrx_word' id='word_1_624' title='bbox 1969 2599 2002 2620; x_wconf 80' lang='lat' dir='ltr'>vet</span> <span class='ocrx_word' id='word_1_625' title='bbox 2023 2595 2100 2623; x_wconf 71' lang='lat' dir='ltr'>⁶⁹P⁰¹³⁵</span> 
     </span>
    </p>
   </div>
   <div class='ocr_carea' id='block_1_43' title="bbox 186 2536 1122 2593">
    <p class='ocr_par' dir='ltr' id='par_1_47' title="bbox 186 2536 1122 2593">
     <span class='ocr_line' id='line_1_111' title="bbox 186 2536 1122 2593; baseline 0 -11"><span class='ocrx_word' id='word_1_626' title='bbox 186 2536 370 2583; x_wconf 43' lang='grc' dir='ltr'>ῗιζῗιῖῗέιῖιωᾌζίἶζ</span> <span class='ocrx_word' id='word_1_627' title='bbox 381 2558 421 2582; x_wconf 85' lang='lat' dir='ltr'>tat</span> <span class='ocrx_word' id='word_1_628' title='bbox 443 2553 471 2582; x_wconf 88' lang='lat' dir='ltr'>id</span> <span class='ocrx_word' id='word_1_629' title='bbox 494 2553 582 2592; x_wconf 79' lang='lat' dir='ltr'>Deus)</span> <span class='ocrx_word' id='word_1_630' title='bbox 604 2563 680 2593; x_wconf 85' lang='lat' dir='ltr'>quae</span> <span class='ocrx_word' id='word_1_631' title='bbox 702 2554 854 2583; x_wconf 80' lang='lat' dir='ltr'>sufficiunt</span> <span class='ocrx_word' id='word_1_632' title='bbox 869 2554 903 2583; x_wconf 83' lang='lat' dir='ltr'>ad</span> <span class='ocrx_word' id='word_1_633' title='bbox 919 2553 1055 2583; x_wconf 85' lang='lat' dir='ltr'>abbatem</span> <span class='ocrx_word' id='word_1_634' title='bbox 1073 2564 1122 2591; x_wconf 82' lang='lat' dir='ltr'>ge-</span> 
     </span>
    </p>
   </div>
   <div class='ocr_carea' id='block_1_44' title="bbox 187 2590 1123 2642">
    <p class='ocr_par' dir='ltr' id='par_1_48' title="bbox 187 2590 1123 2642">
     <span class='ocr_line' id='line_1_112' title="bbox 187 2590 1106 2615; baseline -0.001 -6"><span class='ocrx_word' id='word_1_635' title='bbox 187 2590 328 2615; x_wconf 51' lang='lat' dir='ltr'>pendentium</span> <span class='ocrx_word' id='word_1_636' title='bbox 682 2603 686 2608; x_wconf 94' lang='lat'>.</span> <span class='ocrx_word' id='word_1_637' title='bbox 1101 2604 1106 2608; x_wconf 86' lang='lat'><em>.</em></span> 
     </span>
     <span class='ocr_line' id='line_1_113' title="bbox 381 2602 1123 2642; baseline 0.004 -12"><span class='ocrx_word' id='word_1_638' title='bbox 381 2603 509 2631; x_wconf 81' lang='lat' dir='ltr'>neralem</span> <span class='ocrx_word' id='word_1_639' title='bbox 543 2603 579 2632; x_wconf 79' lang='lat' dir='ltr'>ab</span> <span class='ocrx_word' id='word_1_640' title='bbox 612 2602 707 2633; x_wconf 80' lang='lat' dir='ltr'>officio</span> <span class='ocrx_word' id='word_1_641' title='bbox 729 2603 967 2642; x_wconf 80' lang='lat' dir='ltr'>suspendendum</span> <span class='ocrx_word' id='word_1_642' title='bbox 998 2604 1038 2632; x_wconf 87' lang='lat' dir='ltr'>vel</span> <span class='ocrx_word' id='word_1_643' title='bbox 1064 2613 1123 2642; x_wconf 79' lang='lat' dir='ltr'>pri-</span> 
     </span>
    </p>
   </div>
  </div>
 </body>
</html>
