2182 3137
42 263 92 292 Αιι.
107 262 136 290 C.
159 261 227 290 ¹732

851 258 993 283 CLEMENS

235 311 324 350 nerit,
347 315 442 342 vestes
464 310 609 350 duplices,
634 309 827 339 instrumenta
851 307 975 343 itineris,

236 364 265 390 et
280 360 397 397 similia,
414 361 443 390 in
467 359 604 389 vestiaria
627 358 744 388 officina
761 356 974 386 custodiantur.

275 419 314 440 vi.
338 409 477 449 Inspiciat
499 409 599 445 etiam,
617 407 735 447 quinam
756 405 885 435 vestibus
901 404 978 434 indi—

235 463 333 498 geant,
350 463 382 488 ut
404 457 502 487 abbati
524 457 652 493 reserat3
676 465 709 486 eo
726 464 794 485 vero
811 454 976 484 inconsulto

235 508 310 538 nihil
333 507 460 546 cuipiam
482 506 576 536 dabit.

276 565 326 586 vu.
346 556 429 586 Linei
451 555 540 595 panni
562 554 661 592 lotori,
681 553 741 583 sive
764 556 905 582 externus
928 550 978 580 ille

234 605 272 635 sit
292 605 354 634 sive
376 604 565 640 domesticus,
595 603 703 642 scripto
726 609 848 631 numero
872 600 978 629 dentur

236 658 265 684 et
286 653 478 693 accipiantur.

276 712 336 734 vm.
359 703 486 733 Tunicae
509 701 694 740 singulorum
710 724 717 738 ,
742 708 816 739 quae
849 702 978 728 staturae

236 752 423 783 induentium
445 751 604 781 convenire
626 749 750 786 debent,
774 747 867 785 signis
891 746 979 786 parti-

237 800 385 831 cularibus
406 800 656 832 internoscantur,
680 806 716 827 nc
738 806 786 827 eas
806 795 978 836 permisceri

238 850 402 888 contingat.

277 907 317 929 1x.
341 897 459 929 Sabbati
481 904 601 936 vespere
630 896 706 925 linea
739 895 846 924 munda
878 903 927 933 per
950 903 979 923 0-

238 957 321 979 mues
342 947 431 978 cellas
460 946 636 982 distribuat3
660 945 810 975 dominica
838 954 906 973 vero
934 943 980 973 die

237 1007 322 1028 mane
340 1006 375 1027 ex
398 996 508 1026 eisdem
531 995 612 1025 cellis
635 994 783 1024 immunda
807 993 936 1031 colligat,
954 997 981 1022 et

238 1057 275 1077 an
297 1045 416 1084 omnia,
436 1054 510 1085 quae
532 1044 663 1082 dederat,
687 1043 825 1083 recipiat,
850 1042 982 1072 animad-

237 1099 343 1126 vertat.

358 1143 428 1174 CAP.
452 1142 551 1173 thtt.
574 1161 612 1165 —-
635 1141 674 1171 De
695 1141 850 1170 cellerario.

279 1203 299 1224 1.
324 1192 531 1224 Custodiendis
552 1192 582 1221 in
605 1190 775 1221 monasterii
799 1189 918 1220 cellario
942 1189 982 1218 vi-

240 1243 386 1274 ctualibus
419 1242 454 1272 ab
488 1241 590 1272 abbate
623 1240 793 1270 cellerarius
825 1240 982 1279 deputetur

240 1293 286 1323 vir
301 1291 417 1322 sobrius
432 1296 458 1321 et
478 1301 534 1321 non
552 1290 690 1330 prodigus
705 1300 712 1324 ς
731 1289 866 1328 idemque
882 1297 980 1318 curam

241 1341 349 1372 habeat
368 1341 498 1371 omnium
532 1348 633 1370 eorum
649 1363 656 1377 ‚
680 1348 754 1378 quae
777 1338 811 1367 ad
834 1337 931 1368 cibum
955 1341 983 1367 et

241 1396 341 1432 potum
363 1394 513 1430 spectant,
537 1389 650 1427 singula
673 1388 702 1418 in
724 1388 796 1417 locis
819 1388 879 1417 suis
901 1396 983 1426 repo-

240 1441 296 1471 sita
319 1445 347 1470 et.
369 1440 467 1469 clausa
491 1447 621 1468 servans.

280 1499 311 1520 11.
334 1489 368 1519 In
392 1488 480 1519 rebus
502 1487 712 1518 distribuendis
734 1487 846 1517 iussum
869 1485 982 1516 abbatis

242 1542 381 1579 sequatur
399 1548 406 1575 ;
430 1541 459 1567 et
483 1536 616 1577 quamvis
638 1536 833 1566 communiter
855 1534 983 1574 aequali-

242 1593 331 1619 tatem
363 1588 442 1618 inter
474 1596 575 1617 omnes
606 1595 723 1616 servare
746 1585 852 1623 debet,
878 1584 982 1614 habeat

243 1642 341 1668 tamen
357 1637 553 1674 infirmorum,
571 1635 850 1672 convalescentium,
868 1643 983 1664 eorum-

243 1695 299 1726 que
321 1685 372 1726 qui
394 1684 586 1715 laboriosiora
610 1694 695 1723 opera
719 1687 873 1717 exercent,
894 1683 982 1712 ratio-

242 1744 321 1771 nem,
336 1738 422 1775 prout
437 1734 462 1764 ei
482 1733 569 1764 suerit
585 1732 620 1763 ab
636 1732 740 1762 abbate
758 1732 981 1772 praescriptum,

242 1785 306 1815 sine
328 1785 410 1815 cuius
432 1783 553 1814 arbitrio
569 1792 663 1822 neque
686 1782 865 1812 ientaculum
889 1791 983 1821 neque

243 1834 322 1864 aliud
344 1833 494 1874 quidpiam
518 1832 570 1862 ulli
592 1832 743 1862 concedet.

283 1892 325 1913 111.
348 1883 513 1922 Antequam
535 1881 652 1921 penitus
668 1880 858 1911 absumantur
874 1880 984 1910 victua-

245 1932 283 1962 lia
306 1941 381 1972 quae
402 1932 432 1961 in
455 1931 633 1961 monasterio
656 1930 868 1968 reconduntur,
897 1929 985 1958 ahba-

245 1985 304 2011 tem
326 1981 500 2017 admoneat,
523 1984 555 2010 ut
584 1979 757 2020 tempestive
787 1988 839 2018 per
862 1987 985 2008 oecono-

246 2039 325 2061 mum
349 2029 501 2070 providere
523 2029 627 2069 possit.

285 2088 324 2110 lv.
348 2079 435 2110 Curet
465 2078 639 2109 munditiem
674 2082 731 2107 tam
766 2077 874 2107 cellarii
898 2085 984 2116 quam

245 2128 406 2166 refectorii,
429 2137 590 2167 eorumque
612 2127 742 2156 omnium
759 2136 833 2165 quae
849 2126 912 2155 eius
928 2125 987 2155 usi-

245 2176 301 2208 bus
323 2177 467 2214 serviunt,
491 2180 581 2216 utque
605 2186 722 2206 mensae
744 2175 831 2205 rebus
854 2184 987 2205 neeessa-

246 2226 438 2266 riis-paratae
471 2225 551 2262 sint,
576 2234 640 2255 cum
674 2224 843 2254 resectionis
870 2223 985 2262 signum

247 2275 375 2306 dabitur.

287 2333 315 2355 v.
339 2325 507 2363 Catalogum
530 2324 635 2354 habeat
651 2333 763 2362 rerum,
781 2332 855 2363 quae
877 2323 910 2352 ad
932 2323 990 2353 cel-

247 2374 354 2405 larium
372 2378 400 2404 et
415 2374 450 2404 ad
466 2374 652 2404 refectorium
670 2373 838 2413 pertiueut;
863 2372 988 2402 alterum

248 2423 335 2454 etiam
369 2432 488 2460 eorum,
521 2432 596 2462 quae
629 2432 679 2462 per
712 2422 907 2452 hebdomadas
940 2425 989 2451 aut

249 2482 367 2503 menses
389 2472 506 2503 debebit
528 2472 667 2502 fratribus
689 2471 855 2501 ministrare
879 2475 937 2501 tam
960 2471 989 2500 iu

249 2521 314 2552 cibo
337 2530 425 2561 quam
444 2521 472 2550 in
491 2525 580 2560 potu;
599 2520 717 2550 tertium
734 2520 859 2559 denique
876 2529 988 2556 eorum,

249 2572 299 2612 qui
322 2581 439 2602 mensae
462 2570 655 2601 ministraturi
677 2574 757 2600 sunt.

288 2630 328 2652 vi.
345 2621 424 2657 Quae
445 2630 478 2651 ex
503 2621 601 2651 mensa
618 2623 787 2659 supersunt,
803 2619 931 2658 colliget,
949 2623 993 2649 at-

249 2680 306 2712 que
328 2680 422 2711 coquo
444 2670 551 2711 tradet,
574 2669 625 2710 qui
652 2669 702 2700 illa
725 2668 911 2699 conservabit
934 2677 992 2698 me-

1018 259 1064 282 xn
1088 260 1140 282 pr.
1657 245 1721 281 363
1767 254 1817 280 An.
1835 253 1865 280 c.
1887 252 1955 280 1732

1021 317 1083 337 mor
1105 308 1295 347 paupertatis,
1320 312 1348 337 ut
1373 311 1401 337 et
1424 306 1593 337 domesticis
1616 309 1643 335 et
1664 309 1763 335 exter·

1021 357 1065 385 nis
1084 356 1263 394 pauperibus
1282 356 1347 385 usui
1370 365 1433 385 esse
1450 355 1559 395 possint
1583 354 1664 384 iuxta
1681 362 1762 393 prae-

1021 405 1163 443 scriptum
1187 404 1310 434 abbatis.

1190 454 1262 482 Ου’.
1287 453 1358 482 xlx.
1383 471 1420 475 —
1443 453 1482 483 ῙΙε
1504 463 1594 492 coqito.

1061 510 1080 531 1.
1105 501 1192 531 iniis
1214 502 1361 539 omnihus,
1386 512 1460 541 quae
1483 502 1517 531 ad
1541 511 1624 531 suum
1655 510 1761 531 munus

1022 550 1181 588 pertinent,
1199 550 1369 580 munditiem
1393 555 1488 580 servet
1511 551 1582 590 ipse,
1603 555 1628 580 et
1645 550 1680 579 ah
1696 551 1762 580 aliis

1023 599 1194 628 servandam
1218 603 1318 634 curet,
1343 599 1447 638 detque
1470 609 1586 639 operam
1610 604 1641 629 ut
1665 599 1762 629 omnia

1022 651 1101 676 recte
1123 652 1151 677 et
1173 652 1337 686 opportune
1360 652 1512 686 parentur,
1535 657 1567 677 ea
1591 648 1761 687 praesertim

1023 705 1099 735 quae
1121 695 1155 725 ad
1180 700 1313 733 aegrotos
1336 697 1496 735 pertinent.

1062 753 1092 774 u.
1117 744 1290 782 Semihora,
1324 748 1374 774 aut
1405 745 1506 774 saltem
1541 746 1643 784 quarta
1676 745 1764 774 horae

1024 797 1127 834 parte,
1148 798 1305 830 antequam
1332 793 1361 822 iu
1392 795 1492 823 mens-51
1523 794 1560 822 sit
1582 793 1762 827 sedendum,

1024 843 1186 883 praeparati
1210 852 1311 873 omnes
1333 842 1390 872 cibi
1413 852 1476 872 esse
1499 842 1615 872 debent.

1064 902 1104 922 111.
1129 892 1209 922 Circa
1233 892 1403 932 qualitatem
1427 895 1455 921 et
1478 892 1689 931 quantitatem,
1720 901 1767 921 or-

1024 943 1120 972 dinem
1145 943 1179 972 ab
1203 942 1307 972 abbate
1332 942 1544 981 praescriptum
1565 946 1714 980 sequatur.

1065 1002 1103 1022 lv.
1127 992 1256 1032 Coquere
1279 996 1328 1022 aut
1354 991 1434 1021 aliud
1465 991 1614 1030 quidpiam
1639 999 1690 1029 pro
1713 990 1766 1020 ali-

1026 1051 1082 1081 quo
1105 1041 1275 1081 particulari
1311 1049 1431 1080 parare,
1455 1039 1618 1070 infirmario
1651 1042 1765 1069 tantum

1026 1095 1161 1130 excepto,
1185 1090 1330 1120 neminem
1354 1089 1453 1122 sinat.
1477 1098 1571 1128 neque
1594 1088 1656 1127 ipse
1679 1087 1765 1117 saciet

1026 1140 1089 1170 sine
1111 1139 1223 1169 abbatis
1242 1139 1390 1169 facultate.

1066 1198 1093 1219 v.
1117 1189 1264 1229 Scriptum
1286 1188 1316 1218 in
1339 1188 1437 1218 codice
1466 1187 1569 1217 habeat
1602 1187 1766 1224 catalogum

1026 1248 1137 1275 rerum,
1161 1247 1284 1278 quarum
1313 1241 1357 1267 est
1380 1246 1447 1267 usus
1470 1237 1499 1266 in
1523 1236 1670 1276 coquin-52,
1695 1244 1767 1274 quas

1026 1288 1088 1328 ipse
1111 1297 1229 1317 servare
1253 1286 1353 1317 dehet.

1066 1346 1104 1367 w.
1129 1336 1314 1375 Diligentiam
1338 1336 1367 1365 in
1391 1335 1490 1373 rebus,
1515 1344 1586 1375 quas
1610 1333 1767 1371 consumit,

1027 1386 1191 1423 adhibebit,
1210 1395 1246 1415 ne
1265 1385 1334 1424 quid
1352 1395 1410 1414 non
1425 1385 1621 1414 necessarium
1640 1384 1770 1413 insuma-

1027 1441 1075 1467 tur
1097 1440 1197 1466 contra
1221 1438 1424 1475 paupertatem
1448 1434 1628 1471 religiosam.

1065 1495 1114 1515 vu.
1139 1486 1167 1515 Si
1192 1493 1278 1524 quem
1302 1484 1463 1513 adiutorem
1486 1483 1618 1516 haberet,
1643 1487 1766 1520 satagat,

1026 1540 1058 1566 ut
1075 1545 1141 1566 cum
1165 1534 1252 1564 verbo
1269 1538 1296 1563 et
1318 1533 1450 1572 exemplo
1473 1532 1617 1569 aedificet,
1636 1541 1770 1571 praeser-

1026 1585 1077 1615 tim
1098 1584 1234 1614 novitios.

1026 1634 1096 1665 CAF.
1113 1633 1171 1663 XX.
1189 1650 1225 1655 —
1243 1633 1281 1663 De
1298 1632 1504 1661 Jiebslommlario
1520 1631 1595 1661 chori
1613 1635 1636 1660 el
1652 1640 1769 1659 utensile.

1066 1693 1086 1713 1.
1111 1683 1279 1713 Praefectus
1302 1682 1443 1711 ecclesiae
1466 1680 1590 1719 siugulis
1613 1679 1769 1709 hebdoma-
1826 1698 1865 1718 p„
1881 1700 1963 1719 turnum

1026 1734 1070 1763 dis
1085 1733 1157 1763 duos
1181 1732 1328 1770 catalogos
1351 1732 1447 1769 saciet,
1465 1740 1589 1770 quorum
1608 1730 1701 1769 primo
1718 1738 1770 1769 per
1780 1724 1902 1751 ‘¹⁰s'¹¹¹³¹¹¹¹'-

1027 1787 1146 1812 turnum
1170 1781 1355 1811 sacerdotum
1379 1784 1498 1809 notetur
1525 1778 1769 1808 helidomadarius

1028 1831 1126 1867 chori,
1151 1831 1243 1860 altero
1273 1839 1324 1869 per
1358 1834 1477 1859 turnum
1507 1828 1715 1858 monachorum
1740 1837 1770 1856 o—

1028 1881 1152 1917 mnium,
1177 1879 1225 1919 qui
1248 1879 1344 1916 legere
1367 1883 1493 1915 norunt,
1520 1881 1637 1907 notetur
1663 1876 1771 1906 hebdo-

1030 1929 1177 1959 madarius
1202 1937 1332 1957 mensae.

1068 1988 1098 2008 Η.
1123 1978 1258 2008 Osticium
1281 1976 1500 2007 hebdomadarii
1523 1976 1602 2005 chori
1626 1979 1668 2005 est
1697 1974 1771 2004 divi-

1029 2037 1098 2058 num
1122 2027 1251 2057 officium
1275 2031 1303 2056 et
1326 2026 1444 2055 missam
1478 2030 1617 2055 eantare:
1641 2024 1768 2053 officium

1030 2082 1128 2107 autem
1151 2075 1373 2106 hebdomadarii
1402 2084 1520 2104 mensae
1550 2079 1592 2103 est
1620 2073 1709 2103 libros
1736 2073 1769 2102 ad

1031 2136 1162 2156 mensam
1186 2126 1302 2164 legere:
1327 2124 1361 2154 ab
1380 2129 1504 2164 utroque
1521 2124 1617 2155 officio
1633 2123 1771 2153 eximitur

1031 2175 1121 2205 abhas
1146 2174 1326 2204 monasterii.

1071 2234 1111 2255 iu.
1136 2223 1385 2254 Hebdomadarius
1417 2223 1496 2253 chori
1531 2222 1642 2261 prmius
1677 2221 1771 2259 ingre-

1032 2274 1127 2304 diatur
1149 2274 1289 2310 chorum,
1314 2276 1342 2302 et
1364 2272 1485 2302 ultimus
1509 2271 1574 2301 inde
1597 2275 1697 2305 exeat3
1722 2279 1771 2299 cu-

1033 2327 1136 2363 retque
1151 2347 1158 2361 ,
1182 2332 1218 2352 ue
1242 2322 1272 2352 in
1296 2321 1390 2351 osticio
1413 2321 1511 2351 divino
1534 2325 1590 2350 tam
1626 2319 1654 2349 iu
1683 2320 1772 2348 ehoro

1033 2382 1119 2412 quam
1144 2372 1178 2401 ad
1202 2371 1293 2401 altare
1327 2379 1441 2401 errores
1474 2370 1588 2408 aliquos
1620 2368 1772 2404 admittat,

1033 2422 1082 2451 sed
1100 2426 1184 2451 antea
1202 2420 1369 2460 praevideat
1385 2419 1479 2449 onmia
1497 2417 1772 2452 ot‘ticia,orntionos‚

1034 2472 1177 2502 lectiones
1199 2475 1228 2500 et
1250 2470 1296 2499 his
1311 2469 1417 2499 similia
1433 2479 1440 2506 3
1457 2477 1509 2497 nec
1534 2467 1689 2497 memoriae
1705 2475 1774 2495 suae

1035 2521 1181 2558 considat,
1205 2519 1252 2549 sed
1277 2518 1372 2548 omnia
1397 2528 1434 2546 ex
1456 2517 1567 2551 codiee,
1591 2515 1684 2555 quoad
1709 2514 1773 2545 steri

1036 2569 1154 2609 poterit,
1178 2569 1291 2598 recitet.
1317 2568 1346 2597 ln
1370 2567 1491 2596 dextera
1519 2565 1599 2595 chori
1623 2569 1704 2604 parte
1726 2563 1776 2593 ah-

1035 2619 1087 2649 bas
1109 2619 1230 2657 eiusque
1253 2617 1379 2647 vicarius
1396 2614 1590 2655 praesideliit;
1606 2614 1635 2644 in
1654 2613 1774 2644 sinistra

1036 2667 1290 2705 hebdomadarius,
1307 2666 1356 2705 qui
1380 2669 1531 2705 praesente
1554 2663 1657 2695 abbate
1681 2672 1775 2702 neque

1830 514 1955 536 Matidium

1774 545 1856 564 servet.
