2182 3137
217 282 263 308 Α..
283 280 310 307 c.
335 280 402 308 1733
449 270 513 305 548

243 2373 322 2393 Sacrae
345 2372 397 2393 Con-

217 2401 344 2425 preflalionts
362 2400 398 2420 de·

215 2429 304 2447 cretum.

406 340 515 363 sermo
541 334 600 369 est,
622 329 814 373 disponatur
839 330 925 374 quod
951 331 1014 364 duo
1040 330 1145 363 visita-

409 388 493 415 tores
518 382 619 426 ipsius
645 383 832 426 provinciae
866 384 952 417 iuxta
983 385 1146 417 alternati-

407 447 475 468 vam
502 436 688 469 huiusmodi
716 437 887 479 eligantur,
913 448 997 470 unus
1017 448 1053 470 ex
1072 440 1143 478 una,

408 495 439 521 et
464 489 545 522 alius
571 500 607 522 ex
634 490 734 523 altera
759 490 979 530 filiationibus,
1005 502 1053 531 ac,
1073 491 1145 524 deti-

407 542 511 576 ciente
538 544 696 576 alterutro
722 549 796 576 ante
824 544 941 576 dictam
967 555 1145 588 congrega-

407 597 528 629 tionem
553 596 803 637 intermediam,
830 597 980 630 succedat
1006 598 1087 630 alins
1113 608 1145 630 e-

407 649 531 682 iusdem
558 649 723 682 tiliationis
757 650 888 693 capituli
919 650 1144 693 proxiinioi·i5‚

407 708 449 742 et,
477 703 502 735 si
529 703 636 735 nullus
661 703 845 736 inveniatur
870 703 956 736 illius
981 703 1145 736 filiationis

406 755 459 798 qui
486 756 662 789 succedere
688 756 802 799 possit,
827 756 965 799 eligatur
989 767 1006 789 a
1032 756 1146 789 defini-

407 809 491 842 torio
517 810 598 842 alius
636 809 799 842 filiationis
835 810 1036 853 praedictae,
1063 810 1147 842 sicut

405 862 429 894 si
457 862 587 896 deficiat
622 869 695 907 post
720 864 1008 906 congregationem
1047 863 1146 896 inter-

405 915 544 948 mediam
571 915 786 959 praedictam,
814 915 892 949 licet
918 916 1015 948 liuius
1042 916 1147 958 dispo—

405 968 533 1001 sitionis
569 969 789 1012 intelligentia
826 974 857 1002 et
893 969 1086 1012 explicatio,
1114 969 1163 1002 in·

405 1023 578 1065 postremis
604 1022 710 1055 verbis
735 1023 938 1066 aliquantum
958 1024 1144 1063 suboscura,

405 1075 606 1108 desumenda
631 1075 799 1108 videretur
822 1085 839 1107 a
865 1075 993 1108 clariori
1017 1081 1047 1108 et
1064 1076 1147 1109 liue-

405 1128 461 1160 rali
488 1128 703 1171 dispositione
730 1129 990 1172 supradictarum
1026 1129 1145 1162 eonsti-

406 1181 564 1214 tutionum
590 1181 622 1214 in
648 1192 723 1215 casu
744 1182 977 1226 cuiuscumque
996 1182 1147 1215 delicien-

405 1234 466 1267 tiae
491 1234 665 1267 visitatoris
691 1240 765 1278 post
784 1235 900 1268 dictam
922 1236 1147 1278 congregatio-

404 1298 479 1320 nem
516 1288 763 1329 intermediam;
791 1288 1005 1321 nibilominus
1043 1299 1143 1332 expo-

405 1347 519 1374 nentes
545 1341 725 1384 praedicti,
753 1343 792 1375 ad
817 1342 983 1375 evitandas
1012 1348 1147 1375 conten-

404 1395 508 1428 tiones
535 1395 600 1428 sive
626 1396 868 1429 controversias
894 1407 977 1439 quae
1004 1407 1039 1429 ex
1067 1397 1148 1429 eius—

403 1448 488 1483 modi
507 1448 680 1482 verborum
699 1449 909 1492 ambiguitate
929 1450 1060 1482 excitari
1076 1461 1147 1493 pos-

403 1508 483 1542 sent,
511 1508 711 1536 memoratae
743 1503 1008 1546 congregationis
1042 1504 1147 1537 cardi·

404 1557 526 1589 nalium
563 1556 759 1590 sententiam
799 1558 940 1600 desuper
976 1558 1146 1601 exquirere

404 1614 626 1653 opportunum
663 1610 848 1650 duxissent,
875 1611 914 1643 ab
952 1612 1054 1654 eaque
1091 1621 1147 1654 pc-

405 1662 549 1703 tiissent,
574 1669 735 1706 quatenus
761 1664 927 1697 declarare
954 1670 986 1697 et
1010 1664 1146 1698 definire

403 1717 512 1750 vellet:
540 1717 609 1758 An,
637 1718 810 1750 eveniente
835 1728 908 1751 casu
942 1718 1146 1751 deficientiae

404 1770 501 1802 unius
528 1770 576 1803 vel
603 1770 769 1813 utriusque
794 1771 969 1804 visitatoris
1000 1777 1071 1815 post
1096 1783 1146 1805 ce-

405 1823 622 1856 lebrationem
637 1824 901 1866 congregationis
919 1825 1145 1866 intermediae,

406 1876 523 1909 electio
545 1876 848 1910 substituendorum
868 1877 905 1910 ad
925 1877 1147 1911 definitorium

405 1930 566 1974 privatum
605 1936 748 1973 spectet,
776 1941 832 1963 seu
869 1932 980 1974 potius
1014 1932 1051 1964 ad
1085 1932 1148 1965 offi-

406 1983 491 2018 cium
506 1983 691 2017 huiusmodi
707 1984 889 2017 visitatores
904 1985 1036 2028 capituli
1055 1995 1148 2029 prae-

406 2037 552 2070 cedentis
577 2038 762 2070 assumendi
788 2038 873 2079 sint,
898 2043 994 2082 prout
1029 2039 1146 2072 assumi

407 2090 587 2130 deberent,
613 2091 638 2123 si
677 2090 861 2124 deficientia
897 2097 971 2124 ante
1003 2093 1148 2125 celebra-

407 2144 525 2178 tionem
553 2144 657 2178 dictae
694 2145 959 2187 congregationis
993 2146 1148 2179 interme-

408 2198 479 2231 diae
518 2198 727 2241 contigisset,
754 2198 786 2230 in
824 2209 921 2240 casu,
949 2205 1031 2232 ete.:
1060 2211 1147 2232 ema-

407 2251 494 2285 navit
529 2253 568 2285 ab
607 2252 719 2285 eadem
756 2252 1017 2295 Congregatione
1043 2254 1148 2287 cardi-

407 2305 527 2338 nalium
554 2305 721 2338 decretum
747 2306 872 2339 tenoris
897 2307 950 2349 qui
978 2306 1144 2350 sequitur:

448 2360 536 2388 Sacra
568 2358 758 2397 Congregatio
789 2359 1088 2390 eminentissimorum
1120 2366 1148 2391 et

409 2408 722 2438 reverendissimorum
744 2408 773 2438 S.
805 2409 839 2438 lt.
871 2409 902 2438 E.
936 2409 1146 2449 cardinalium,

409 2457 534 2495 negotiis
556 2461 584 2487 et
606 2457 872 2487 consultationibus
894 2458 1098 2498 episcoporum
1121 2464 1149 2489 et

409 2506 588 2543 regularium
612 2506 762 2545 proposita
777 2531 784 2544 ‚
809 2507 954 2538 referente
977 2507 1150 2538 emiuentis-

409 2551 482 2581 simo
504 2552 647 2582 cardinali
670 2552 747 2582 (iotti
771 2557 897 2591 ponente
911 2575 918 2589 ‚
942 2555 1052 2583 attenta
1074 2554 1150 2584 rela-

411 2597 488 2628 tione
511 2598 601 2637 patris
623 2599 822 2638 procuratoris
851 2599 996 2637 generalis
1017 2599 1147 2641 Ordinis,

410 2647 442 2674 re
465 2648 578 2674 mature
601 2646 764 2685 perpensa,
784 2645 899 2675 censuit
921 2645 1147 2685 decernendum,

994 280 1175 306 BULLAmUM
1199 280 1353 306 ROMANUM

1189 330 1311 370 primam
1336 329 1417 360 dubii
1441 333 1566 370 partem,
1578 333 1610 360 'et
1626 329 1760 369 negative
1775 330 1810 360 ad
1826 324 1930 361 secun-

1188 378 1271 413 darm
1297 377 1452 408 dummodo
1469 382 1565 407 tamen
1589 387 1647 407 non
1669 377 1706 407 sit
1728 377 1871 417 completa
1889 379 1930 408 vi-

1188 425 1298 461 sitatio,
1322 435 1387 454 nam
1411 425 1577 454 visitatione
1599 425 1766 464 complet-21,
1795 434 1849 455 nec
1871 425 1930 455 ele-

1188 471 1277 501 ctioni
1307 481 1361 501 nec
1394 470 1594 501 substitutioni
1626 471 1706 501 locus
1728 472 1794 502 erit.
1818 472 1928 502 Romae

1189 526 1236 547 xm
1259 517 1425 547 novembris
1447 526 1626 547 arnecxxxiu.

1268 564 1350 594 Car-d.
1375 565 1556 593 thxtilstzt's
1580 564 1775 595 Banmimxrs.

1268 610 1289 640 l.
1314 611 1551 650 archiepiscopus
1575 611 1676 641 Corin.
1700 612 1887 642 secretarius.

1233 661 1247 703 ξ
1273 660 1304 693 ⁶2.
1332 661 1407 693 Cum
1433 667 1549 700 antem,
1574 661 1658 694 sicut
1683 672 1740 704 pro
1766 667 1856 705 parte
1883 660 1928 694 di·

1189 719 1314 746 ctorum
1331 714 1548 746 Emmanuelis
1565 718 1596 746 et
1608 713 1814 747 definitorum
1833 714 1927 748 nobis

1190 766 1326 800 subinde
1351 766 1534 810 expositum
1560 767 1641 807 suit,
1666 766 1727 811 ipsi
1760 768 1927 801 decretum

1191 820 1385 861 huiusmodi,
1402 832 1466 864 quo
1485 820 1605 853 firmius
1621 821 1784 861 subsistat,
1802 827 1930 864 aposto-

1191 873 1271 906 licae
1297 873 1553 907 confirmationis
1578 879 1708 907 nostrae
1743 874 1928 917 patrocinio

1190 927 1382 959 communiri
1409 926 1583 970 plurimum
1621 926 1824 961 desiderent:
1851 938 1928 967 nos,

1190 979 1279 1023 ipsos
1304 985 1506 1024 exponentes
1530 980 1728 1023 specialibus
1767 981 1929 1014 favoribus

1190 1038 1222 1066 et
1247 1033 1356 1075 gratiis
1381 1033 1541 1077 prosequi
1568 1033 1726 1074 volentes,
1749 1044 1928 1078 eorumque

1190 1086 1372 1129 singulares
1398 1097 1554 1130 personas
1579 1098 1597 1120 a
1618 1087 1785 1131 quibusvis
1804 1098 1930 1121 exeom-

1191 1141 1431 1181 municafionis,
1456 1141 1679 1184 suspensionis
1705 1146 1736 1174 et
1753 1141 1929 1180 interdicti,

1191 1193 1328 1237 aliisque
1354 1194 1581 1227 ecclesiasticis
1608 1194 1790 1235 sententiis,
1816 1205 1930 1228 censu-

1191 1247 1235 1280 ris
1271 1253 1303 1281 et
1339 1247 1477 1291 poenis,
1506 1259 1522 1280 a
1548 1248 1617 1281 inre
1642 1249 1692 1281 vel
1718 1248 1757 1281 ab
1784 1248 1928 1288 homine,

1191 1300 1303 1344 quavis
1330 1302 1501 1334 occasione
1527 1302 1576 1334 vel
1602 1303 1696 1334 causa
1713 1301 1796 1341 latis,
1814 1301 1840 1334 si
1863 1301 1932 1344 qui-

1190 1354 1249 1386 bus
1274 1355 1521 1398 quomodolibet
1557 1355 1732 1388 innodatae
1769 1355 1929 1395 existunt,

1191 1407 1228 1440 ad
1255 1407 1404 1441 effectum
1429 1408 1652 1451 praesentium
1672 1409 1838 1441 dumtaxat
1858 1419 1931 1442 con-

1190 1461 1404 1504 sequendum,
1430 1461 1547 1494 barum
1568 1461 1651 1494 serie
1670 1461 1879 1494 absolventes
1899 1466 1931 1494 et

1190 1515 1356 1547 absolutas
1382 1514 1448 1547 t'ore
1475 1519 1657 1554 censentes,
1684 1514 1931 1558 supplicationi-

1190 1568 1248 1600 bus
1286 1569 1415 1602 illorum
1442 1567 1575 1601 nomine
1613 1568 1707 1601 nobis
1743 1578 1843 1612 super
1867 1569 1930 1601 hoc

1191 1621 1358 1655 humiliter
1382 1622 1541 1665 porrectis
1568 1621 1734 1662 inclinati,
1763 1622 1929 1655 decretum

1190 1675 1443 1718 praeinsertum,
1464 1675 1653 1708 auctoritate
1673 1677 1784 1708 nostra
1805 1681 1931 1719 aposto-

1191 1728 1261 1769 lica,
1280 1734 1391 1762 tenore
1409 1729 1642 1772 praesentium,
1660 1729 1881 1772 approbamus
1899 1733 1932 1762 et

1191 1782 1437 1821 contii-mamus,
1475 1782 1588 1825 illique
1625 1782 1823 1815 inviolabilis
1853 1793 1931 1826 apo-

1191 1835 1326 1868 stolieae
1345 1835 1503 1868 tirmitatis
1525 1836 1627 1868 robur
1644 1835 1825 1868 adiicimus:
1844 1837 1931 1869 salva

1192 1894 1297 1921 tamen
1333 1899 1462 1932 semper
1497 1889 1529 1920 in
1567 1888 1756 1932 praemissis
1790 1889 1931 1922 auetori-

1192 1947 1254 1975 tate
1279 1941 1547 1985 Congregationis
1574 1937 1763 1976 eorumdem
1785 1942 1932 1976 cardina-

1192 1996 1282 2029 lium.

1235 2048 1306 2092 53.
1344 2049 1584 2089 Decernentes,
1623 2049 1709 2093 ipsas
1744 2056 1933 2093 praesentes

1191 2103 1314 2136 litteras
1351 2113 1481 2146 semper
1505 2103 1632 2142 firmas,
1658 2103 1779 2136 validas
1812 2109 1844 2137 et
1869 2103 1932 2137 effi-

1191 2166 1283 2189 caces
1303 2156 1441 2189 existere
1460 2161 1491 2190 et
1509 2157 1588 2197 sore,
1606 2167 1748 2201 suosque
1766 2157 1933 2201 plenarios

1191 2216 1223 2243 et
1246 2211 1390 2254 integros
1418 2209 1549 2244 effectus
1573 2210 1679 2244 sortiri
1711 2215 1742 2243 et
1766 2211 1930 2253 obtinere,

1191 2274 1227 2297 ac
1249 2263 1323 2304 illis,
1341 2264 1381 2296 ad
1407 2274 1488 2307 quos
1513 2269 1637 2308 spectat
1657 2269 1688 2297 et
1705 2274 1765 2308 pro
1785 2269 1932 2309 tempore

1191 2317 1464 2361 quandocumque
1500 2317 1681 2360 spectabit,
1710 2317 1742 2350 in
1779 2318 1932 2351 omnibus

1191 2376 1223 2404 et
1246 2381 1304 2415 per
1328 2370 1438 2404 onmia
1469 2371 1658 2414 plenissime
1688 2371 1877 2415 suffragari,
1903 2378 1935 2406 et

1191 2425 1230 2457 ab
1255 2424 1301 2457 eis
1326 2423 1505 2468 respective
1530 2425 1724 2458 inconcusse
1746 2425 1932 2466 observari,

1192 2478 1302 2521 sicque
1338 2477 1370 2510 in
1404 2478 1591 2520 praemissis
1622 2489 1683 2522 per
1708 2490 1933 2523 quoscumque

1192 2530 1315 2563 iudices
1340 2531 1526 2564 ordinarios
1558 2536 1589 2565 et
1621 2532 1811 2576 delegatos,
1837 2526 1934 2566 etiam

1193 2594 1359 2618 causarum
1395 2585 1508 2628 palatii
1546 2586 1717 2629 apostolici
1749 2586 1932 2632 auditores,

1193 2637 1327 2670 indicari
1353 2643 1384 2671 et
1408 2637 1537 2671 deliniri
1571 2639 1714 2680 debere,
1743 2651 1779 2673 ac
1804 2639 1933 2673 irritum'

412 2694 496 2729 prout
518 2690 646 2721 decrevit
668 2696 695 2722 et
717 2689 886 2723 declaravit:
910 2692 1090 2725 Affirmative
1113 2695 1148 2726 ad
1193 2696 1224 2724 et
1248 2691 1345 2725 inane
1370 2691 1397 2725 si
1423 2702 1515 2727 secus
1542 2693 1649 2737 superv
1669 2693 1721 2728 liis‘
1736 2703 1752 2726 a
1773 2691 1933 2738 quoquam

1968 668 1987 689 C-
1999 669 2114 692 ussi-matur.

1971 2060 2048 2080 narum
2073 2059 2127 2080 littu—
2166 2055 2168 2071 ³

1945 2092 2014 2107 rai-uin
2056 2086 2127 2107 obser·
2167 2094 2168 2097 ¹

1945 2114 2024 2134 varitia.

1932 275 1985 310 'it-f,
2003 276 2037 311 el
2055 275 2118 314 1¹15!ss
2150 260 2156 321 ti

2155 422 2158 459 i
