2182 3137
25 213 78 239 Aa.
94 212 124 238 C.
147 211 215 238 ¹730

223 263 371 298 praestare
387 264 542 297 teneatur3
566 260 750 291 scholaribus
769 270 823 291 nec
838 261 968 292 interdiu

222 316 276 337 nec
298 312 386 338 noctu
403 318 483 338 arma
501 313 628 347 gestare,
652 314 702 340 aut
720 310 796 349 apud
810 319 841 340 se
858 310 967 340 habere

222 355 319 386 liceat.

261 404 336 434 Hinc
357 414 505 444 cauponas
537 410 564 435 et
597 406 719 445 popinas
751 416 809 436 non
842 407 964 444 adeant,

219 461 274 482 nec
306 454 442 492 crapulae
474 463 507 483 ac
543 455 836 485 commessationibus
867 465 965 485 assue-

219 506 313 539 scant,
338 506 365 531 et
383 501 419 531 ab
438 502 557 531 iniuriis
580 507 608 532 et
631 503 819 532 contumeliis
838 503 966 534 inseren-

219 550 273 585 dis⁷
299 550 407 579 libellis
430 551 548 580 famosis
571 551 706 587 edendis,
731 553 808 582 unde
832 553 875 582 vel
900 563 964 592 per-

218 608 288 628 sona
312 599 422 628 derisui
445 609 496 629 seu
520 599 648 630 ludibrio
670 606 845 640 exponatur,
866 602 910 631 vel
933 612 964 631 a-

218 647 325 677 licuius
348 648 526 678 existimatio
558 653 607 678 aut
640 649 714 678 sama
747 650 824 679 laedi
858 650 961 689 possit,

219 695 339 725 omnino
371 696 560 736 abstineant,
584 707 672 736 super
707 698 814 737 quibus
842 699 961 736 vigilem

218 745 338 774 omnino
361 754 462 774 curam
485 755 662 786 operamque
685 747 879 777 cancellarius
908 748 962 777 im-

219 792 336 831 pendat,
361 798 391 823 ut
424 793 453 823 in
487 794 623 823 omnibus
658 795 756 824 sutura
793 795 961 825 huiusmodi

218 841 340 876 damna,
358 844 416 881 qua
432 852 484 881 par
506 848 550 872 est
572 843 733 881 diligentia,
760 844 911 882 provideat
933 849 962 874 et

218 894 329 919 caveat.
351 890 476 920 lniurias
498 896 595 921 autem
628 896 656 922 et
688 893 901 931 contumelias,
937 895 961 924 si

218 938 294 968 sorte
319 939 416 978 (quod
439 940 533 979 absit)
567 941 664 971 illatae
698 941 817 976 suerint,
853 943 961 974 debitis

218 987 320 1026 poenis
342 992 486 1019 coerceat.

67 1051 207 1073 &homibus
257 1037 311 1073 Qui
333 1038 502 1068 doctoratus
534 1039 664 1069 lauream
698 1049 754 1069 non
788 1040 960 1081 obtinuerit,

22 1083 92 1126 ἒῖιῗῆῗιο
102 1083 395 1125 ⁹‘lss'22ffl‘lssdoctoraiem
420 1094 530 1119 vestem
553 1090 694 1120 adhibere
710 1100 768 1120 non
791 1092 895 1131 possit,
912 1102 963 1122 ne-

23 1131 109 1152 ⁶²¹“¹¹¹⁵·
217 1147 274 1177 que
296 1147 366 1168 usus
388 1139 478 1176 ensis,
503 1139 590 1169 huius
612 1140 778 1169 academiae
800 1141 890 1179 gradu
914 1142 963 1172 de—

219 1187 329 1217 coratis
350 1197 519 1223 concessus,
543 1188 587 1217 vel
611 1188 645 1217 ad
669 1189 774 1218 artium
808 1191 962 1228 magistros

222 1237 267 1265 vel
300 1236 334 1266 ad
368 1237 580 1276 cuiuscumque
614 1239 763 1268 facultatis
796 1239 961 1269 licentiatos

219 1285 405 1314 extendatur.
440 1286 629 1315 Scholaribns
659 1296 728 1315 vero
751 1287 962 1327 cuiuscumque

218 1334 397 1364 conditionis
414 1340 461 1363 ant
478 1335 585 1372 gradus
600 1345 699 1364 ensem
716 1341 829 1374 gestare
843 1338 962 1366 omnino

217 1383 405 1413 interdictum
428 1384 478 1413 sit.

56 418 113 440 [tuae
127 416 153 437 ab
180 416 211 437 eis

35 443 133 470 ugienda.

258 1432 430 1462 Nullatenus
466 1433 650 1462 scholaribus
690 1434 780 1463 iudici
818 1436 962 1465 saeculari

218 1486 307 1511 noctu
331 1491 360 1510 se
383 1491 413 1511 se
429 1482 550 1512 comites
572 1483 677 1512 addere
700 1483 820 1520 licebit3
845 1485 921 1523 quod
938 1485 961 1514 si

219 1539 348 1569 unquam
373 1531 588 1569 commiserint,
611 1531 647 1561 ab
669 1532 820 1561 academia
843 1533 963 1563 eiicien-

219 1583 278 1608 tur.
302 1579 406 1608 Itidem
429 1589 580 1619 nunquam
614 1590 664 1619 per
698 1581 809 1620 plateas
832 1586 862 1611 et
884 1591 962 1611 com-

220 1627 278 1666 pita
312 1627 416 1657 larvati
440 1628 596 1658 incedent:
633 1629 730 1668 prima
766 1630 827 1660 vice
860 1631 959 1660 decem

219 1676 322 1706 diebus
345 1677 373 1706 in
397 1687 514 1707 carcere
536 1678 742 1715 detinea11iur3
767 1680 898 1709 secunda
921 1681 963 1710 vi-

218 1726 310 1765 ginti3
330 1726 420 1756 tertia
442 1726 477 1756 ab
500 1726 577 1757 Urbe
594 1728 789 1767 expellantur.
808 1729 961 1759 Cervariae

218 1779 338 1813 praetor
359 1775 506 1804 larvarum
526 1785 612 1805 usum
631 1786 781 1816 nunquam
799 1778 959 1816 permittat,

218 1833 272 1854 nec
295 1825 374 1863 ipse,
399 1829 448 1854 aut
477 1825 670 1856 cancellarius
703 1828 836 1856 scenicos
859 1832 959 1866 actus,

217 1877 267 1902 aut
296 1873 495 1912 histrionicos,
531 1876 704 1913 praesertim
727 1885 741 1904 a
766 1877 838 1906 sesto
854 1877 882 1907 S.
908 1878 962 1907 Ln—

218 1930 270 1950 cae
298 1922 334 1951 ad
369 1922 474 1952 festum
498 1925 527 1952 S.
552 1923 669 1953 loannis
691 1924 726 1953 de
751 1934 849 1954 mense
873 1926 958 1955 iunii.

218 1970 405 2000 Scholaribus
428 1981 485 2001 non
510 1972 594 2002 liceat
616 1973 742 2002 infantes
764 1974 798 2003 de
818 1974 960 2013 baptismo

218 2020 379 2059 suscipere,
399 2030 453 2050 nec
476 2021 592 2058 rhedas,
616 2031 732 2057 currus,
757 2023 843 2052 sellas
866 2029 962 2061 gesta-

219 2067 319 2105 toriaS,
343 2068 461 2098 lecticas
483 2069 601 2107 habere,
625 2075 674 2099 aut
696 2080 786 2110 equos
803 2072 891 2109 alere,
912 2074 975 2102 sed‘

218 2116 342 2156 pedibus
365 2117 421 2146 iter
443 2118 561 2155 saciant,
585 2120 700 2158 quoties
722 2121 757 2149 ad
781 2121 959 2151 academiam

218 2165 262 2195 ire
284 2171 419 2205 pergunt.
443 2167 472 2197 Si
495 2177 579 2197 secus
602 2169 735 2207 fecerint,
751 2170 851 2199 decem
875 2171 962 2201 libra-

218 2225 282 2246 rum
305 2216 444 2245 mulctam
467 2216 601 2247 subeant.

258 2264 314 2294 Per
336 2264 445 2303 plateas
478 2270 506 2295 et
539 2267 664 2306 compita
698 2267 825 2298 civitatis
847 2278 861 2297 a
887 2269 963 2299 ludis

219 2313 307 2343 etiam
331 2313 419 2343 licitis
454 2314 597 2345 cavebunt
629 2316 800 2354 scholares,
831 2318 960 2357 alioquin

221 2371 272 2401 per
294 2371 344 2391 sex
376 2362 438 2392 dies
471 2363 500 2392 in
535 2373 653 2394 carcere
687 2365 837 2396 detinendi
862 2373 959 2398 erunt.

221 2411 314 2441 Pestis
337 2415 433 2441 tamen
457 2412 559 2442 diebus
581 2418 661 2444 extra
686 2424 784 2445 muros
800 2439 807 2453 ‚
832 2421 882 2447 aut
904 2419 961 2448 alio

220 2461 407 2490 convenienti
431 2461 505 2499 locu,
523 2471 553 2491 se
568 2463 636 2493 ludo
659 2464 748 2494 animi
772 2469 861 2495 causa
883 2467 962 2498 oble-

219 2513 300 2539 ctare
323 2513 479 2548 poterunt‚
505 2510 662 2541 dummodo
689 2513 764 2542 ultra
788 2515 895 2552 regalis
917 2517 960 2545 di-

219 2557 343 2587 midium
360 2567 417 2587 non
434 2558 602 2598 deponant,
626 2559 662 2589 ab
678 2560 749 2590 aleis
766 2571 834 2592 vero
851 2568 879 2593 et
895 2564 961 2593 talis

220 2608 360 2646 perpetuo
382 2607 562 2639 abstineant.

41 2270 68 2291 De
79 2272 133 2292 tudis
145 2273 208 2293 seno-

25 2296 105 2318 tanaus
120 2300 207 2324 permit·

26 2324 101 2345 tendis.

856 216 892 237 CL
899 216 999 239 EMENS
1027 217 1069 239 XII
1094 219 1141 240 Η).

1654 214 1718 247 ’197
1765 227 1814 253 An.
1830 227 1860 254 C.
1879 227 1946 254 1730

1049 264 1196 296 Scholaris
1209 269 1316 306 poterit
1330 271 1497 302 conditione
1512 278 1654 312 repetere,
1668 277 1753 316 quid-

1010 313 1080 351 quid
1102 323 1154 354 pro
1177 315 1244 346 lude
1263 323 1378 356 praeter
1400 325 1463 351 octo
1486 323 1594 361 regalia
1617 326 1752 356 exsolve-

1010 361 1068 397 rit;
1092 363 1168 400 quod
1187 363 1210 392 si
1233 365 1338 396 solutio
1360 368 1435 398 sacta
1458 379 1515 400 non
1539 371 1638 411 suerit,
1656 375 1752 405 credi-

1010 409 1064 438 tori
1087 411 1163 440 actio
1185 412 1358 452 denegetur.

1048 457 1151 488 Nullus
1172 460 1325 493 Cervariae
1342 466 1504 504 oppidanus
1517 473 1564 498 aut
1582 469 1675 500 incola
1692 472 1744 502 do-

1008 513 1086 535 mum
1110 516 1192 537 suam
1215 519 1266 548 pro
1283 511 1350 542 ludo
1373 515 1465 552 palam
1482 520 1646 550 exercendo
1668 530 1747 552 com-

1008 559 1136 592 paratam
1160 558 1295 589 exhibeat
1310 583 1317 594 ,
1341 563 1420 592 mille
1453 565 1581 604 alioquin
1604 569 1745 606 regalium

1007 603 1145 633 mulctam
1179 606 1330 638 subiturus
1363 611 1528 643 academiae
1550 614 1743 649 bibliothecae

1006 651 1225 688 assignandam.

1044 699 1213 739 Scholaris,
1238 704 1287 742 qui
1312 705 1354 734 vel
1377 706 1415 735 sit
1442 708 1668 749 filiusfamilias,
1698 715 1743 744 vel
1811 729 1943 749 soniam-1

1004 757 1056 777 suo
1079 749 1173 779 adhuc
1195 754 1324 782 curatori
1356 755 1504 786 subiaceat
1528 759 1571 788 vel
1595 761 1746 793 subiacere
1759 761 1880 799 2T11¹.¹,''‘“⁹'²¹⁴
1920 763 1945 775 Ψ

1005 803 1104 835 possit,
1123 800 1239 830 tametsi
1263 801 1497 844 vigintiquinque
1520 816 1664 838 annorum
1685 820 1747 841 ma-

1004 846 1048 875 ior
1070 848 1168 886 suerit,
1186 849 1210 879 si
1226 851 1295 889 quid
1319 861 1370 891 per
1389 863 1419 882 se
1440 855 1483 884 vel
1507 866 1558 894 per
1581 857 1669 887 alium
1693 866 1741 891 aut

1004 897 1107 926 emerit
1123 903 1172 927 aut
1190 904 1290 929 mutuo
1306 903 1463 940 acceperit,
1481 904 1596 934 irritum
1614 910 1641 936 et
1657 909 1744 938 inane

1004 950 1168 985 censeatur,
1194 952 1280 988 atque
1303 950 1404 980 iudicii
1426 952 1527 982 limine
1549 955 1677 985 creditor
1700 966 1746 986 re-

1005 995 1139 1034 pellatur,
1158 997 1214 1027 nisi
1234 1000 1397 1029 contractui
1420 1001 1548 1032 ineundo
1564 1004 1669 1034 iudicis
1683 1015 1749 1036 aca-

1004 1044 1108 1074 demici
1132 1046 1213 1076 notio
1237 1051 1264 1077 et
1287 1050 1447 1080 auctoritas
1469 1051 1681 1085 intercesserit.

1044 1094 1240 1125 Cancellarius
1256 1097 1377 1136 eiusque
1391 1099 1475 1129 iudex
1494 1110 1644 1141 nunquam
1662 1105 1747 1136 scho-
1776 1124 1861 1143 mmm..
1880 1127 1943 1143 „mm

1004 1143 1040 1172 lis
1063 1143 1204 1174 interesse
1228 1146 1376 1184 patiantur
1408 1148 1480 1178 iuris
1511 1155 1560 1180 aut
1583 1153 1649 1182 sacti
1674 1151 1944 1184 infa-¹³''¹¹“⁴¹‘¹¹¹·[⁰¹'¹'·

1006 1192 1064 1221 mia
1086 1197 1213 1231 notatos,
1238 1195 1288 1224 sed
1309 1205 1358 1226 eos
1380 1199 1549 1237 expellant,
1574 1205 1601 1230 et
1623 1211 1657 1231 ex
1681 1202 1747 1233 albo

1005 1241 1091 1270 etiam
1115 1243 1281 1274 academiae
1300 1253 1479 1285 expungant.

1048 1291 1230 1321 Professores
1250 1303 1317 1323 vero
1333 1305 1433 1326 omnes
1450 1298 1487 1327 ita
1504 1308 1534 1327 se
1550 1305 1653 1337 gerant
1677 1302 1748 1339 rita,

1006 1339 1149 1378 moribus,
1174 1341 1299 1378 incessu,
1324 1345 1476 1383 gravitate,
1495 1348 1612 1383 virtute,
1630 1351 1750 1380 ceteris-

1005 1398 1060 1426 que
1083 1390 1172 1418 animi
1196 1390 1323 1428 dotibus,
1344 1398 1374 1422 ut
1397 1404 1429 1423 ex
1455 1395 1490 1424 iis
1513 1397 1640 1435 alumni,
1668 1399 1743 1429 velut

1004 1446 1039 1466 ex
1063 1447 1120 1467 uno
1136 1439 1225 1477 sonte,
1244 1450 1301 1469 non
1326 1446 1381 1470 tarn
1404 1443 1552 1474 doctrinae
1576 1452 1742 1486 praecepta,

1003 1496 1091 1525 quam
1117 1487 1270 1526 probitatis
1292 1490 1465 1522 documenta
1490 1494 1640 1524 hauriant.

1039 1562 1101 1592 TIT.
1123 1564 1166 1593 LI.
1201 1583 1219 1585 —
1238 1565 1277 1595 De
1297 1567 1452 1605 privileyiis
1474 1570 1703 1601 academiam-zon.

1045 1634 1138 1664 Iluius
1154 1636 1317 1667 academiae
1333 1638 1478 1677 doctores,
1498 1641 1640 1679 magistri,
1659 1642 1748 1673 licen-

1005 1683 1088 1721 tiati,
1113 1684 1293 1715 baccalaurei
1308 1710 1315 1723 ,
1340 1687 1511 1726 scholares,
1536 1690 1669 1720 officiarii
1693 1693 1747 1722 eis—
1759 1684 1888 1724 ssonwfffls
1919 1711 1941 1724 fe

1003 1732 1067 1761 dem
1091 1733 1235 1770 gaudeant
1258 1735 1348 1772 regiis
1371 1736 1542 1775 privilegii&
1569 1732 1943 1778 honoribus,{ffgsstn‘ggsslsssfj'

1005 1783 1227 1820 praerogativis‘,
1246 1785 1359 1821 gratiis,
1378 1785 1621 1825 imniunitatilms,
1640 1789 1747 1827 quibus

1003 1831 1032 1859 in
1055 1831 1204 1861 academia
1227 1833 1419 1871 Salmantina,
1443 1836 1652 1876 Complutensi‚
1679 1839 1748 1868 Val-

1004 1879 1157 1909 lisoletana
1181 1885 1208 1909 et
1230 1881 1347 1911 Oscensi
1373 1883 1537 1913 huiusmodi
1556 1895 1745 1923 personarum

1003 1928 1111 1957 classes
1128 1930 1319 1968 perfruuntur
1335 1936 1362 1960 et
1378 1933 1515 1969 gaudent.
1533 1934 1643 1968 Quibus
1663 1944 1747 1974 prae-

1004 1980 1094 2014 terea,
1110 1978 1247 2016 quamdiu
1263 1979 1289 2007 in
1307 1980 1455 2009 academia
1472 1982 1514 2010 vel
1528 1982 1678 2013 doctrinae
1698 1985 1742 2013 vel

1004 2025 1159 2055 ministerii
1183 2029 1269 2056 causa
1301 2033 1472 2065 versantur,
1497 2032 1744 2069 quemadmodum

1004 2074 1193 2103 ecclesiastici
1208 2075 1369 2114 Cervariae,
1387 2081 1415 2106 et
1433 2078 1486 2116 ipsi
1507 2089 1520 2107 a
1540 2080 1743 2119 vectigalibus,

1005 2132 1080 2161 (tuae
1103 2124 1181 2153 cives
1210 2125 1392 2162 magistratui
1427 2131 1476 2155 aut
1509 2128 1618 2158 civitati
1642 2129 1745 2159 Cerva-

1005 2171 1094 2200 riensi
1120 2173 1310 2211 persolvunt,
1335 2176 1481 2205 immunes
1503 2181 1600 2206 erunt.
1627 2178 1747 2208 Verum-

1006 2225 1102 2250 tamen
1127 2222 1203 2251 cirra
1229 2223 1339 2260 vinum,
1363 2224 1457 2253 oleum
1481 2230 1635 2264 ceteraque
1657 2227 1691 2256 ad
1707 2228 1748 2257 vi-

1005 2274 1083 2298 ctum
1114 2275 1141 2299 et
1168 2280 1313 2300 annonam
1349 2273 1524 2311 pertinentia
1559 2275 1742 2311 coeineuda,

1005 2318 1105 2347 eadem
1130 2319 1211 2356 lege,
1235 2330 1290 2358 qua
1314 2322 1421 2359 ceteri,
1446 2321 1635 2360 obligentur,
1659 2324 1743 2353 dum-

1004 2367 1089 2396 modo
1114 2368 1141 2396 in
1171 2368 1250 2397 hisce
1273 2370 1372 2398 eodem
1396 2371 1482 2399 etiam
1517 2381 1573 2410 qno
1604 2372 1743 2401 ecclesia-

1003 2417 1067 2447 stici
1092 2417 1155 2446 inre
1178 2422 1364 2447 censeantur.

1003 2492 1065 2522 ΤΠ,
1082 2493 1137 2522 llll.
1151 2511 1182 2514 ——
1196 2494 1232 2522 lle
1246 2494 1395 2523 redditibus
1408 2496 1573 2533 academiae,
1589 2497 1744 2527 ratiociniis

1165 2548 1188 2571 «l
1211 2543 1458 2573 mlminisnationis
1479 2546 1579 2582 somna.

1043 2614 1151 2643 Omnes
1174 2614 1303 2643 redditus
1319 2619 1346 2644 et
1363 2619 1531 2653 proventus,
1559 2617 1644 2654 bona,
1672 2627 1742 2647 cen-
1757 2624 1778 2644 ¹2·
1792 2624 1939 2645 *domomum
