2182 3137
217 255 266 280 An.
286 255 316 280 c.
339 253 407 280 1733
452 245 516 278 476

411 303 559 343 desierat,
577 303 645 336 vice
671 314 707 336 ae
726 304 798 336 loco
820 304 1035 346 leprosorum,
1054 302 1150 344 egeni

410 355 550 398 primum
576 361 608 388 et
633 356 751 389 infirmi
774 367 870 389 senes
891 356 966 389 illuc
987 355 1149 388 introduci

410 415 595 452 coeperant,
614 421 650 443 ae
669 410 795 443 demum
823 409 998 452 postremis
1026 414 1148 452 tempo-

410 462 496 495 ribus
514 463 680 506 utriusque
706 473 800 495 sexus
826 468 923 505 atque
948 462 1088 495 cuiusvis
1104 472 1153 495 ae-

413 516 483 548 tatis
508 526 669 558 pauperes
703 516 833 548 invalidi
872 516 972 558 ipsius
997 516 1152 549 Placenti-

411 579 470 601 nae
505 569 642 601 civitatis
669 574 700 601 et
725 569 884 601 dioecesis
917 569 1038 612 passim
1065 579 1151 602 rece-

411 628 600 665 ptarentur·‚
626 622 767 661 adeout,
795 623 852 654 etsi
879 623 963 655 idem
992 622 1150 665 hospitale

414 675 588 718 aliquando
615 686 679 708 non
705 676 866 709 modicum
893 676 1040 709 utilitatis
1060 681 1088 708 et
1108 677 1152 708 le-

410 729 547 761 vamenti
567 729 737 768 attulisset,
754 739 928 771 progressu
947 735 1052 761 tamen
1072 734 1151 761 tem-

411 781 498 824 poris
524 792 559 813 ex
587 781 770 814 diversitate
797 793 892 814 sexus
911 787 942 814 et
967 781 1078 814 aetatis
1097 782 1150 814 liu-

411 835 551 868 iusmodi
579 846 643 868 non
670 836 754 868 levia
779 836 982 868 incommoda
1008 841 1079 868 orta
1104 845 1152 867 es-

257 899 270 916 Α
294 893 502 927 cardflna¹=sent3
530 888 599 931 ipse
621 899 696 921 vero
721 888 820 921 lulius
845 888 1028 926 cardinalis,
1047 887 1100 930 qui
1119 887 1150 919 in

216 923 447 975 {‡‡¹0'}‡..55¹1¹u¹'„‘}‘⁰¹.'.'305
487 941 615 974 civitate
651 942 774 974 illisve'
812 942 957 984 partibus
992 946 1084 974 ortus
1122 946 1152 972 et

216 977 271 1049 {HJ-[1¹1
293 976 397 1027 ¹¹¹e„{,‘1.¹,'§2
412 995 566 1027 educatus
599 1001 687 1033 erat,
714 1006 750 1027 ac
781 995 943 1037 hospitale
969 995 1149 1037 praelatum

250 1044 255 1048 ”
412 1048 444 1080 in
469 1048 640 1080 meliorem
666 1053 697 1080 et
721 1048 819 1089 longe
844 1048 1007 1080 utiliorem
1034 1052 1150 1079 statum

412 1102 450 1134 ad
479 1101 531 1133 Dei
557 1101 694 1143 gloriam
731 1101 963 1144 publicumque
988 1100 1151 1133 Ecclesiae

412 1154 533 1186 bonum
560 1159 624 1186 tum
652 1154 796 1186 eiusdem
823 1153 994 1196 hospitalis
1015 1162 1152 1196 proven-

411 1207 496 1239 tibus
522 1213 589 1239 tum
613 1218 686 1240 aere
709 1218 765 1240 suo
783 1213 980 1245 convertere,
1000 1206 1153 1249 priscam-

410 1272 471 1304 que
497 1261 529 1293 iu
554 1262 665 1293 altaris
692 1261 845 1293 ministris
871 1260 1096 1302 disciplinam,
1123 1263 1154 1291 et

410 1325 520 1347 mores
540 1325 599 1357 pro
616 1314 783 1356 dignitate,
802 1319 958 1356 quantum
977 1313 1007 1344 in
1023 1323 1056 1345 se
1075 1319 1151 1351 erat,

410 1368 442 1400 in
461 1368 564 1411 patria
589 1369 646 1399 sua
672 1378 822 1410 reparare
848 1372 944 1410 atque
970 1367 1152 1399 instaurare

411 1421 470 1454 sibi
498 1426 723 1464 proposuerat,
745 1431 780 1453 ex
807 1421 891 1453 dicto
913 1420 1065 1463 hospitali
1094 1421 1154 1452 col-

411 1475 530 1517 legium
555 1485 616 1517 pro
634 1474 761 1506 clericis
783 1474 1003 1507 saecularibus
1028 1473 1154 1505 uuiver-

411 1540 464 1561 sae
491 1528 650 1561 dioecesis
669 1528 845 1570 praefatae,
862 1527 915 1570 qui
935 1526 1153 1570 spiritualibus

412 1581 572 1614 exercitiis
613 1592 727 1613 vacare
764 1581 929 1613 debebant
965 1580 1152 1623 priusquam

412 1635 450 1667 ad
477 1644 585 1667 sacros
611 1634 742 1667 ordines
767 1639 1054 1677 promoverentur,
1085 1633 1155 1675 qui-

412 1699 474 1731 que
500 1693 574 1721 ante
604 1689 764 1730 completa
801 1687 981 1719 litterarum
1007 1687 1111 1718 studia
1136 1697 1152 1718 e

380 1783 381 1786 ¹
413 1741 586 1774 seminario
613 1741 834 1774 ecclesiastico
852 1740 1040 1772 Placentino
1061 1750 1154 1782 egre-

413 1796 606 1834 diebantur,
644 1805 773 1827 necnon
810 1805 868 1836 pro
906 1794 976 1826 aliis
1014 1793 1153 1825 alumnis

413 1859 470 1881 seu
507 1847 746 1880 convictoribus
783 1852 845 1879 tam
882 1846 958 1879 dicti
987 1846 1152 1878 seminarii

413 1912 509 1944 quam
528 1901 625 1933 totius
646 1900 804 1933 dioecesis
824 1900 937 1932 studiis
963 1900 1154 1932 eeclesiasti-

414 1955 458 1987 cis
483 1954 650 1997 sacrisque
675 1953 790 1985 ritibus
816 1953 937 1985 ibidem
958 1952 1152 1991 imbuendis,

415 2018 621 2051 summopere
649 2006 872 2039 desiderabat:

222 2064 402 2117 quibssgyerssggffi
459 2062 473 2104 ἓ
498 2061 529 2093 ⁶2.
552 2062 626 2100 Nos,
652 2060 742 2103 pium
763 2070 799 2092 ac
823 2059 985 2092 laudabile
1011 2059 1153 2091 eiusdem

221 2117 403 2168 dss‘ffi'ffiss'¹¹³fflss{}
414 2114 484 2147 Iulii
510 2113 682 2145 cardinalis
708 2113 910 2156 propositum
929 2112 1104 2155 plurimum
1122 2112 1153 2144 in

221 2150 552 2222 {iffisflmffijgsffi3·ffDoniino
588 2166 854 2199 commendantes
872 2193 879 2206 ‚
905 2170 993 2197 motu
1019 2164 1154 2208 proprio

221 2231 258 2245 0²⁰
274 2225 364 2244 uame.
415 2231 451 2252 ac
470 2231 505 2253 ex
531 2221 619 2251 certa
643 2219 779 2251 scientia
804 2218 936 2258 nostris,
957 2218 1063 2261 deque
1083 2228 1156 2261 apo·

415 2274 549 2306 stolieae
575 2272 743 2316 potestatis
761 2272 976 2314 plenitudine,
996 2282 1106 2304 omnes
1126 2277 1156 2303 et

416 2327 558 2368 singulas
590 2336 749 2369 personas
786 2336 868 2367 quae
899 2330 974 2357 tune
1005 2324 1037 2356 in
1071 2326 1155 2357 dicto

416 2379 574 2422 hospitali
601 2379 852 2421 reperiebantur
870 2378 1047 2420 (assignata
1065 2378 1155 2420 prius

416 2433 593 2475 unicuique
620 2443 728 2464 earum
755 2434 861 2463 annua
879 2431 1098 2473 praestatione
1116 2432 1155 2464 ad

416 2486 465 2518 sui
490 2487 588 2518 vitam
626 2486 800 2524 duratura,
826 2495 863 2516 ae
888 2484 926 2516 de
952 2484 1098 2516 semestri
1125 2484 1156 2516 in

417 2543 574 2571 semestre
589 2538 763 2580 anticipatc
781 2537 1006 2580 persolvenda,
1026 2543 1155 2569 centum

417 2591 652 2634 quinquaginta
678 2591 832 2623 librarum
859 2596 1008 2623 monetae
1030 2590 1158 2633 placen-

454 2655 464 2680 t
488 2653 558 2680 Edit.
579 2653 658 2680 Main.
681 2652 744 2688 legit
764 2653 877 2680 illiusve
897 2655 935 2686 (R.
952 2653 1001 2685 Τ.).

992 254 1173 278 BULLARIUM
1198 254 1353 278 ROMANUM

1196 303 1306 346 tinae),
1327 314 1456 336 necnon
1474 304 1639 337 ministros
1657 304 1806 346 (retentis
1824 310 1934 337 tamen

1195 366 1230 388 ex
1259 356 1319 395 iis,
1346 367 1427 399 quos
1452 356 1522 399 ipse
1547 357 1645 390 Iulius
1670 357 1845 389 cardinalis
1869 367 1935 390 ser-

1195 408 1280 441 vitiis
1300 408 1376 441 dicti
1402 409 1531 451 collegii
1548 415 1641 452 aptos
1657 415 1688 442 et
1704 409 1839 442 idoneos
1860 419 1935 442 cen-

1194 463 1309 504 seret),
1328 467 1424 505 atque
1450 462 1544 494 etiarn
1577 468 1734 495 rectorem
1761 462 1932 505 hospitalis

1196 515 1401 555 huiusmodi,
1427 515 1476 547 cui
1513 526 1589 548 eura
1622 515 1803 547 animarum
1828 516 1932 548 eidem

1196 568 1349 611 hospitali
1371 579 1497 601 annexa
1516 568 1726 601 incumbebat
1743 569 1871 611 (postea
1890 574 1935 601 ta-

1194 631 1267 653 men
1293 632 1386 664 quam
1413 622 1498 654 dicto
1519 622 1634 654 rectori
1661 622 1700 654 de
1725 622 1835 665 aliquo
1860 632 1935 665 per-

1195 679 1292 716 petuo
1308 674 1469 707 beneficio
1489 675 1707 708 ecclesiastico
1724 676 1763 708 ad
1781 676 1828 708 sui
1843 677 1935 708 subs-

1196 727 1405 759 tentationem
1442 728 1611 760 sufficienti
1648 728 1834 771 provisum,
1871 740 1931 761 an-

1195 790 1297 813 nuave
1321 781 1435 813 similis
1468 781 1585 824 pensio
1617 781 1834 814 ecclesiastica
1858 792 1936 825 apo-

1196 834 1310 867 stolica
1335 835 1525 867 auctoritate
1562 840 1748 874 reservata,
1774 845 1829 867 seu
1855 835 1935 868 alias

1195 897 1338 929 congrua
1362 889 1469 930 portio
1493 888 1699 921 alimentaria
1724 887 1857 921 arbitrIO
1882 899 1934 921 ve-

1195 940 1352 973 nerabilis
1378 941 1482 974 fratris
1500 942 1645 984 episcopi
1666 941 1842 974 Placentini
1866 942 1933 974 sive

1197 993 1305 1025 dilecti
1343 994 1400 1026 filii
1437 995 1505 1027 eius
1542 995 1650 1027 vicarii
1687 995 1719 1026 in
1759 994 1934 1037 spirituali-

1196 1047 1256 1078 bus
1281 1047 1440 1089 generalis
1467 1048 1612 1087 taxanda,
1638 1048 1813 1080 constituta
1838 1048 1933 1090 soret)

1196 1100 1385 1140 amovimus‘,
1404 1100 1574 1143 ipsumque
1593 1101 1767 1143 hospitale,
1781 1103 1844 1133 una
1861 1111 1934 1133 eum

1197 1153 1346 1185 omnibus
1375 1153 1531 1186 oneribus
1563 1159 1595 1186 et
1626 1153 1878 1196 obligationibus
1905 1155 1933 1187 ei

1197 1206 1446 1248 quomodolibet
1475 1206 1649 1246 iniunctis,
1679 1207 1836 1250 perpetuo
1860 1217 1935 1250 snp-

1197 1259 1374 1301 pressimus
1401 1264 1432 1291 et
1463 1259 1678 1292 extinximus:
1705 1270 1762 1300 ac,
1793 1260 1825 1292 in
1857 1259 1933 1292 dieti

1198 1312 1368 1355 hospitalis
1383 1312 1427 1344 sie
1445 1313 1610 1356 suppressi
1625 1318 1657 1345 et
1670 1313 1797 1345 extincti
1815 1314 1934 1353 locum,

1197 1366 1355 1409 perpetuo
1377 1366 1487 1399 itidem
1506 1366 1664 1399 ereximus
1683 1377 1719 1398 ac
1737 1366 1934 1400 instituimus

1197 1430 1294 1451 unum
1321 1419 1494 1461 collegium
1519 1420 1578 1451 sub
1611 1420 1726 1452 eodem
1759 1420 1852 1452 titulo
1877 1430 1935 1452 seu

1198 1472 1462 1505 denominatione
1499 1472 1530 1505 S.
1557 1473 1687 1511 Lazari,
1712 1485 1729 1505 a
1755 1478 1934 1506 memorato

1197 1526 1278 1559 Iulio
1304 1526 1472 1565 cardinali,
1500 1527 1634 1569 eiusque
1660 1526 1692 1558 in
1719 1526 1878 1569 regimine
1903 1531 1935 1559 et

1196 1579 1476 1612 administratione
1521 1578 1705 1612 huiusmodi
1742 1579 1936 1612 successori-

1196 1635 1268 1673 bus,
1296 1633 1473 1674 regendum
1499 1638 1530 1666 et
1567 1633 1813 1675 gubernandum
1838 1633 1934 1666 etiam

1197 1697 1254 1729 per
1280 1687 1446 1719 ministros
1472 1692 1503 1718 et
1528 1686 1684 1719 officiales
1709 1686 1770 1718 sibi
1803 1686 1935 1719 benevi-

1196 1750 1248 1772 sos
1273 1750 1309 1771 ac
1327 1750 1425 1771 unum
1444 1745 1603 1772 rectorem
1622 1740 1846 1782 presbyterum
1870 1750 1936 1773 sae-

1197 1794 1348 1831 cularem,
1369 1803 1480 1825 eorum
1501 1799 1580 1825 nutu
1604 1799 1635 1826 et.
1655 1794 1788 1826 arbitrio
1805 1804 1935 1837 semper

1197 1852 1228 1880 et
1252 1847 1525 1890 quandocumque
1542 1847 1756 1887 amovibilem,
1776 1847 1873 1880 etiam
1895 1847 1935 1880 ad

1197 1911 1305 1933 curam
1331 1900 1506 1933 animarum
1537 1901 1749 1934 exercendam
1781 1901 1936 1943 deputan-

1197 1954 1282 1992 dum.
1309 1954 1348 1986 de
1373 1953 1496 1995 gremio
1522 1958 1629 1986 tamen
1653 1953 1755 1996 ipsius
1780 1953 1933 1996 collegii,

1197 2012 1272 2050 post
1293 2007 1537 2049 deputationem
1555 2006 1650 2049 primi
1669 2007 1813 2046 rectoris,
1835 2007 1874 2040 ad
1892 2007 1937 2039 in-

1197 2066 1262 2092 star
1288 2060 1549 2092 nominationum
1575 2071 1657 2103 quae
1689 2071 1706 2093 a
1728 2060 1935 2103 regularibus

1197 2114 1234 2145 ad
1262 2124 1369 2145 euram
1396 2113 1573 2146 animarum
1599 2113 1782 2146 obeundam
1811 2115 1842 2146 in
1871 2115 1935 2147 suis

1198 2166 1344 2200 eeclesiis
1377 2165 1446 2198 sieri
1483 2168 1618 2205 solent,
1646 2172 1677 2199 et
1701 2167 1739 2199 ab
1764 2166 1934 2200 Ordinario

1198 2220 1258 2252 loci
1285 2220 1324 2252 ad
1355 2220 1501 2252 eamdem
1537 2230 1646 2252 curam
1682 2219 1859 2252 animarum
1884 2231 1936 2263 ap-

1199 2272 1420 2315 probandum:
1446 2272 1477 2304 in
1499 2283 1562 2315 quo
1587 2272 1725 2313 collegio
1751 2273 1936 2315 reciperen-

1200 2332 1250 2358 tur
1274 2326 1391 2358 nedum
1417 2325 1526 2358 elerici
1560 2327 1739 2358 saeculares
1764 2326 1933 2359 universae

1193 2373 1358 2411 ¹dloecesis
1392 2378 1576 2421 praedictae
1601 2378 1640 2410 ad
1670 2389 1776 2410 sacros
1802 2379 1933 2411 ordines

1199 2432 1420 2476 promovendi,
1437 2432 1476 2464 ad
1493 2433 1552 2464 hoc
1566 2438 1600 2463 ut
1616 2431 1693 2464 inibi
1710 2432 1860 2464 exercitia
1873 2432 1935 2475 spi-

1199 2485 1327 2518 ritualia
1352 2490 1547 2528 peragerent
1574 2492 1747 2528 antequam
1772 2486 1811 2517 ad
1832 2485 1934 2518 dictos

1200 2538 1330 2571 ordines
1366 2544 1637 2580 promoverentur
1650 2565 1657 2577 ,
1690 2537 1802 2570 solutis
1829 2543 1932 2571 tamen

1199 2601 1258 2634 per
1276 2602 1332 2623 eos
1353 2591 1503 2634 congruis
1527 2591 1688 2624 alimentis
1705 2601 1765 2634 pro
1783 2591 1935 2634 qualitate

1201 2649 1232 2677 et
1248 2643 1436 2677 conditione
1454 2649 1633 2686 temporum
1651 2643 1933 2686 praeseribendis3

1946 259 1994 282 An.
2011 256 2039 283 C.
2060 256 2129 284 1733
