2182 3137
180 168 231 193 An.
253 165 369 193 (1.1·,30
415 156 479 189 1216

217 421 246 441 Do
269 424 361 446 ternpore

182 447 305 468 lectionum.

206 1348 282 1367 Cursus
298 1347 366 1372 philo-

185 1375 262 1400 phtcus
272 1373 364 1399 quolibet

190 1400 366 1421 consummandus

184 1432 245 1447 anno⁴

213 2270 322 2294 Quomodo
338 2275 373 2290 ca-

191 2298 272 2317 thedris
306 2297 374 2316 lectu·-

190 2325 263 2349 risque
286 2325 307 2343 et
327 2329 372 2349 qni-

190 2351 229 2370 bus
252 2350 278 2370 de
302 2356 372 2369 inona-

192 2377 238 2396 chis
262 2376 373 2403 providen-

191 2404 250 2424 duui-

948 162 1130 186 BULLARIUM

372 213 528 243 defendere
545 236 553 249 ,
585 210 771 242 subscribere
799 214 849 241 aut
878 210 951 250 typis
974 210 1114 240 mandare

372 261 596 298 conclusiones,
629 268 704 299 quae
744 259 838 289 dictae
875 259 1024 289 doctrinae
1054 268 1113 288 non

372 310 430 339 sint
448 309 611 338 conformes
633 307 732 346 aliquo
754 307 839 337 modo
862 306 998 345 audeant,
1015 307 1113 337 aliasa

373 361 453 397 patre
474 356 604 395 generali
627 356 799 395 puniantur.

416 406 445 435 111
462 405 547 435 dictis
563 405 694 443 collegiis
710 405 842 444 (excepto
858 404 980 442 collegio
996 404 1027 434 S.
1045 404 1115 435 Lau-

373 454 460 484 rentii
483 453 615 492 regalis)
639 453 761 492 incipiat
785 462 888 483 cursus
910 458 938 483 et
966 453 1076 483 lectura
1099 463 1114 483 a

373 502 418 532 die
439 501 607 532 immediate
639 502 773 541 sequenti
802 502 908 532 festum
937 504 966 531 S.
999 501 1113 541 Lucae,

374 551 605 589 terminaturque
621 550 650 580 in
675 551 843 580 immediate
866 551 1050 589 praecedenti
1066 551 1116 581 do-

373 600 510 630 minicam
534 599 731 629 Pentecostes.
750 599 792 629 Ab
808 599 862 629 hac
877 609 946 629 vero
962 599 1008 629 die
1024 609 1115 638 usque

373 648 407 678 ad
429 648 534 677 festum
561 647 590 677 S.
613 647 762 677 Laurentii
784 647 927 686 quotidie,
952 647 1061 677 festivis
1087 652 1116 678 et

374 696 484 726 feriatis
507 695 610 725 diebus
632 696 772 735 exceptis,
790 696 825 725 ab
842 697 914 726 hora.
930 697 1007 726 nona.
1025 705 1117 735 usque

373 744 408 774 ad
431 745 572 774 decimam
597 745 772 774 matutinam
794 745 961 783 collegiales
984 745 1017 774 ad
1041 744 1118 774 invi-

374 803 436 823 cem
459 794 487 823 in
511 794 693 832 argumentis
709 799 737 824 et
760 794 935 833 repetitione
957 794 1117 824 lectionum

373 852 404 872 se
419 846 590 879 exerceant,
607 847 636 872 et
658 852 671 872 a
696 843 775 873 dictat
795 843 868 872 horit
891 843 1003 872 decima
1025 852 1118 882 usque

374 891 408 921 ad
431 891 616 921 undecimam
649 892 861 921 conferentiam
895 892 1038 928 habeant3
1071 891 1118 921 cui

374 944 471 979 patres
485 940 608 970 lectores
622 940 795 978 theologiae,
814 940 937 979 quilibet
953 940 981 969 in
999 940 1119 979 propria
1139 958 1140 968 1

374 989 515 1027 materia,
540 988 713 1018 alternative
747 989 915 1027 praesidere
939 993 1116 1024 teneantur3

375 1037 576 1076 philosophiae
596 1047 664 1067 vero
680 1037 806 1067 lectores
824 1038 960 1067 similiter
976 1046 1041 1067 cum
1058 1037 1119 1066 suis

374 1087 576 1125 unusquisque
598 1086 763 1124 discipulis.
787 1086 836 1116 Sin
860 1096 929 1115 vero
957 1095 990 1115 ex
1020 1086 1119 1124 aliqua

374 1135 453 1164 iusta
485 1136 574 1163 causa.
606 1134 771 1164 huiusmodi
804 1134 941 1164 exercitia
969 1134 1003 1164 de
1035 1144 1119 1164 mane

376 1183 483 1213 habere
505 1193 562 1214 non
587 1184 723 1223 possint,
753 1193 874 1223 vespere
909 1193 1048 1222 peragere
1078 1188 1120 1213 te-

376 1236 500 1262 neantur
532 1232 606 1261 hora
637 1232 816 1270 assignanda
837 1242 852 1262 a
876 1237 959 1272 patre
988 1233 1118 1269 lectore,

377 1282 426 1320 qni
450 1281 616 1320 praesidere
639 1285 764 1311 tenetur.

417 1331 482 1360 Dies
505 1330 632 1367 feriales,
655 1330 730 1360 sicut
752 1335 781 1360 et
803 1331 968 1360 vacationes
984 1330 1019 1359 ab
1036 1339 1120 1360 exer-

377 1378 454 1409 citiis
477 1379 650 1417 litterariis,
675 1389 688 1408 a
722 1379 768 1409 die
790 1379 819 1409 S.
844 1379 994 1409 Laurentii
1027 1388 1119 1419 usque

376 1428 410 1457 ad
434 1428 539 1457 festum
563 1427 592 1457 S.
617 1427 722 1466 Lucae,
757 1428 787 1458 in
815 1427 909 1457 Natali
942 1427 1057 1457 Domini
1091 1432 1119 1457 et

377 1476 618 1514 bacchanalibus,
641 1477 722 1506 iuxta
748 1477 981 1516 uniuscuiusque
1004 1476 1119 1514 collegii
1139 1467 1141 1494 ¹¹

377 1525 619 1563 constitutiones,
643 1525 845 1562 collegialibus
869 1525 1081 1555 concedantur.
1139 1546 1141 1558 ,

417 1573 450 1603 111
471 1577 572 1603 nostro
595 1573 718 1611 collegio
740 1573 883 1603 Abulensi
916 1574 1031 1611 legatur
1053 1583 1120 1603 cur-

378 1631 427 1651 sus
450 1621 557 1651 artium
582 1622 733 1651 dumtaxat
757 1631 808 1661 per
831 1622 1014 1659 triennium,
1038 1626 1066 1651 et
1089 1622 1117 1651 in

379 1671 442 1709 ipso
464 1671 592 1701 existant
615 1676 642 1701 et
664 1677 876 1701 conserventur
909 1676 967 1701 tres
991 1672 1119 1711 philoso-
1140 1679 1141 1690 ¹

379 1719 464 1758 phiae
487 1720 628 1757 lectores3
654 1721 727 1750 itaut
760 1721 884 1758 singulis
906 1721 992 1750 alniis
1014 1730 1119 1750 cursus

379 1768 599 1808 philosophicus
621 1769 744 1807 incipiat
767 1774 794 1798 ct
821 1770 1009 1804 terminetur,
1034 1773 1119 1808 atque

379 1817 559 1855 collegialeS,
585 1817 634 1856 qui
657 1827 774 1847 cursum
798 1818 966 1847 huiusmodi
990 1817 1119 1847 trienna-

380 1866 434 1895 lem
460 1866 643 1905 peregerint,
668 1867 702 1895 ad
726 1867 881 1904 collegium
904 1867 1119 1896 Salmantinum

380 1914 553 1952 theologiam
573 1914 701 1944 audituri
718 1919 933 1954 pertranseant,¹
951 1915 1063 1944 Pariter
1082 1916 1120 1944 lo-

380 1967 443 1992 ctor
466 1962 628 2000 theologiae
652 1963 681 1992 in
705 1963 828 2001 collegio
850 1963 1013 2001 Seguntino
1037 1973 1121 2003 supe·
1141 1976 1143 1986 1

380 2011 513 2041 radditns
536 2017 747 2048 conservetur,
777 2013 805 2041 in
836 2022 892 2051 quo
926 2012 1012 2042 etiam
1046 2023 1121 2042 unus

382 2060 490 2090 existat
523 2061 684 2090 monachus
708 2070 847 2100 passanS,
876 2065 903 2091 et
925 2061 982 2090 duo
1010 2061 1069 2091 sint
1092 2062 1120 2091 in
1142 2059 1143 2066 ³

383 2108 522 2138 Abulensi
545 2109 680 2147 collegio,
697 2109 803 2148 quibus
825 2109 940 2139 duobus
963 2109 1122 2140 lectoribus

383 2158 559 2187 monasteria
590 2158 781 2197 professionis
803 2158 837 2187 de
861 2158 1000 2188 vestiario
1022 2164 1050 2189 et
1072 2169 1123 2189 nc-
1142 2158 1144 2201 ζ

384 2206 521 2237 cessariis
540 2206 692 2245 providere
715 2211 880 2237 tencantur.
1142 2207 1145 2241 l

424 2255 467 2284 Ad
491 2255 617 2285 lecturas
640 2259 668 2285 et
690 2256 842 2285 cathedras
875 2259 1040 2285 nostrorum
1067 2256 1124 2285 col·
1143 2242 1145 2295 ἶ

384 2304 528 2342 legiorum
552 2304 746 2342 providendas
768 2304 841 2334 haec
863 2305 954 2334 forma
978 2309 1121 2344 servetur,
1143 2296 1145 2328 ἶ

385 2352 542 2382 videlicet:
574 2362 624 2391 per
655 2353 855 2392 oppositiones
889 2353 1121 2392 provideantur,
1143 2341 1145 2368 Ι

386 2410 458 2439 quae
482 2400 656 2439 praecedere
679 2400 805 2431 debeant
834 2405 892 2431 tam
922 2401 956 2431 ad
979 2401 1121 2432 lecturam

386 2453 414 2478 et
430 2449 596 2478 cathedram
614 2449 732 2486 artium,
750 2459 836 2488 quam
854 2449 889 2479 ad
914 2450 1069 2480 transitum
1087 2451 1122 2480 ad

387 2497 528 2526 lecturam
545 2502 572 2526 et
588 2498 756 2527 cathedram
779 2498 959 2536 theologiae3
984 2499 1034 2538 qui
1054 2508 1123 2529 vero

388 2545 557 2575 cathedram
580 2546 742 2584 theologiae
758 2546 816 2576 iam
833 2546 1032 2583 ascenderint,
1056 2547 1124 2578 ahs-

1156 162 1311 186 ROMANUM

1156 219 1213 249 que
1236 210 1371 241 ulteriori
1399 210 1583 251 oppositione
1605 210 1808 250 superioribus
1831 219 1896 249 gra-

1156 259 1243 288 datim
1269 259 1480 298 provideantur
1502 263 1530 289 et
1552 259 1708 297 gaudeant.

1197 307 1370 338 Huiusmodi
1392 308 1593 347 oppositiones
1617 308 1680 338 fieri
1702 308 1827 338 debeant
1849 317 1897 338 co-

1156 365 1219 385 ram
1247 361 1329 395 patre
1361 357 1511 395 generali,
1546 357 1654 397 quibus
1686 357 1743 386 duo
1774 357 1898 386 lectores

1157 404 1321 443 theologiae
1346 405 1389 435 vel
1411 406 1540 436 actuales
1570 406 1614 436 vel
1646 405 1772 444 iubilati,
1807 405 1842 435 ab
1865 415 1899 435 eo

1157 453 1346 492 designandi,
1364 455 1514 491 assistant,
1539 454 1589 494 qui
1607 454 1823 493 oppositoribus
1840 463 1900 483 ma-

1158 502 1261 532 teriam
1297 503 1332 532 ad
1361 503 1516 532 lectionem
1541 504 1576 533 de
1609 512 1690 533 more
1724 512 1898 542 praeparare

1158 554 1314 581 teneantur
1328 552 1381 581 hac
1394 552 1500 587 forma,
1518 552 1656 582 nimirum
1672 561 1678 581 ε
1697 552 1732 581 ad
1755 552 1898 582 lecturam

1158 600 1372 639 philosophiae,
1396 610 1430 630 ex
1453 601 1560 639 logica,
1584 601 1704 639 physica
1732 605 1782 630 aut
1811 605 1901 630 meta·

1159 649 1294 687 physica:
1319 649 1353 679 ad
1383 650 1524 679 lecturam
1558 659 1625 679 vero
1658 649 1832 687 theologiae,
1865 659 1899 679 ex

1159 697 1300 735 Magistro
1331 699 1556 728 sententiarum.
1589 698 1791 737 Oppositionis
1814 698 1900 728 lectio

1160 755 1212 784 per
1236 746 1338 775 horam
1361 747 1458 785 duret,
1483 751 1511 777 et
1528 756 1578 786 per
1603 747 1724 776 alteram
1747 755 1901 784 argumen-

1161 797 1260 823 tentur
1289 794 1345 824 duo
1368 805 1402 824 ex
1426 795 1655 834 oppositoribus,
1691 794 1815 834 quilibet
1849 804 1902 834 per

1160 842 1312 872 dimidiam
1337 844 1449 873 horam.
1473 845 1522 873 Sin
1547 854 1615 873 vero
1638 844 1820 883 oppositores
1842 853 1899 873 11011

1161 891 1255 921 adsint
1279 892 1306 921 in
1331 894 1509 931 competenti
1533 902 1667 929 numero,
1703 897 1784 932 pater
1812 901 1902 930 gene-

1161 940 1230 969 ralis
1253 950 1305 980 pro
1327 941 1372 970 sui
1396 941 1518 971 arbitrio
1542 946 1713 979 argumenta
1739 941 1899 980 provideat.

1162 987 1465 1028 Oppositionibusque
1495 990 1666 1028 completis,
1690 989 1838 1027 digniores
1866 990 1900 1019 ad

1162 1036 1316 1065 cathedras
1339 1037 1408 1074 eligi
1432 1036 1567 1066 debeant.

1202 1084 1258 1114 Pro
1280 1085 1423 1122 eligendis
1446 1086 1534 1114 etiam
1550 1085 1737 1115 actuantibus
1756 1086 1785 1115 in
1802 1090 1902 1116 nostro

1162 1133 1286 1171 collegio
1298 1133 1478 1163 Salmantino
1492 1138 1626 1164 servetur
1639 1134 1686 1164 hic
1701 1135 1783 1171 ordo,
1798 1144 1903 1174 nempe

1163 1187 1193 1212 ut
1226 1187 1324 1221 patres
1355 1183 1480 1212 lectores
1503 1188 1668 1222 proponant
1691 1183 1799 1213 rectori
1832 1184 1903 1214 dicti

1163 1231 1279 1269 collegii
1302 1236 1361 1261 tres
1385 1236 1434 1262 aut
1457 1236 1582 1271 quatuor
1604 1232 1791 1271 collegiales,
1815 1233 1849 1263 ad
1872 1242 1902 1263 a-

1163 1285 1227 1310 ctus
1251 1281 1366 1319 collegii
1390 1281 1531 1310 tenendos
1559 1280 1718 1310 habiliores
1740 1285 1768 1311 et
1790 1281 1905 1319 dignio-

1163 1338 1209 1358 res
1226 1352 1233 1365 ‚
1257 1339 1292 1358 ex
1314 1329 1421 1368 quibus
1445 1333 1526 1368 pater
1549 1333 1646 1359 rector
1669 1329 1834 1358 necessario
1856 1339 1904 1359 ac-

1163 1382 1280 1407 tuantes
1313 1379 1422 1416 eligere
1451 1378 1571 1408 debeat:
1606 1387 1658 1417 pro
1689 1378 1803 1407 actibus
1835 1387 1904 1408 vero

1164 1427 1289 1466 publicis
1311 1427 1341 1457 in
1364 1425 1557 1457 universita‘te
1580 1427 1713 1457 tenendis
1736 1428 1830 1457 dictus
1853 1437 1902 1466 pa-

1164 1480 1206 1505 ter
1228 1480 1325 1506 rector
1349 1479 1376 1505 et
1399 1476 1523 1506 lectores
1546 1476 1582 1505 ad
1609 1476 1782 1506 electionem
1804 1475 1904 1513 singu-

1163 1525 1257 1554 lorum
1281 1525 1461 1555 actuantium
1490 1525 1649 1564 procedant
1682 1534 1733 1564 per
1764 1524 1901 1563 suffragia

1162 1578 1292 1609 secretag
1316 1578 1344 1603 et
1366 1573 1416 1612 qui
1439 1574 1581 1603 maiorem
1613 1573 1820 1612 suffragiorum
1850 1584 1903 1604 nu—

1903 164 1955 188 Λιι.
1976 162 2005 187 c.
2025 161 2093 190 1730

1947 1094 1976 1113 De
1992 1093 2096 1114 electione

1914 1175 2015 1194 mantino-

1140 1648 1141 1654 ,
1163 1631 1275 1651 merum
1300 1621 1445 1659 obtineat,
1478 1622 1587 1651 electus
1611 1622 1639 1651 in
1669 1626 1832 1652 actuantern
1856 1623 1903 1652 111·-

1163 1671 1307 1707 010101111·;
1341 1671 1385 1700 sin
1424 1681 1492 1700 vero
1526 1671 1666 1709 praedicti
1699 1672 1841 1701 electores
1874 1672 1902 1701 in

1140 1734 1141 1755 3
1162 1720 1300 1758 aequales
1323 1724 1420 1758 partes
1442 1720 1630 1757 dividantur,
1653 1720 1824 1750 devolvatur
1847 1721 1905 1750 ele-

1140 1795 1141 1800 ,
1163 1769 1220 1798 ctio
1257 1768 1291 1797 ad
1329 1773 1439 1807 patrem
1476 1769 1643 1806 generalem
1660 1791 1667 1805 ‚
1702 1769 1751 1807 qui
1769 1791 1776 1805 ,
1811 1772 1904 1798 atten-

1164 1817 1200 1846 tis
1229 1816 1508 1854 informationibus,
1542 1817 1705 1846 secandum
1738 1817 1801 1847 eins
1833 1827 1902 1847 con-

1140 1897 1142 1907 *
1163 1865 1315 1894 scientiam
1350 1865 1509 1895 habiliores
1531 1870 1559 1895 et
1580 1865 1729 1903 digniores
1762 1865 1849 1903 eligat
1872 1866 1901 1895 111

1163 1917 1325 1943 actuantes.

1204 1962 1325 2001 lixpleto
1349 1966 1478 2000 tempore
1501 1961 1591 1991 studii
1613 1966 1641 1992 et
1664 1961 1791 2000 collegii,
1815 1962 1956 2013 cone'ns,

1165 2060 1268 2089 alienis
1290 2060 1458 2089 eximantur
1481 2069 1495 2088 a
1519 2059 1684 2097 110011111115,
1709 2059 1905 2098 omnibusque
1916 2045 2099 2090 Ῐιοῖιῗζὲωῃω

1166 2108 1250 2138 110115
1282 2107 1432 2138 canonicis
1464 2107 1596 2137 dicendis
1627 2112 1693 2137 ante
1727 2108 1903 2147 prandium,

1166 2157 1295 2196 exceptis
1321 2157 1409 2186 missa
1431 2160 1460 2185 et
1482 2157 1611 2195 vesperis
1633 2156 1824 2186 festivitatum
1847 2166 1906 2187 ma-

1166 2206 1261 2235 iorum
1284 2205 1313 2235 in
1333 2204 1572 2243 Quadragesima,
1593 2214 1643 2244 per
1665 2209 1725 2235 tres
1747 2214 1840 2235 annos
1862 2215 1905 2236 se-

1166 2259 1288 2294 quentes
1317 2263 1468 2292 egressum
1497 2263 1512 2282 a
1546 2254 1685 2292 collegio3
1719 2254 1794 2284 intra
1829 2255 1904 2294 quod

1167 2308 1297 2342 tempus,
1315 2303 1359 2332 vel
1382 2302 1484 2332 saltem
1507 2303 1581 2332 infra
1604 2312 1713 2332 annum
1737 2303 1906 2333 immediate

1166 2356 1357 2391 sequentem,
1382 2360 1480 2381 coram
1504 2351 1659 2381 Ordinario
1682 2351 1854 2381 dioecesano
1876 2361 1906 2382 se

1166 2410 1232 2431 00111
1255 2401 1300 2430 sui
1324 2401 1430 2439 prioris
1462 2400 1583 2430 licentia
1610 2405 1797 2439 praesentare
1819 2404 1848 2430 et
1869 2401 1904 2430 ad

1166 2449 1326 2479 audiendas
1348 2449 1546 2478 confessiones
1568 2448 1604 2478 ab
1626 2457 1660 2478 eo
1682 2448 1829 2478 licentiam
1854 2449 1905 2479 ob-

1166 2500 1260 2529 tinere
1284 2502 1457 2534 teneantur;
1480 2497 1557 2528 dicto
1582 2506 1649 2527 vero
1665 2502 1795 2536 tempore
1810 2501 1904 2528 trans-

1166 2551 1241 2584 acto,
1265 2546 1345 2576 nulla
1368 2546 1426 2575 alia
1448 2546 1594 2584 gaudeant
1616 2545 1823 2584 exemptione,
1848 2545 1904 2576 nisi

1914 1120 2045 1140 actuautium
2076 1120 2096 1141 in

1914 1146 2003 1170 collegio
2048 1147 2098 1168 Sal·
2134 1147 2147 1162 5¹

1949 1962 2100 2010 Exemptiong-s'

1142 2043 1143 2057 χ
1165 2011 1255 2048 giales
1278 2015 1335 2040 tam
1356 2011 1384 2040 in
1408 2011 1534 2049 propriis
1557 2011 1741 2040 monasteriis
1764 2020 1851 2050 quam
1873 1995 2015 2045 in1e¹np=i¹sm
2026 1992 2101 2042 ‹gas-¹
2143 2014 2153 2050 ζ
