2182 3137
204 164 256 188 An.
276 162 304 189 (J.
324 161 392 189 1730
437 153 479 185 84
977 160 1157 183 Βυιι,Αιιιωι

435 218 476 238 111.
506 210 589 239 l'ater
625 209 770 245 generalis
807 217 863 237 non
902 208 992 246 possit
1030 217 1137 246 ponere

396 257 594 296 praesidentes
630 256 657 285 in
695 255 882 285 monasteriis
918 255 1110 294 professionis
1128 279 1135 292 ,

396 305 482 334 etiam
506 303 675 333 vacantibus
699 302 887 341 prioratibus.

435 361 472 382 iv.
503 353 655 381 Formetur
688 351 764 380 liber
796 351 983 387 secretariae,
1017 351 1046 380 in
1080 360 1137 389 quo

396 399 561 429 scribantur
594 399 690 428 onmia
722 399 852 437 decreta,
887 399 1136 437 dispensationes,

203 443 500 494 iiiffi²1i1⁰f²⁰asisefiiiis⁰³¹¹ffl¹fl
533 452 561 477 et
595 447 818 477 iustificationes
850 448 979 484 illarum,
1004 451 1032 477 et
1055 451 1138 486 pater

203 498 319 519 ⁵³²¹0¹¹¹111¹›
335 497 375 515 ⁰¹⁰·
396 496 573 525 secretarius
589 495 734 532 generalis
750 499 886 524 teneatur
901 495 1012 524 dictum
1028 494 1136 524 librum

397 548 585 583 praesentare
607 552 704 573 coram
728 548 810 582 patre
832 543 963 581 generali
986 548 1014 573 et
1036 543 1139 573 delini-

397 592 471 621 torio
493 591 697 630 subsequenti,
722 596 753 621 ut
775 591 906 622 videatur
929 592 1074 622 rectitudo
1096 592 1139 622 di-

397 645 508 670 ctarum
532 640 810 679 dispensationum3
834 640 863 669 id
885 640 981 679 ipsum
1005 639 1140 670 observe-

398 694 445 719 tur
467 689 496 717 in
528 688 740 718 sententiarum
770 693 827 718 tam
851 698 865 718 a
889 689 1064 727 paternitate
1086 690 1140 719 sua

397 746 483 775 quam
507 745 522 765 a
546 736 749 766 visitatoribus
772 736 817 766 vel
840 736 988 766 iudicibus
1021 736 1139 767 Ordinis

397 784 527 822 legitime
547 785 797 823 promulgaturum
814 785 1086 823 dispensationibus
1102 784 1138 815 ab

397 832 460 871 ipso
484 837 566 871 patre
587 832 718 870 generali
748 833 908 862 concessis.

438 890 464 910 v.
489 882 574 910 Pater
596 881 743 919 generalis
766 882 879 911 nullum
897 882 988 921 possit
1009 882 1139 911 eximere

398 930 573 959 monachum
592 929 628 959 ab
645 929 815 959 obedientia
833 930 1003 960 immediate
1019 939 1137 960 suorum

398 978 541 1017 priorum,
559 987 613 1007 nec
629 987 643 1007 a
661 979 825 1017 praeceptis
847 983 875 1008 et
891 979 1036 1015 censuris,
1055 983 1140 1017 prout

397 1027 431 1056 de
450 1027 514 1056 iure
536 1030 563 1056 et
585 1027 693 1056 nostris
716 1027 985 1064 constitutionibus,
1009 1027 1045 1057 ab
1067 1027 1139 1066 ipsis

398 1074 458 1104 suis
482 1075 632 1104 monachis
651 1074 812 1114 impositiS,
837 1075 880 1105 vel
904 1075 934 1105 in
958 1076 1000 1105 eis
1022 1075 1140 1115 dispen-

398 1132 483 1159 sare,
508 1123 568 1152 sive
591 1123 620 1152 in
653 1123 698 1152 his
721 1133 795 1162 quae
819 1124 968 1162 pertinent
1000 1124 1035 1153 ad
1065 1124 1140 1154 rela-

398 1171 546 1201 xationem
568 1172 713 1209 regularis
736 1171 938 1202 observantiae
972 1176 1000 1202 ct
1029 1172 1139 1202 consti-

398 1219 543 1249 tutionum
560 1219 692 1255 Ordinis,
709 1220 772 1249 sine
788 1220 922 1258 legitima
935 1224 963 1250 et
980 1221 1058 1250 iusta
1072 1230 1140 1250 can-

398 1269 431 1296 sa
463 1277 558 1297 coram
591 1268 641 1297 illo
674 1267 834 1306 probanda,
865 1278 940 1307 quae
969 1272 1083 1298 constet
1104 1269 1139 1298 de

398 1316 553 1345 manifesto
576 1316 743 1354 gravamine
762 1321 812 1346 aut
834 1326 957 1346 excessu
985 1317 1139 1356 priorum;

398 1373 493 1403 neque
516 1365 625 1403 pariter
649 1365 742 1394 valeat
763 1365 799 1394 ad
824 1374 854 1394 se
884 1374 1007 1395 avocare
1038 1375 1140 1396 causas

398 1413 543 1442 dictorum
577 1414 798 1451 monachorum,
822 1414 853 1444 in
876 1414 972 1453 prima
999 1414 1142 1444 instantia

399 1472 413 1490 a
437 1462 498 1491 suis
520 1461 668 1500 prioribus
690 1462 727 1491 de
750 1463 814 1492 iure
837 1463 1066 1500 cognoscendas,
1084 1463 1141 1493 nisi

400 1511 430 1540 in
453 1510 545 1548 gradu
567 1520 705 1540 recursus
729 1515 778 1540 aut
800 1511 1006 1550 appellationis
1036 1522 1049 1541 a
1073 1511 1143 1541 dcti—

400 1558 489 1588 nitiva
514 1558 558 1587 vel
576 1558 799 1588 interlocutoria
821 1559 879 1588 vim
902 1559 1071 1589 definitivae
1094 1560 1143 1589 ha-

401 1606 497 1636 bente.
522 1606 553 1635 ln
576 1616 645 1636 casu
676 1616 744 1636 vero
777 1607 947 1637 manifestae
976 1608 1143 1638 omissionis

401 1658 429 1684 et
440 1654 638 1693 negligentiae
655 1655 784 1694 priorum
801 1655 830 1684 in
846 1656 943 1685 causis
955 1656 1141 1695 inchoandis,

402 1703 613 1742 prosequendis
646 1708 674 1733 et
705 1704 901 1741 deliniendis,
938 1714 1004 1734 cum
1037 1705 1142 1736 delicta

401 1751 511 1780 suerint
533 1751 661 1790 publica,
686 1751 781 1781 dictus
800 1756 883 1791 pater
898 1753 1046 1791 generalis
1065 1754 1144 1792 prio-

401 1808 462 1829 rem
483 1799 527 1828 vel
551 1799 663 1838 priores
686 1800 720 1829 de
743 1801 797 1829 sua
819 1801 977 1831 omissione
1000 1805 1028 1831 et
1051 1802 1142 1840 negli-

401 1848 499 1885 gentia
532 1857 656 1885 arguere
678 1848 803 1885 debeat,
830 1853 879 1885 et,
903 1854 1048 1889 qnatenus
1069 1860 1143 1889 opus

402 1895 450 1932 sit,
475 1896 650 1934 compellere
673 1897 774 1935 possit,
808 1901 839 1927 ut
864 1898 895 1927 in
927 1898 1014 1928 dictis
1046 1899 1143 1929 causis

403 1944 573 1982 procedant,
596 1943 669 1983 ipsis
691 1944 842 1982 designato
870 1947 996 1976 termino
1027 1956 1144 1986 compe-

403 1993 475 2021 tenti
499 1992 534 2021 ad
556 1992 676 2021 illarum
698 1992 923 2031 definitionem3
955 1994 1033 2024 intra
1056 2005 1142 2034 quem

402 2039 427 2069 si
448 2040 519 2070 dicti
542 2040 655 2079 priores
687 2041 869 2078 negligentes
901 2042 1026 2081 suerint,
1051 2044 1144 2081 possit

402 2088 438 2117 ad
459 2097 490 2117 se
512 2097 634 2118 avocare
657 2098 759 2118 causas
782 2090 1011 2129 praedictorum,
1028 2091 1064 2121 de
1085 2092 1144 2122 illis

402 2145 590 2174 cognoscere,
611 2145 718 2175 easque
740 2137 863 2167 desinire
879 2147 931 2177 per
952 2147 983 2168 se
1005 2143 1055 2168 aut
1076 2148 1143 2169 suos

401 2184 579 2223 visitatores,
603 2185 754 2224 dictosque
782 2186 896 2225 priores
918 2187 954 2216 de
976 2187 1143 2218 huiusmodi

400 2233 558 2264 omissione
580 2239 609 2264 ct
630 2235 811 2273 negligentia
833 2235 948 2274 punire.

223 2289 332 2319 Prioribus
346 2294 390 2309 mo-
439 2291 478 2312 Vl.
495 2282 581 2312 Pater
599 2283 746 2321 generalis
761 2283 887 2313 liberum
903 2284 1050 2325 relinquat
1065 2286 1143 2324 prio-

207 2317 481 2371 'giffe‘il'ff‘s‘sslla‘sslribus
503 2331 636 2369 regimen
666 2335 695 2361 et
723 2331 899 2369 gubernium
932 2342 1052 2362 suorum
1081 2343 1143 2363 mo-

207 2368 270 2419 Ξζῖἲέ
297 2373 390 2418 ἓέιξᾎῗ-,Ίῇ
402 2379 610 2417 nasteriorum,
630 2379 710 2419 quod
727 2380 762 2409 ad
782 2380 861 2419 ipsos
884 2381 1052 2411 immediate
1077 2391 1143 2421 spe-

207 2425 249 2440 ¹¹⁰¹¹
261 2420 390 2441 mmmmm·
402 2431 473 2463 ctat,
490 2431 637 2457 reservato
653 2431 750 2457 tamen
772 2428 803 2458 in
816 2428 952 2459 omnibus
967 2438 1089 2460 recursu
1104 2430 1140 2460 ad

403 2475 537 2505 eumdem
560 2479 673 2514 patrem
695 2476 875 2515 generalem,
892 2481 924 2507 ut
946 2477 1076 2507 decrevit
1096 2487 1142 2508 sa-

404 2532 452 2553 cra
476 2524 669 2562 Congregatio
685 2525 889 2564 episcoporum
911 2528 940 2555 et
961 2526 1141 2564 regularium

202 366 267 386 leer
295 366 387 389 secreta-¹

202 397 246 412 riae
276 391 385 411 enormen·

205 418 244 438 dus
267 423 304 443 pru
333 416 385 442 regi·

222 896 284 915 l'ater
297 900 387 919 genera-

206 922 230 941 lis
246 926 348 941 nemmem
361 921 386 940 ali

205 948 387 972 obedientiaprin-

204 980 247 994 rum
264 976 284 993 ct
304 973 387 998 regula-

205 1000 221 1020 ri
251 1000 386 1019 observantia

205 1028 268 1052 queat
289 1026 385 1046 eximere.

1183 160 1339 183 nonANrM

1181 216 1234 244 pro
1257 209 1435 238 monasterio
1457 208 1486 239 S.
1504 209 1729 240 Dartliolomaei.
1749 210 1852 249 Neque
1874 220 1923 250 pa-

1181 257 1224 282 ter
1246 255 1392 291 generalis
1416 265 1525 294 ponere
1540 261 1568 287 et
1584 266 1736 287 removere
1755 259 1844 297 possit
1860 258 1922 288 osti-

1181 300 1271 330 ciales
1293 302 1321 331 in
1347 304 1534 334 monasteriis
1567 305 1720 344 (exceptis
1748 305 1922 335 officialibus

1181 349 1210 378 in
1228 350 1364 380 domibus
1380 352 1499 391 novis).
1517 354 1615 388 Quoad
1633 363 1701 383 vero
1716 354 1921 391 remotionem,

1181 397 1245 427 sine
1269 399 1387 436 praevio
1419 400 1455 430 ad
1487 401 1570 431 illum
1603 411 1726 432 recursu
1759 407 1787 431 et
1819 411 1922 432 causae

1181 446 1360 485 cognitione,
1384 448 1490 478 auditis
1514 449 1657 488 partibus,
1682 450 1851 489 praecipere
1873 459 1923 480 ne-

1181 498 1268 532 queat
1305 495 1450 533 prioribus
1486 501 1518 526 ut
1549 497 1584 527 ab
1617 497 1721 540 officiis
1752 502 1923 527 removeant

1182 541 1337 579 vicarium,
1372 545 1545 582 magistrum
1578 546 1768 584 novitiorum,
1799 546 1923 576 lectores

1181 590 1361 629 Scripturae,
1381 597 1596 631 procuratores,
1615 594 1820 632 depositarios,
1838 594 1923 624 alios-

1182 647 1239 677 que
1261 639 1410 674 officiales,
1434 650 1449 670 a
1468 641 1555 671 dictis
1578 641 1725 680 prioribus
1747 642 1833 672 simul
1856 652 1921 672 cum

1182 686 1243 716 suis
1265 688 1401 726 capitulis
1430 689 1474 718 vel
1502 689 1646 728 deputatis
1676 691 1784 720 electos
1807 694 1835 719 et
1858 699 1923 729 pro-

1182 735 1282 771 visos3
1306 741 1451 775 quatenus
1484 747 1554 767 vero
1586 738 1641 776 ipsi
1677 739 1752 777 patri
1779 739 1921 776 generali,

1184 787 1215 812 ut
1247 792 1348 822 supra,
1382 785 1566 822 constiterit,
1599 786 1677 824 quod
1713 787 1740 816 in
1774 786 1922 825 aliquibus

1183 833 1370 862 monasteriis
1393 843 1450 863 non
1473 834 1584 864 suerint
1605 834 1702 864 debite
1730 839 1759 864 et
1791 835 1923 873 legitime

1183 880 1322 910 officiales
1347 882 1488 920 praedicti
1510 883 1607 919 electi,
1641 887 1691 912 aut
1722 883 1798 922 quod
1828 883 1922 914 officia

1183 928 1293 958 suerint
1328 930 1443 968 provisa
1477 931 1512 960 de
1544 931 1677 970 personis
1711 931 1842 969 indignis
1875 937 1925 962 aut

1183 978 1276 1007 malae
1299 978 1574 1016 administrationis,
1598 984 1668 1009 tunc
1690 980 1795 1019 poterit
1819 989 1923 1019 cogere

1183 1025 1297 1064 priores
1325 1029 1356 1056 ut
1385 1027 1517 1065 provisos
1538 1033 1707 1058 removeant
1739 1033 1768 1058 et
1795 1029 1831 1058 de
1860 1039 1925 1068 per-

1183 1074 1262 1103 sonis
1284 1074 1381 1112 dignis
1405 1075 1594 1113 provideant3
1629 1080 1657 1106 et
1684 1076 1708 1106 si
1732 1076 1843 1115 priores
1865 1087 1923 1108 non

1183 1123 1464 1162 obtemperaverint,
1488 1128 1587 1154 eontra
1611 1125 1676 1154 illos
1699 1125 1836 1164 procedat
1858 1135 1923 1156 cum

1183 1171 1320 1201 remediis
1343 1172 1410 1202 sacti
1434 1173 1477 1201 vel
1501 1172 1585 1202 iuris.
2154 1207 2156 1210 v

1223 1229 1272 1250 vn.
1299 1221 1384 1250 l‘ater
1406 1222 1553 1258 generalis
1576 1222 1706 1259 rigorose
1735 1223 1872 1260 procedat
1893 1223 1923 1252 in
1950 1231 2007 1252 ratri
2023 1231 2118 1257 generati

1928 166 1978 190 An.
2001 165 2031 191 C.
2049 164 2117 192 ¹730

1937 1257 2026 1278 facultas
2054 1257 2118 1278 deno-
2154 1268 2167 1277 ω

1183 1269 1389 1308 dispensandis
1411 1270 1556 1299 mandatis
1579 1275 1607 1300 et
1630 1270 1821 1309 poenitentiis
1843 1280 1857 1300 a
1880 1271 1922 1300 iu·
1936 1285 1997 1313 ,mur
2025 1283 2118 1313 aliq-uem

1183 1317 1299 1348 dicibus
1321 1317 1439 1348 Ordinis
1462 1318 1618 1357 impositis,
1647 1328 1683 1348 ne
1712 1319 1803 1349 nimia
1830 1310 2119 1361 indul-gffg’ffigffljma.
2155 1359 2158 1362 ι

1184 1366 1282 1404 gentia
1295 1366 1410 1396 occasio
1425 1366 1555 1396 iterandi
1570 1367 1671 1405 culpas
1684 1367 1805 1404 existat;
1823 1376 1924 1407 quare,
1935 1363 2016 1388 mim·

1184 1415 1209 1444 si
1231 1414 1328 1454 aliqua
1351 1415 1530 1454 dispensatio
1551 1415 1587 1444 ab
1615 1415 1679 1454 ipso
1707 1415 1796 1445 fuerit
1824 1425 1927 1446 conce·
1953 1413 1955 1415 ’

1185 1462 1291 1501 denda,
1317 1463 1398 1502 prius
1420 1472 1434 1492 a
1458 1462 1605 1492 iudicibus
1623 1463 1862 1493 informationem
1878 1473 1925 1493 ac-

1185 1510 1293 1550 cipiat,
1324 1515 1356 1541 nt
1385 1520 1521 1550 peream
1545 1520 1579 1540 ex
1612 1511 1683 1550 ipsis
1711 1511 1856 1549 intelligat
1889 1520 1926 1540 an

1184 1559 1352 1597 conveniat,
1377 1559 1422 1589 vel
1453 1569 1524 1598 non,
1557 1560 1643 1589 talem
1676 1560 1925 1598 dispensationem

1185 1612 1214 1637 et
1239 1608 1469 1638 misericordiam
1497 1608 1680 1638 concedere:
1714 1609 1788 1638 itaut
1810 1608 1926 1647 dispen-

1186 1657 1313 1686 sationes
1335 1665 1450 1695 semper
1472 1656 1508 1686 ab
1530 1657 1592 1695 ipso
1619 1657 1691 1686 fiant
1723 1666 1789 1687 cum
1821 1666 1925 1687 causae

1186 1704 1364 1743 cognitione.

1226 1762 1286 1783 vni.
1310 1754 1450 1791 Servato,
1472 1758 1504 1783 ut
1527 1762 1580 1792 par
1601 1758 1666 1791 est,
1693 1757 1793 1783 tenore
1816 1757 1926 1783 inotus-
1947 1765 2000 1795 imm
2016 1766 2037 1785 ot
2051 1764 2119 1794 illegi-

1187 1802 1298 1841 proprii
1320 1801 1452 1842 Gregorii
1474 1801 1546 1839 xlv,
1560 1801 1656 1831 dictus
1679 1805 1760 1840 pater
1781 1801 1927 1839 generalis
1937 1790 2120 1843 ss-‚fflssipfflfflm

1185 1859 1243 1879 non
1277 1850 1368 1889 possit
1398 1849 1570 1889 dispensare
1602 1858 1668 1879 cum
1698 1849 1861 1887 illegitimis
1891 1850 1926 1879 ad

1186 1897 1281 1927 officia
1315 1898 1432 1937 prioris,
1467 1897 1581 1935 vicarii,
1615 1897 1798 1936 aliarumque
1831 1898 1925 1927 nostri

1186 1946 1305 1977 Ordinis
1326 1947 1514 1985 dignitatum,
1538 1946 1595 1976 nisi
1629 1955 1695 1976 cum
1728 1946 1857 1984 generali
1880 1946 1925 1976 vel

1186 1995 1300 2034 privato
1322 1994 1449 2034 capitulo
1465 2019 1472 2033 ,
1496 1998 1619 2033 excepto
1642 1999 1740 2024 tamen
1762 1994 1786 2024 si
1812 1994 1926 2033 capitu-

1186 2044 1246 2072 lum
1267 2043 1405 2081 generale
1427 2043 1540 2082 aliquas
1558 2042 1756 2081 designaverit
1772 2051 1923 2081 personas,

1185 2093 1322 2122 facultate
1345 2092 1418 2131 ipsis
1440 2093 1579 2122 concessa
1597 2092 1632 2121 ad
1647 2091 1812 2121 faciendum
1832 2091 1923 2121 simul

1185 2150 1250 2171 cum
1266 2144 1349 2180 patre
1363 2140 1495 2179 generali
1510 2140 1647 2171 husmodi
1662 2140 1922 2179 dispensationem,

1186 2194 1217 2219 ut
1249 2189 1381 2218 indicto
1412 2189 1615 2228 motuproprio
1641 2188 1801 2225 statuitur;
1831 2189 1925 2219 decla-

1185 2237 1277 2266 rando
1301 2237 1433 2276 insuper,
1451 2236 1487 2266 ad
1509 2235 1669 2275 quamlibet
1690 2235 1862 2274 dignitatem
1885 2237 1925 2266 vi-

1184 2285 1279 2322 carii,
1312 2285 1443 2324 prioris,
1482 2284 1642 2314 visitatoris
1677 2288 1728 2314 aut
1762 2284 1925 2316 definitoris

1184 2341 1289 2363 novam
1311 2332 1423 2371 requiri
1443 2331 1589 2371 gradatim
1619 2331 1867 2372 dispensationem
1894 2334 1924 2364 in

1183 2382 1269 2412 dictis
1289 2382 1464 2420 illegitimis.

1222 2440 1263 2461 lx.
1287 2431 1373 2461 Pater
1395 2431 1542 2469 generalis
1564 2430 1673 2461 liberas
1694 2431 1813 2461 omnino
1835 2431 1926 2461 relin-
1937 2441 2120 2489 putmmffiasetgssg:
2164 2443 2182 2487 3

1183 2483 1253 2518 quat
1275 2479 1435 2509 electiones
1467 2483 1636 2509 nostrorum
1669 2478 1924 2516 monasteriorum,
1937 2495 1959 2516 d,
1975 2473 2097 2516 erectiones.

1183 2536 1279 2567 neque
1299 2527 1441 2567 impediat
1463 2536 1478 2557 a
1502 2527 1652 2558 vocalibus
1674 2527 1743 2566 eligi
1760 2527 1924 2567 quemlibet
