2182 3137
229 235 282 262 An.
298 235 328 262 G.
349 235 418 262 1732
463 227 528 259 392

253 1423 268 1442 Α
281 1421 358 1448 quibus
374 1422 400 1441 eti

228 1449 313 1474 gentius,

257 2395 414 2415 confirmandus

232 2428 243 2441 3
260 2423 358 2447 magistro
376 2422 413 2441 0¹-

232 2448 293 2469 dunis.

429 283 530 313 bentes
558 293 626 322 prae
656 283 765 321 oculis,
789 283 869 314 iuxta
899 283 1045 314 laudabile
1075 293 1162 324 supra

423 332 568 361 dictorum
593 332 789 371 praesentium
812 332 940 362 filiorum
962 333 1161 372 propositum,

421 380 506 410 illum
527 381 635 418 eligant
659 381 687 410 in
713 382 924 420 professorem,
942 390 1028 421 quem
1047 391 1163 421 perspe-

419 432 463 457 cta
488 438 602 458 morum
626 428 762 458 honestas
785 439 816 459 ac
839 430 1006 459 firmissima
1025 430 1162 459 adhaesio

419 476 570 506 doctrinae
593 479 623 507 S.
647 477 796 516 Thomae,
820 478 849 508 in
880 479 1019 508 exercitio
1049 488 1163 518 praece-

420 525 551 555 dentium
582 527 761 556 lecturarum
795 527 914 566 probata
935 552 942 564 ,
973 527 1160 567 spectabilem

419 575 536 604 saeculo
559 579 587 604 et
608 575 637 604 in
654 576 797 613 religione
813 586 845 606 ac
868 577 967 606 schola
990 576 1018 606 S.
1036 576 1162 605 'rhomae

419 628 448 654 et
470 626 572 654 nostra
594 625 854 655 commendabilem
879 626 1020 662 reddant,
1040 635 1097 665 quo
1112 625 1162 654 de-

420 674 481 703 cori
505 674 591 703 simul
615 679 643 704 et
666 675 757 714 quieti
781 676 825 705 sui
848 676 977 715 ipsorum
1000 678 1162 704 conventus

419 722 507 751 etiam
530 718 709 753 consulatur.
734 724 771 754 Ut
792 733 860 754 vero
883 725 990 754 bonum
1007 732 1161 753 commune

423 772 606 810 provinciae,
630 772 747 802 Ordinis
769 782 801 802 ac
823 774 910 802 etiarn
934 773 1075 802 ecclesiae
1100 780 1163 810 par—

422 819 537 850 ticulari
561 821 691 850 eiusdem
724 826 883 851 conventus
916 821 1060 858 condigne
1083 829 1162 859 prae-

422 869 515 898 ferant
535 892 542 905 ,
567 880 662 909 neque
685 871 748 900 sine
770 871 882 908 ingenti
907 870 1082 898 necessitate
1099 877 1163 908 per-

422 918 538 947 mittant
569 919 598 948 in
629 920 663 947 ea
691 919 883 948 universitate
907 921 937 948 S.
961 918 1088 947 Thomae
1116 926 1163 946 ca-

422 967 553 996 thedram
577 968 683 1004 silere,
708 967 899 1005 mandamus,
924 971 1089 1006 quatenus,
1113 965 1162 995 ubi

422 1015 544 1045 idoneus
566 1015 640 1045 desit
662 1020 822 1045 conventus
852 1016 944 1052 silius,
972 1024 1058 1054 quem
1088 1024 1164 1043 sem-

423 1073 473 1103 per
496 1064 719 1103 praeferendum
743 1073 805 1093 esse
828 1064 1011 1094 declaramus
1033 1068 1061 1093 et
1083 1064 1164 1093 volu-

424 1121 498 1149 mus,
518 1114 722 1152 professorem,
740 1113 826 1142 dictis
844 1123 877 1142 ac
899 1113 1029 1142 dicendis
1045 1112 1163 1142 dotibus

422 1162 541 1190 omnino
564 1161 739 1190 instructum
755 1185 762 1197 ,
785 1171 822 1191 ex
844 1161 957 1191 duobus
980 1162 1045 1191 aliis
1067 1162 1164 1191 Status

422 1210 596 1240 Mutinensis
618 1210 810 1240 conventibus
827 1234 833 1246 ,
859 1211 995 1249 Regieusi
1024 1211 1164 1240 nimirum

424 1268 456 1288 ac
479 1259 656 1297 Corrigiensi
679 1260 708 1289 in
733 1259 853 1298 primis,
881 1265 941 1289 tum
968 1270 1048 1295 vero,
1076 1261 1164 1289 etiam

422 1308 451 1337 in
476 1308 555 1337 hisce
588 1308 741 1337 deficiente
763 1309 866 1338 idoneo
894 1309 1022 1346 lectore,
1046 1313 1074 1338 et
1107 1318 1164 1338 non

421 1357 528 1395 aliter,
553 1367 587 1386 ex
609 1357 665 1386 alio
687 1357 817 1387 eiusdem
841 1358 1007 1397 provinciae
1020 1362 1165 1387 conventu

421 1410 581 1435 assumant.
606 1407 738 1435 Ceterum
755 1431 762 1443 ,
787 1407 853 1446 quia
877 1407 1018 1436 iudicium
1050 1407 1084 1436 de
1115 1406 1166 1436 eli-

421 1454 508 1491 gendi
531 1454 663 1484 doctrina
686 1455 720 1484 ad
743 1465 793 1484 eos
816 1455 999 1494 potissimum
1033 1456 1165 1485 noscitur

424 1503 588 1542 pertinere,
612 1503 682 1542 qui,
707 1508 826 1543 propter
858 1504 970 1534 habitas
1004 1504 1033 1534 in
1066 1504 1164 1534 schola

423 1553 452 1581 S.
477 1552 603 1581 Thomae
625 1553 850 1582 exercitationes
867 1575 874 1589 ,
898 1553 927 1582 in
950 1555 985 1582 eft
1013 1558 1165 1592 praestan-

424 1600 511 1629 tiores
533 1601 671 1630 censendi
693 1606 760 1631 sunt
777 1624 784 1638 ,
808 1602 923 1640 quoties
945 1602 1048 1631 saltem
1071 1603 1165 1631 maior

426 1658 491 1688 pars
515 1650 641 1679 [iliorum
664 1654 827 1680 conventus
849 1651 1056 1688 graduatorum
1073 1651 1102 1680 in
1119 1660 1165 1680 eo-

424 1698 488 1728 dem
513 1704 657 1728 conventu
681 1703 747 1728 actu
771 1709 827 1729 non
857 1700 1006 1734 existant,
1039 1700 1165 1738 gradua-

426 1751 520 1777 torum
543 1748 707 1778 absentium
730 1753 827 1777 votum
857 1758 908 1787 per
940 1749 1077 1787 epistolas
1111 1749 1163 1778 filii

425 1797 454 1826 iu
479 1802 624 1826 conventu
648 1797 806 1827 existentes
821 1798 982 1836 requirere,
999 1802 1162 1837 expectare,

428 1851 528 1885 atque,
553 1851 699 1884 tamquam
715 1847 738 1875 si
757 1846 797 1875 illi
814 1846 948 1876 electioni
972 1848 1162 1885 interessent,

427 1904 582 1924 numerare
606 1899 780 1931 teneantur,
803 1900 832 1925 et
855 1896 931 1924 idem
954 1896 1163 1933 servariwvolu-

427 1953 493 1973 mus
504 1967 511 1981 ‚
534 1943 737 1973 deficientibus
753 1943 821 1972 tiliis
837 1944 984 1981 graduatis
996 1968 1003 1982 ,
1020 1944 1049 1973 in
1064 1945 1164 1974 ordine

423 1991 458 2021 ad
482 1992 558 2021 filios
580 1996 646 2021 actu
670 1992 801 2029 legentes
824 1991 998 2030 theologiam
1016 2016 1023 2028 ,
1057 1998 1084 2022 et
1120 1993 1164 2022 his

423 2041 561 2070 similiter
576 2040 797 2079 deficientibus,
811 2042 973 2080 respective
989 2042 1023 2071 ad
1041 2042 1165 2072 lectores

423 2090 552 2120 actuales
574 2090 787 2130 philosophiae.
812 2091 845 2120 Et
877 2091 953 2121 dicta
986 2091 1104 2130 quidem
1136 2101 1166 2121 0-

425 2140 502 2169 mnia
516 2144 544 2169 et
558 2141 672 2177 singula
685 2140 738 2169 sub
753 2142 846 2179 poena
859 2141 1002 2170 nullitatis
1014 2141 1166 2171 electionis

424 2193 602 2225 serventur,
626 2194 654 2218 et
676 2189 704 2218 in
729 2194 795 2218 actu
825 2189 979 2219 electionis
1012 2190 1164 2226 eiusdem,

425 2238 460 2266 ad
493 2238 666 2275 magistrum
697 2238 837 2275 Ordinis,
872 2243 903 2267 ut
935 2248 1000 2267 mox
1028 2239 1164 2275 dicetur,

426 2287 567 2317 mittendo
584 2310 592 2323 ,
615 2287 842 2326 exprimantur:
866 2292 954 2326 atque
977 2287 1004 2316 in
1028 2287 1104 2317 libro
1131 2288 1165 2317 ad

427 2336 480 2365 hoc
503 2336 646 2366 instructo
670 2336 885 2365 describantur.

466 2394 496 2414 11.
514 2384 693 2414 Electionem
709 2385 797 2414 semel
815 2385 869 2414 rite
886 2385 990 2414 factam
1013 2386 1047 2415 ad
1070 2396 1123 2415 nos
1139 2391 1167 2416 et

425 2443 611 2463 successores
629 2437 755 2472 nostros,
773 2433 834 2463 sive
857 2434 891 2463 ad
908 2434 1032 2463 vicarios
1047 2444 1167 2472 genera—

425 2482 467 2511 les
489 2482 607 2511 Ordinis
638 2492 689 2521 pro
722 2486 874 2521 tempore,
899 2483 1003 2512 fratres
1026 2484 1166 2522 praedicti

425 2531 543 2561 mittant
566 2541 618 2570 pro
637 2532 857 2561 confirmatione
879 2536 907 2561 et
930 2532 1095 2562 litterarum
1120 2542 1167 2572 pa-

1006 237 1186 261 BULLARIUM
1213 237 1366 261 ROMANUM

1204 289 1232 314 et
1253 286 1471 315 concessionem
1496 285 1656 325 praedictas
1670 308 1677 322 ,
1701 286 1944 325 quemadmodum

1204 337 1232 363 et
1264 334 1459 364 irritationem
1492 334 1621 364 eiusdem
1654 334 1827 372 electioniS,
1857 336 1882 366 si
1910 336 1945 366 de

1205 383 1327 421 persona
1345 382 1441 412 minus
1457 382 1558 420 digna,
1578 387 1627 413 aut
1642 387 1742 413 contra
1758 384 1814 413 alia
1830 393 1845 413 a
1862 384 1945 414 nobis

1205 431 1384 470 praescripta
1398 431 1571 470 quandoque
1588 431 1647 467 fiat,
1662 431 1745 461 nobis
1756 436 1785 462 et
1797 441 1946 462 successo-

1204 479 1286 509 ribus
1309 480 1482 518 praedictis,
1500 480 1642 519 privative
1658 480 1753 520 quoad
1770 481 1843 510 alios
1857 491 1944 521 quos—

1205 537 1341 566 cumque,
1365 528 1449 558 iustis
1471 528 1505 558 de
1527 529 1622 558 causis
1644 538 1841 564 reservamus,
1864 530 1944 560 iuxta

1204 576 1386 606 Sanctissimi
1409 577 1558 606 laudatum
1580 577 1754 616 rescriptum
1769 600 1776 612 ‚
1800 577 1880 607 salva
1906 582 1947 608 ta-

1205 634 1270 654 men
1294 626 1467 655 auctoritate
1490 626 1640 656 ordinaria
1662 630 1722 656 tum
1739 627 1860 666 capituli
1879 636 1945 666 pro-

1205 673 1339 703 vincialis
1356 698 1363 711 ,
1388 683 1452 704 cum
1486 674 1573 703 etiam
1607 675 1699 713 patris
1731 675 1919 714 provincialis
1936 699 1943 713 ,

1204 723 1329 752 maxime
1351 723 1380 752 in
1403 724 1501 753 saneta
1533 723 1699 753 visitatione
1720 747 1727 761 ,
1760 733 1794 753 ac
1824 723 1946 763 insuper

1206 770 1389 801 visitatorum
1412 772 1542 801 eiusdem
1564 776 1725 802 conventus
1739 795 1746 809 ,
1770 772 1805 802 ad
1837 772 1946 811 profes-

1205 828 1300 848 sorem
1323 819 1419 858 ipsum
1440 843 1447 857 ,
1471 821 1566 851 adhuc
1588 830 1603 850 a
1626 820 1709 850 nobis
1736 825 1764 851 et
1797 830 1946 851 successo-

1206 867 1287 897 ribus
1311 869 1464 907 praedictis
1486 870 1690 899 confirmatum
1708 874 1735 899 et
1750 870 1862 908 datum,
1881 879 1946 900 sus-

1207 917 1411 955 pendendum,
1436 927 1468 947 ae
1500 919 1588 948 etiam
1611 928 1624 948 a
1649 919 1788 948 cathedra
1820 923 1848 948 et
1879 928 1946 949 con-

1206 970 1292 995 ventu
1308 967 1462 1006 praedictis
1475 968 1697 1004 removendum,
1711 968 1824 1007 quoties
1836 968 1944 1007 ipsum,

1208 1014 1303 1044 minus
1335 1015 1520 1045 laudabiliter
1552 1016 1677 1046 vivendo
1710 1021 1759 1046 aut
1789 1017 1944 1053 docendo,

1206 1064 1321 1094 muneri
1344 1074 1397 1094 suo
1419 1065 1536 1101 deesse,
1559 1066 1766 1104 comperirent.

1246 1122 1287 1142 111.
1302 1113 1432 1143 Electio
1426 1123 1487 1152 ipsa
1504 1123 1619 1153 semper
1632 1114 1682 1144 fiat
1699 1115 1733 1143 ad
1749 1124 1840 1144 annos
1852 1115 1947 1145 deter-

1207 1162 1345 1199 minatos,
1362 1162 1436 1192 itaut
1455 1163 1656 1202 experimento
1678 1163 1862 1202 comprobari
1884 1174 1970 1214 pos-p

1208 1211 1260 1249 sit,
1278 1221 1313 1240 au
1337 1212 1484 1250 professor
1500 1212 1590 1241 semel
1613 1212 1806 1250 constitutus,
1824 1194 1965 1243 docendi

1208 1260 1314 1298 gratia,
1334 1260 1383 1289 sed
1408 1261 1435 1289 in
1461 1261 1562 1299 primis
1586 1262 1816 1291 conversationis
1838 1271 1870 1291 ac
1890 1271 1949 1292 mo-

1208 1318 1272 1338 rum
1293 1309 1404 1338 meritis
1420 1309 1612 1346 exigentibus,
1631 1310 1668 1340 sit
1684 1310 1713 1339 in
1731 1310 1831 1340 eodem
1847 1320 1948 1341 mune-

1208 1367 1239 1387 re
1255 1358 1483 1394 confirmandus,
1499 1363 1584 1397 atque
1600 1359 1686 1388 etiam
1710 1364 1740 1388 ut
1757 1364 1851 1398 pateat
1867 1360 1947 1389 locus

1209 1407 1429 1445 praecedentiae
1463 1408 1598 1446 superius
1633 1409 1780 1447 expositae
1802 1419 1808 1441 ;
1847 1409 1946 1448 sicque

1209 1456 1320 1494 primo,
1344 1456 1413 1485 anni
1443 1456 1498 1494 ipsi
1531 1465 1588 1485 uon
1610 1457 1751 1486 excedant
1774 1461 1889 1496 tempus
1910 1458 1944 1487 ad

1208 1504 1407 1541 magisterium
1431 1504 1556 1543 simplex
1572 1529 1579 1541 ,
1603 1505 1706 1533 deinde
1730 1515 1796 1534 vero
1818 1507 1852 1535 ad
1879 1507 1946 1543 alia,

1207 1554 1370 1582 successive
1393 1563 1406 1581 a
1431 1553 1514 1583 nobis
1540 1554 1680 1583 firmanda
1708 1555 1798 1592 infra,
1822 1556 1946 1594 requisi-

1208 1606 1280 1631 tum.
1305 1603 1344 1632 Ne
1366 1607 1462 1632 autem
1486 1604 1657 1633 cathedram
1680 1606 1843 1643 professore
1858 1605 1946 1635 (lesti-

1208 1652 1276 1687 tui,
1317 1652 1416 1690 sicque
1449 1652 1613 1681 saeculares
1649 1652 1707 1682 divi
1737 1652 1864 1683 Thomae
1898 1653 1947 1683 do-

1207 1698 1318 1727 ctrinae
1340 1703 1471 1728 amantes
1497 1702 1660 1737 opportuno
1687 1700 1826 1737 magistro
1848 1709 1947 1729 carere

1207 1748 1374 1784 contingat,
1400 1747 1503 1786 poterit
1526 1748 1670 1786 professor
1692 1748 1831 1786 quilibet,
1852 1749 1946 1778 adhuc

1207 1795 1340 1825 absoluto
1363 1795 1418 1825 sibi
1435 1805 1485 1835 per
1500 1796 1673 1825 electionem
1690 1801 1717 1825 et
1734 1797 1760 1825 in
1779 1797 1946 1836 patentibus

1209 1845 1335 1883 praefixo
1359 1849 1508 1884 tempore,
1533 1846 1560 1874 iu
1586 1846 1710 1875 lectione
1734 1856 1872 1885 pergere,
1897 1846 1948 1876 [lo-

1209 1904 1261 1923 uec
1294 1895 1337 1923 vel
1370 1895 1433 1933 ipse
1466 1897 1681 1931 confirmetur,
1715 1895 1760 1925 vel
1796 1905 1947 1926 successor

1208 1952 1345 1982 praesens
1369 1943 1467 1973 fuerit.
1484 1943 1602 1978 Quoties
1617 1953 1686 1973 vero
1704 1944 1850 1983 professor
1868 1944 1946 1983 ipse,

1208 1992 1381 2021 decurrente
1403 1991 1447 2021 vel
1479 1991 1607 2022 instante
1634 1996 1764 2032 tempore
1791 2002 1844 2032 pro
1865 1993 1949 2022 scho-

1208 2040 1319 2070 lasticis
1341 2040 1490 2070 exercitiis
1513 2041 1543 2070 in
1564 2041 1756 2072 universitate
1778 2041 1921 2072 habendis
1937 2065 1945 2079 ,

1208 2099 1393 2129 quacumque
1414 2090 1450 2119 de
1474 2092 1561 2120 causa
1583 2090 1612 2120 in
1635 2091 1761 2120 lectione
1789 2091 1851 2130 ipsa
1885 2100 1949 2131 per-

1208 2148 1276 2177 gere
1299 2149 1356 2169 non
1387 2139 1495 2179 possit,
1529 2140 1773 2179 quemadmodum
1805 2141 1893 2170 etiam
1922 2141 1946 2170 si

1209 2188 1282 2217 mori
1303 2189 1347 2217 vel
1370 2189 1496 2218 amoveri
1520 2189 1615 2228 ipsum
1638 2190 1810 2227 contingat,
1837 2200 1873 2219 ne
1904 2190 1949 2220 di-

1208 2237 1313 2275 scipuli
1333 2237 1484 2276 praedicti,
1503 2237 1538 2267 ob
1554 2247 1706 2267 recursum
1723 2238 1757 2267 ad
1773 2239 1947 2276 magistrum

1208 2285 1326 2315 Ordinis
1348 2295 1399 2324 pro
1421 2296 1496 2316 novo
1512 2287 1672 2326 professore
1688 2287 1841 2325 firmando,
1860 2292 1948 2327 atque

1209 2335 1330 2364 huiusce
1352 2335 1386 2364 ad
1410 2335 1632 2365 universitatem
1655 2335 1749 2374 ipsam
1771 2345 1921 2366 accessum
1939 2361 1945 2370 ,

1209 2393 1274 2413 cum
1298 2384 1428 2423 ipsorum
1444 2384 1621 2414 detrimento
1637 2385 1748 2414 diutius
1760 2389 1948 2425 praeceptore

1209 2434 1430 2469 destituantur,
1462 2433 1514 2463 filii
1543 2438 1704 2464 conventus
1739 2434 1773 2464 de
1802 2443 1946 2464 consensu

1209 2492 1347 2522 expresso
1380 2483 1471 2522 patris
1504 2484 1714 2523 provincialiS,
1739 2484 1763 2514 si
1792 2484 1946 2523 expeditus

1209 2533 1246 2562 sit
1268 2533 1302 2562 ad
1325 2542 1391 2562 eum
1414 2542 1560 2569 accessus,
1578 2533 1624 2563 vel
1640 2533 1741 2562 vicarii
1764 2532 1945 2572 provinciae,

426 2580 550 2609 tentium
568 2590 619 2619 pro
635 2581 762 2610 lectione
785 2580 899 2619 publice
922 2580 1054 2610 habenda
1069 2582 1167 2620 requi-
1209 2582 1255 2611 vel
1277 2581 1378 2611 saltem
1403 2586 1518 2621 patrum
1543 2591 1557 2611 a
1581 2582 1711 2611 consiliis
1741 2586 1901 2612 conventus
1922 2581 1946 2611 i-

426 2629 548 2658 sitarum
568 2629 763 2668 expeditione.
781 2630 1042 2660 Confirmationem
1058 2631 1166 2670 quippe

1209 2631 1301 2670 psius,
1326 2639 1379 2669 pro
1402 2630 1521 2660 interim
1537 2630 1572 2660 de
1595 2630 1753 2660 substituto
1776 2629 1947 2669 provideant

1950 240 2000 266 An.
2017 239 2048 267 C.
2067 240 2138 268 1732

2001 1135 2096 1161 litigatur
2115 1134 2142 1154 ad
2009 951 2182 1350 ¹

1958 1167 2024 1209 annsm
2040 1166 2145 1187 ρι··3οεσι-ι

2171 1361 2182 1387 t

2175 1402 2182 1419 1

2172 1436 2182 1464 λ

2171 1488 2182 1525 ξ
