2182 3137
62 246 114 273 An.
136 245 165 271 C.
184 245 252 271 1734

873 248 1016 272 CLEMENS
1041 249 1084 272 Xll
1109 250 1159 273 PP.

257 295 382 324 civitatis
404 294 556 326 Ferrariae
579 295 632 325 sub
662 297 755 335 poena
785 295 927 325 librarum
950 297 998 326 de-

257 352 320 372 cem
344 344 529 374 marcharum
552 344 791 384 applicandorum
810 345 887 374 dicto
910 345 998 375 colle-

257 394 303 429 gio
327 398 548 431 procuratorum
573 403 625 433 pro
647 394 779 430 dimidia,
803 398 831 423 et
857 402 910 432 pro
939 394 997 424 alia

257 441 379 471 dimidia
402 443 559 472 massariae
581 443 743 472 communis
772 442 946 479 Ferrariae;
970 448 997 473 et

258 490 451 520 nihilominus
484 495 547 520 acta
581 491 640 520 sint
674 492 735 530 ipso
758 491 822 520 iure
844 491 945 527 nulla;
969 496 997 521 et

258 543 391 568 teneatur
414 539 447 568 ad
471 539 614 569 interesse
648 540 722 578 parti
755 539 866 569 scilicet
889 540 996 578 princi-

258 587 327 624 pali,
352 596 404 625 pro
427 597 483 626 quo
506 588 722 625 intercesserit3
745 587 887 625 volentes,
905 589 994 627 quod,

259 635 355 664 taliter
378 637 560 666 examinatus
583 640 610 665 et
632 636 824 675 approbatus,
848 636 877 665 in
901 637 995 675 primo
1028 638 1030 640 ’

257 693 334 713 anno
356 685 489 723 sequenti
509 694 565 714 non
590 685 679 724 possit
702 694 859 724 procurare
881 685 910 714 in
928 694 996 715 cau-

258 733 297 762 sis
318 733 523 763 excedentibus
539 743 680 763 summam
697 733 836 762 librarum
853 734 996 773 quinqua-

257 782 335 819 ginta
360 783 564 819 marcllarum3
589 782 670 811 finito
685 786 781 811 autem
799 792 887 819 anno,
907 783 997 821 possit

257 832 286 860 in
311 841 494 870 quacumque
516 832 604 860 causa
626 835 654 860 et
677 833 788 860 summa
824 841 994 870 procurare.

258 879 350 909 I'ossit
368 884 462 908 tamen
483 879 606 918 quilibet
624 879 755 909 notarius
771 879 943 917 collegiatus
965 881 993 910 in

257 929 379 965 collegio
402 928 581 958 notariorum
604 928 731 958 civitatis
757 929 910 958 Ferrariae
933 930 996 959 offi-

256 977 332 1006 cium
358 986 499 1015 procurae
521 986 659 1006 exercere
675 976 786 1016 absque
809 987 842 1007 eo
865 978 940 1017 quod
958 978 995 1008 sit

256 1025 427 1063 collegiatus
445 1026 474 1055 in
491 1026 612 1064 collegio
630 1031 864 1065 procuratorum,
881 1027 910 1056 in
928 1037 995 1056 cau-

255 1084 294 1104 sis
316 1086 330 1104 a
354 1076 452 1106 decem
470 1075 551 1105 libris
574 1076 667 1112 insr33
685 1080 712 1106 et
728 1076 799 1115 ipsis
815 1077 937 1107 notariis
953 1078 994 1106 sic

257 1124 479 1162 procurantibus
502 1125 530 1154 in
554 1124 639 1154 dictis
660 1125 755 1154 causis
778 1125 909 1155 solvatur
943 1135 994 1164 pro

256 1182 355 1203 eorum
380 1173 511 1203 mercede
529 1173 652 1203 arbitrio
669 1174 775 1215 prioris
791 1173 861 1203 dicti
878 1174 993 1211 collegii

257 1227 488 1261 procuratorum7
511 1222 668 1252 dummodo
691 1232 748 1252 non
771 1223 894 1252 excedat
916 1232 994 1252 sum-

255 1282 330 1300 mam
362 1276 486 1301 taxatam
518 1272 547 1300 in
581 1272 695 1301 statutis
729 1272 858 1309 nostris,
884 1277 912 1302 et
935 1282 992 1301 non

255 1321 328 1350 ultra
352 1321 484 1359 accipere
507 1320 619 1359 possint
641 1321 726 1350 etiam
750 1330 763 1350 a
787 1326 889 1360 sponte
922 1321 994 1350 dan-

254 1370 342 1405 tibus,
366 1369 419 1399 sul]
443 1371 533 1408 poena
555 1369 636 1408 dupli
659 1369 722 1399 eius
745 1370 821 1408 quod
851 1370 916 1409 plus
946 1380 993 1400 ac-

254 1419 406 1457 ceperint,
433 1418 607 1458 applicanda
629 1421 702 1458 parti
729 1429 743 1448 a
773 1428 827 1458 qua
858 1419 900 1449 sic
928 1419 992 1458 plus

254 1467 352 1497 debito
375 1469 562 1507 acceperint,
586 1473 613 1498 et
635 1468 689 1497 sub
722 1470 816 1506 poena.
850 1468 990 1498 librarum

254 1516 383 1555 quinque
406 1516 590 1546 marcharum
613 1516 690 1546 dicto
712 1516 833 1555 collegio
856 1526 993 1556 procura-

255 1570 349 1596 torum
373 1565 547 1604 applicanda
570 1575 621 1604 pro
643 1566 785 1601 dimidia,
809 1572 838 1596 et
860 1575 911 1606 pro
934 1567 992 1596 alia

253 1614 373 1643 dimidia
395 1614 551 1644 massariae
572 1615 736 1645 communis
758 1615 919 1646 Ferrariae.

495 1664 616 1694 Rubi-lea
638 1667 745 1703 quinta.

292 1712 332 1742 Ne
350 1714 429 1742 l'raus
451 1713 500 1743 fiat
523 1713 590 1750 legi,
607 1713 762 1743 statuimus
784 1714 860 1753 quod
883 1715 992 1751 nullus,

252 1761 302 1799 qui
324 1770 381 1790 non
404 1761 442 1791 sit
456 1761 485 1791 in
503 1762 657 1791 matricula
673 1767 908 1801 procuratorum,
928 1773 992 1803 pos-

251 1810 289 1839 sit
311 1819 480 1849 comparere
504 1820 555 1849 pro
577 1811 633 1840 alio
655 1821 751 1841 coram
775 1813 872 1852 aliquo
895 1813 990 1843 iudice

252 1859 296 1887 vel
319 1859 481 1889 iusdicente
503 1859 659 1890 tribunalia
682 1861 877 1899 iudicialiter,
902 1863 989 1892 etiam

252 1917 315 1936 cum
340 1908 493 1947 principali
516 1918 584 1947 suo,
608 1914 635 1938 et
658 1909 754 1939 dicere
787 1910 840 1940 sub
871 1911 990 1944 nomine

251 1956 314 1986 eius
346 1957 441 1996 aliqua
475 1957 562 1987 verba
593 1959 755 1996 spectantia
789 1960 824 1988 ad
857 1960 989 1989 ordinem

251 2005 364 2043 iudicii,
381 2010 409 2035 et
430 2006 518 2035 etiam
541 2006 638 2036 dicere
654 2007 714 2046 Ipse
736 2010 776 2037 sie
796 2008 875 2046 dicit,
892 2009 921 2038 in
939 2009 991 2038 ali-

251 2055 310 2092 qua
331 2055 418 2084 causa
440 2054 588 2084 ordinaria
608 2055 683 2085 ultra
717 2056 790 2086 duas
813 2057 890 2087 vices
904 2082 911 2095 ‚
935 2058 989 2087 sul)

253 2105 348 2141 poena.
369 2103 499 2142 quinque
521 2103 662 2134 librarum
685 2105 881 2142 marcharum,
898 2107 989 2145 appli-

251 2152 341 2181 canda
361 2161 413 2191 pro
429 2152 551 2182 dimidia
569 2153 726 2183 massariae
742 2155 905 2184 communis
921 2155 989 2185 Fer-

252 2201 357 2236 rariac,
382 2206 410 2231 et
434 2210 485 2240 pro
508 2201 566 2231 alia
587 2202 709 2232 dimidia
735 2203 858 2241 collegio
882 2213 987 2246 procu-

251 2255 401 2287 ratorum3
435 2255 462 2280 et
495 2251 641 2289 praedicta
674 2261 730 2282 non
761 2253 910 2283 vindicent
932 2253 986 2283 sibi

250 2299 345 2328 locum
368 2299 397 2328 in
422 2299 587 2329 coniunctis
604 2301 747 2339 personis,
765 2310 839 2340 quae
855 2311 907 2340 pro
922 2302 987 2331 aliis

250 2347 413 2378 coniunctis
435 2349 568 2387 personis
590 2358 760 2388 comparere
784 2350 905 2389 possint.

497 2396 616 2427 Rahrica
638 2403 740 2428 octava.

289 2445 449 2476 Statuimus
475 2445 551 2484 quod
575 2446 673 2476 nullus
698 2456 837 2477 exercens
859 2448 986 2478 officium

251 2494 455 2524 tabellionatus
487 2494 522 2523 ad
554 2498 615 2524 acta
648 2495 744 2524 civilia
777 2496 820 2525 vel
853 2497 988 2526 crimina-

250 2543 299 2577 lia,
323 2543 424 2581 possit,
447 2542 552 2572 audeat
574 2542 618 2572 vel
642 2548 807 2581 praesumat
830 2553 986 2583 procurare

250 2596 279 2622 et
290 2591 416 2621 osticium
431 2599 571 2630 procurae
583 2600 719 2621 exercere
732 2601 847 2631 quoquo
860 2593 944 2623 modo
957 2593 985 2623 in

251 2640 366 2670 iudiciis
392 2639 425 2669 ad
448 2639 564 2679 aliquod
581 2639 721 2679 tribunal,
737 2650 789 2670 seu
804 2650 900 2670 coram
917 2651 987 2681 quo-

1040 306 1165 337 cumque
1187 298 1295 328 arbitro
1318 299 1361 328 vel
1385 299 1576 337 arbitramus»,
1601 300 1778 338 generaliter

1040 347 1083 375 vel
1107 347 1291 385 specialiter,
1315 348 1368 377 sub
1393 351 1486 388 poena
1507 348 1649 379 librarum
1678 349 1778 379 decem

1040 394 1224 424 marcharum
1248 396 1369 434 collegio
1386 402 1609 436 procuratorum
1631 398 1779 437 applican-

1039 442 1086 478 da;
1111 448 1139 472 et
1162 443 1354 474 nihilominus
1370 450 1432 475 acta
1449 446 1511 484 ipso
1526 446 1590 476 iure
1607 447 1665 475 sint
1683 446 1774 483 nulla,

1039 488 1095 517 nisi
1112 498 1126 517 a
1143 490 1304 527 quantitate
1321 491 1418 520 decem
1436 492 1576 522 librarum
1592 493 1777 522 marcharum

1039 536 1125 573 insta,
1144 542 1175 566 ut
1197 547 1284 577 supra
1307 539 1336 568 in
1360 545 1463 578 quarto
1479 545 1587 571 statuto
1603 541 1776 580 dispositum

1039 590 1092 614 est.

1299 636 1417 666 Rubrica
1442 648 1522 667 nona.

1079 683 1151 713 Cum
1186 684 1306 721 dignum
1344 686 1381 714 sit
1416 691 1447 715 ut
1481 695 1604 725 quisque
1635 687 1671 717 sit
1708 697 1776 717 con-

1039 736 1136 761 tentus
1158 733 1252 762 officio
1284 742 1356 770 suo,
1380 735 1535 764 statuirnus
1557 736 1632 774 quod
1655 737 1774 775 nullus,

1038 781 1087 820 qui
1111 790 1141 810 se
1163 786 1296 811 exerceat
1319 791 1369 820 pro
1391 783 1539 818 advocato,
1556 788 1584 813 et
1605 785 1641 813 sit
1664 785 1692 814 iu
1716 785 1774 814 col-

1039 829 1113 867 legio
1136 829 1342 860 advocatorum
1366 831 1493 862 civitatis
1516 832 1685 869 Ferrarizw,
1710 843 1776 872 pos-

1038 877 1075 907 sit
1093 878 1220 907 officium
1246 880 1443 918 procuratoris
1458 890 1593 910 exercere
1609 881 1662 910 sub
1682 884 1774 920 poenit

1038 927 1206 965 praedicta3
1231 928 1272 957 sic
1295 928 1381 958 etiam
1399 938 1413 958 e
1430 930 1576 959 contrario
1592 930 1690 960 nullus
1708 940 1773 969 pro-

1037 981 1153 1005 curator
1176 976 1279 1006 audeat
1302 978 1346 1007 vel
1364 984 1529 1017 praesumat
1551 988 1688 1008 exercere
1711 989 1776 1018 spe-

1037 1025 1144 1054 ctantia
1168 1025 1202 1054 ad
1218 1025 1346 1055 officium
1364 1031 1412 1056 aut
1428 1027 1602 1057 exercitium
1621 1027 1750 1057 advocati
1766 1038 1772 1062 ς

1038 1073 1127 1111 possit
1159 1078 1255 1104 tamen
1292 1075 1446 1105 consilium
1483 1076 1591 1105 factum
1628 1086 1774 1115 exponere

1038 1126 1167 1161 tempore
1189 1123 1408 1162 allegationum,
1432 1124 1485 1153 sul)
1509 1127 1602 1164 poena
1633 1125 1772 1155 librarum

1036 1171 1134 1200 decem
1159 1172 1344 1202 marcharum
1374 1174 1543 1212 applicanda
1574 1184 1625 1213 pro
1654 1175 1775 1204 dimidia

1037 1220 1194 1253 massariae
1216 1222 1380 1250 communis
1403 1222 1570 1261 Ferrariae,
1594 1229 1621 1253 et
1643 1224 1701 1253 alia
1729 1223 1771 1253 di-

1037 1269 1127 1298 midia
1148 1269 1269 1308 collegio
1292 1277 1514 1309 procuratorum
1546 1272 1590 1302 vel
1622 1272 1774 1301 advocato—

1035 1327 1111 1356 rum,
1136 1319 1249 1357 singula
1272 1320 1393 1358 singulis
1417 1321 1580 1351 referendo.

1079 1368 1150 1408 Nos,
1170 1370 1276 1402 audita
1295 1380 1393 1413 super
1411 1371 1597 1412 praemissis
1617 1371 1772 1404 relatione
1789 1413 1794 1419 .
1817 1380 1965 1419 sacraemn-

1036 1422 1144 1455 aneon
1181 1422 1238 1456 aiu
1275 1424 1378 1456 noso-1
1405 1424 1578 1456 Alexandri
1604 1424 1635 1457 s.
1667 1425 1704 1457 n.
1735 1410 1967 1458 E.?2‡“²1ssltssssss{lss

1784 1462 1859 1480 votum.

1036 1475 1217 1519 presbyteri
1237 1476 1411 1509 cardinalis
1429 1477 1665 1510 Aldobrandini
1691 1488 1772 1510 nun-

1035 1528 1155 1571 cupati,
1173 1528 1205 1560 in
1224 1529 1351 1561 civitate
1377 1535 1408 1561 et
1426 1529 1543 1562 ducatu
1563 1530 1680 1563 nostris
1698 1530 1772 1563 Fer-

1036 1581 1234 1614 rariensibus
1249 1582 1349 1614 nostri
1365 1588 1396 1615 et
1412 1583 1502 1616 Sedis
1516 1583 1717 1626 Apostolicae
1732 1583 1770 1615 de

1035 1636 1135 1667 latere
1164 1634 1279 1677 legati,
1308 1635 1464 1668 eiusmodi
1490 1646 1604 1679 preces
1630 1636 1771 1678 Congre-

1034 1689 1154 1731 gationi
1181 1689 1368 1731 particulari
1394 1691 1624 1722 nonnullorum
1643 1690 1771 1722 dilecto-

1035 1752 1104 1773 rum
1131 1741 1268 1774 liliorum
1294 1742 1458 1775 Romanae
1476 1742 1590 1776 Curiae
1615 1744 1771 1785 praelato-

1034 1805 1103 1826 rum
1139 1805 1156 1826 a
1191 1795 1284 1828 nobis
1321 1795 1505 1838 specialiter
1542 1795 1768 1838 deputatorum

1034 1858 1093 1890 pro
1118 1854 1190 1881 voto
1215 1848 1417 1881 remisimus:
1443 1849 1518 1892 qui,
1545 1849 1619 1881 visis
1645 1850 1769 1881 iuribus

1035 1902 1141 1934 l'avore
1161 1902 1314 1944 praedicti
1333 1902 1467 1944 Collein
1495 1902 1651 1941 deductis,
1673 1913 1709 1934 ac
1733 1913 1767 1935 re

1033 1960 1180 1987 accurate
1206 1954 1397 1994 examinata,
1424 1960 1532 1987 votum
1559 1965 1651 1987 suum
1676 1955 1768 1987 desu-

1032 2018 1090 2050 per
1104 2007 1277 2039 ediderunt
1291 2007 1322 2039 in
1338 2008 1424 2040 liunc
1439 2008 1583 2047 modum,
1603 2008 1764 2040 nimirum:

1071 2060 1259 2098 Congregatio
1276 2061 1461 2099 particularis
1483 2070 1497 2090 a
1521 2061 1703 2091 sanctissimo
1719 2062 1768 2090 do-

1032 2108 1109 2138 mino
1131 2113 1230 2138 nostro
1253 2109 1419 2147 specialiter
1452 2110 1586 2148 deputata
1620 2110 1648 2139 in
1678 2111 1767 2139 causa

1032 2157 1211 2187 Ferrarieusi
1235 2158 1466 2188 confirmationis
1482 2163 1656 2188 statutorum
1672 2159 1705 2188 ad
1722 2159 1766 2187 iu-

1031 2205 1169 2236 stantiam
1192 2206 1261 2235 almi
1283 2206 1397 2244 collegii
1424 2211 1643 2246 procuratorum
1672 2207 1765 2236 causi-

1030 2253 1161 2282 dicorum
1184 2252 1278 2281 dictae
1301 2253 1440 2291 civitatis,
1464 2254 1607 2293 exquisita
1625 2263 1676 2293 pro
1699 2259 1765 2283 voto

1029 2310 1119 2340 super
1141 2301 1335 2340 infrascriptis
1358 2311 1461 2331 novem
1478 2303 1623 2341 capitulis,
1641 2312 1763 2341 nempe:

1070 2359 1088 2379 1.
1113 2349 1300 2389 Supplicatur
1323 2358 1374 2388 pro
1390 2350 1611 2380 confirmatione
1627 2351 1656 2380 in
1673 2352 1766 2381 formal

1029 2399 1166 2438 specifica
1188 2403 1358 2428 statutorum
1375 2398 1526 2429 Ferrariae
1549 2399 1664 2429 rubrica
1688 2409 1708 2437 1,
1725 2409 1763 2437 ιν,

1030 2457 1057 2485 v,
1075 2456 1122 2477 viu
1146 2453 1173 2477 et
1189 2456 1217 2477 ix
1240 2447 1290 2477 lib.
1308 2456 1348 2485 xi,
1366 2448 1441 2477 ultra
1458 2448 1623 2486 generalem
1640 2449 1764 2478 aliorum

1030 2501 1204 2526 statutorum
1227 2496 1357 2525 omnium
1381 2501 1409 2526 et
1431 2497 1672 2527 constitutionum
1690 2498 1764 2528 loca-

1030 2544 1101 2574 lium
1133 2545 1168 2575 ad
1198 2544 1352 2583 collegium
1386 2545 1602 2576 causidicorum
1633 2551 1764 2585 spectan-

1029 2594 1111 2624 tium.

1069 2652 1098 2673 u.
1123 2643 1177 2674 Pro
1199 2643 1407 2681 declaratione,
1424 2643 1499 2683 quod
1523 2644 1621 2674 nullus
1643 2653 1701 2675 non
1717 2645 1765 2675 de·

1678 240 1742 274 619
1788 250 1839 276 An.
1859 249 1887 276 c.
1907 249 1975 277 1734
