2182 3137
219 252 255 275 :tn
288 253 313 275 ΙᾸ4

242 1161 293 1181 Petit
300 1168 325 1181 io.

341 250 404 276 2734
451 238 513 271 (5¹8

411 299 537 336 imatus,
560 308 642 340 quae
668 296 879 330 adhiberetur
896 296 973 338 ipsis
994 305 1147 339 praescn-

411 351 494 382 tibus
531 350 555 381 si
582 350 686 382 forent
712 349 873 382 exhibitae
905 349 953 381 vel
985 354 1143 381 ostensae.

452 403 564 435 ilatum
597 403 733 441 Romae,
749 403 832 446 apud
852 403 883 435 S.
906 402 1036 434 Mariam
1052 402 1147 434 Maio-

409 466 488 495 rem,
509 456 568 487 snb
583 457 703 488 annulo
719 454 902 496 Piscatoris,
923 456 973 488 die
988 466 1025 488 xx
1040 455 1144 487 martii

407 519 605 547 nocemur,
630 508 834 551 pontificatus
866 508 967 541 nostri
999 519 1082 541 anno
1101 518 1142 542 lv.

445 571 503 597 Dat.
524 570 568 597 die
587 570 621 596 ΞΟ
641 570 729 597 martii
754 571 829 603 1732,
847 570 945 605 pontis.
964 578 1034 597 auno
1055 576 1091 597 iv.

693 624 726 656 1³.
755 624 843 657 card.
871 623 1055 657 Omvemus.

735 801 840 809 .......

411 848 620 891 Confirmatio
634 847 854 892 quarumdam
869 848 1072 880 rubricarum
1088 852 1146 880 sla-

453 902 516 935 tnli
554 902 683 943 collesyii'
722 900 966 933 causidicorum
1005 900 1147 933 civitatis

450 956 684 989 J‹‘e›·1·ar2‘ensis.

614 1037 750 1063 clemens
771 1036 854 1069 Papa
874 1034 938 1066 XII,

549 1082 584 1108 ad
605 1081 740 1108 futuram
759 1080 804 1107 rei
820 1079 1003 1107 memoriam.

452 1153 465 1195 ξ
491 1152 520 1184 l.
548 1152 633 1184 Alias
660 1162 718 1194 pro
748 1156 838 1194 parte
870 1150 976 1183 dilecti
1003 1150 1058 1183 filii
1087 1150 1145 1183 An-

408 1205 510 1238 tonini
536 1205 652 1243 Pisani,
675 1205 786 1238 decani
809 1205 937 1247 collegii
956 1210 1147 1247 procurato-

407 1270 476 1291 rum
503 1259 739 1291 causidicorum
762 1257 899 1290 civitatis
925 1263 1052 1290 nostrae
1072 1257 1146 1290 Fer-

408 1312 560 1344 rariensis
585 1311 679 1344 nobis
704 1310 897 1354 supplicato,
917 1316 1074 1354 quatenus
1098 1322 1147 1342 ru-
1168 1327 1169 1335 κ

408 1365 513 1398 bricas
540 1365 687 1408 primam,
713 1369 866 1408 quartam,
889 1364 1044 1407 quintam,
1062 1370 1146 1396 octa-

407 1430 476 1452 vam
496 1424 527 1452 et
544 1429 660 1451 nonam
683 1418 791 1450 statuti
813 1417 915 1451 dictae
934 1417 1069 1450 civitatis
1083 1420 1147 1452 col—

408 1472 527 1515 legium
543 1471 699 1504 eiusmodi
715 1477 966 1511 concernentes,
983 1481 1065 1514 quae
1084 1472 1145 1504 iam

408 1527 483 1559 inde
509 1526 547 1558 ab
574 1537 658 1559 anno
683 1526 943 1559 iinLviiabonae
969 1516 1147 1559 memoriae

408 1581 575 1623 Alplionso
612 1579 760 1619 Estensi,
788 1579 864 1612 dum
901 1579 998 1620 vixit,
1028 1580 1144 1613 Ferra-

409 1633 475 1665 riae
495 1634 587 1673 (lucc,
604 1644 729 1665 necnon
749 1632 927 1665 successive
949 1643 1033 1665 anno
1050 1643 1147 1666 notix

408 1697 423 1718 a
438 1686 540 1719 felicis
557 1685 793 1718 recordationis
807 1685 972 1719 Clemente
988 1686 1071 1729 Papa
1086 1686 1147 1719 Ylll

408 1740 661 1781 praedecessore
687 1744 820 1779 nostro,
848 1740 905 1772 sub
931 1739 1026 1771 certis
1052 1740 1147 1772 modo

409 1800 440 1825 et
466 1794 565 1825 forma
593 1797 667 1825 tune
692 1792 862 1835 expressis,
882 1792 1079 1835 approbatae
1101 1793 1148 1825 di-

410 1846 574 1885 ccbantur,
591 1845 781 1878 auctoritate
806 1845 981 1887 apostolica
997 1845 1147 1888 specifice

409 1899 622 1939 confirmare,
648 1899 775 1942 aliaque
808 1899 947 1942 plurima
977 1910 1036 1942 pro
1063 1899 1146 1932 felici

409 1954 511 1996 ipsius
536 1952 662 1995 collegii
689 1952 866 1986 directione
887 1952 1069 1996 maiorique
1095 1954 1146 1986 de-

409 2017 483 2039 core
509 2012 540 2039 et
565 2006 813 2039 honoriticentia
842 2011 1009 2046 statuere,
1036 2007 1148 2040 decer—

409 2072 486 2093 nere
504 2071 539 2092 ac
564 2060 727 2093 declarare
749 2059 982 2102 dignaremur‘,
1011 2071 1146 2103 quarum

409 2113 538 2155 quidem
565 2112 768 2146 rubricarum
789 2119 881 2145 tenor
901 2119 948 2146 est
966 2114 1020 2156 qui
1038 2114 1145 2157 sequi-

409 2173 470 2207 tur,
498 2166 665 2200 videlicet:

653 2217 773 2247 Rubrl'ca
795 2219 898 2257 prima.

449 2266 521 2293 Cum
546 2264 672 2293 maxima
697 2274 763 2303 pars
785 2265 924 2301 iustitiae,
942 2265 1005 2295 sine
1027 2275 1083 2305 qua
1103 2275 1147 2296 re-

408 2323 461 2350 gna
485 2312 642 2342 subsistere
661 2323 716 2342 non
743 2318 872 2352 possent,
894 2314 1025 2354 quinimo
1047 2316 1081 2344 ea
1103 2324 1147 2345 re-

408 2364 497 2399 mota,
515 2361 673 2391 secundum
697 2362 903 2400 Augusfinum,
927 2372 1030 2402 magna
1054 2363 1147 2393 forent

409 2411 558 2439 latrocinia
574 2433 581 2446 ,
606 2410 737 2440 videatur
760 2420 823 2440 esse
845 2411 874 2440 in
903 2411 1050 2441 reddendo
1084 2412 1148 2442 uni·

409 2459 513 2498 ruique
529 2459 605 2498 quod
622 2469 706 2488 suum
726 2464 769 2489 est
784 2470 816 2489 ac
832 2460 960 2490 debitum
984 2461 1036 2497 sit3
1060 2461 1146 2500 idque

409 2507 592 2545 potissimum
616 2507 758 2537 efficiatur
773 2508 849 2546 apud
872 2508 917 2537 ius
939 2508 1094 2538 reddentes
1116 2509 1145 2539 in

408 2553 540 2589 iudiciis,
563 2553 591 2582 in
620 2553 744 2592 quibus,
769 2558 885 2593 propter
907 2554 1057 2585 homiuum
1080 2565 1147 2584 con-

410 2599 552 2629 tentiones
575 2608 670 2629 meum
700 2604 728 2629 et
758 2604 837 2630 tuum
860 2601 889 2630 in
914 2601 1008 2631 medio
1037 2611 1145 2641 ponen-

409 2646 492 2683 tium,
511 2655 560 2685 per
583 2647 659 2677 viros
682 2647 754 2677 iuris
774 2648 892 2688 peritos,
910 2658 982 2688 quos
1006 2659 1146 2688 procura-

978 245 1156 271 BULLARIUM
1183 245 1337 271 ROMANUM

1191 299 1267 326 tores
1283 295 1471 336 appellamus,
1490 304 1603 334 causae,
1616 295 1843 332 controversiae,
1860 294 1924 325 lites

1189 355 1222 374 :ic
1244 344 1338 383 iurgia
1361 343 1464 374 deduci
1486 343 1599 373 solent:
1624 343 1744 382 dignum
1767 353 1800 373 ac
1825 352 1924 373 ncces·

1189 393 1297 423 sarium
1320 393 1498 422 arbitramur
1514 392 1542 422 in
1559 392 1611 422 liae
1626 392 1807 432 amplissima
1824 393 1925 422 nostrat

1189 442 1337 482 republica
1354 441 1421 479 eligi
1445 450 1493 471 eos
1515 440 1619 470 debere
1638 440 1687 480 qui
1709 444 1787 470 recte
1808 443 1837 470 et
1857 449 1922 470 cum

1189 491 1267 521 omni
1289 491 1455 529 integritate
1479 490 1589 530 possint
1619 499 1653 520 ac
1679 489 1814 520 noverint
1843 498 1925 529 prae-

1189 541 1263 571 dicta
1286 541 1414 579 dirigere
1436 544 1464 570 et
1487 540 1644 579 perticere,
1668 548 1703 569 ne
1726 539 1832 578 passim
1855 547 1924 568 con-

1189 591 1324 620 cedentes
1346 595 1373 619 et
1395 589 1458 619 sine
1480 589 1594 619 delectu
1618 588 1751 619 omnibus
1774 587 1922 627 praedicta

1152 649 1156 653 ·
1189 639 1408 674 exercentibus,
1432 638 1522 683 inulta
1550 637 1732 668 incommoda
1760 646 1793 667 ae
1819 637 1923 666 damna

1190 688 1281 718 nostri
1304 688 1451 727 patiantur
1473 687 1581 717 subditi
1603 691 1631 723 gt
1650 686 1814 724 incurrant,
1839 690 1924 725 prout

1191 738 1327 776 magistra
1345 746 1442 767 reruni
1458 736 1638 776 experientia
1654 737 1771 775 saepius
1786 735 1924 774 edocuit3

1189 787 1255 817 ideo
1277 786 1434 816 statuimus
1456 790 1483 816 et
1506 785 1674 815 ordinamus
1696 795 1747 826 per
1765 786 1843 816 hune
1866 796 1925 817 mo-

1190 836 1271 874 dum,
1296 835 1449 865 videlicet:

1230 885 1261 914 In
1286 884 1397 923 primis,
1420 884 1494 923 quod
1518 884 1567 914 fiat
1589 884 1741 923 collegium
1759 890 1927 924 procurato-

1190 943 1266 970 rum,
1283 933 1313 962 in
1330 943 1387 972 quo
1403 933 1526 971 collegio
1541 942 1603 963 esse
1625 933 1750 963 debeant
1771 937 1799 963 et
1814 933 1926 964 intrare

1191 982 1301 1021 possint
1323 982 1415 1012 solnm
1440 981 1494 1011 viri
1517 982 1594 1012 docti
1617 986 1644 1012 et
1667 982 1766 1021 periti,
1789 982 1926 1013 videlicet

1189 1030 1247 1069 apti
1270 1030 1305 1060 ad
1329 1030 1543 1069 procurandum
1565 1030 1595 1060 in
1617 1030 1744 1067 iudiciis,
1764 1031 1814 1070 qui
1836 1031 1924 1062 etiam

1189 1087 1252 1108 esse
1274 1078 1397 1108 debeant
1420 1078 1474 1107 viri
1496 1088 1599 1116 graves
1622 1083 1649 1109 et
1670 1079 1797 1118 morati,
1821 1089 1854 1109 ae
1875 1079 1926 1110 bo-

1189 1137 1243 1157 nae
1266 1127 1431 1166 opinionis,
1454 1127 1529 1157 vitae
1552 1132 1579 1157 et
1602 1128 1715 1166 famae,
1739 1128 1926 1159 examinandi

1190 1181 1221 1206 ut
1241 1176 1333 1212 insi-a,
1357 1175 1539 1215 approbandi
1563 1181 1590 1207 et
1612 1177 1784 1216 acoeptandi
1807 1187 1857 1217 per
1883 1178 1926 1209 iu-

1189 1225 1282 1255 dicem
1315 1234 1351 1254 xu
1384 1225 1560 1264 sapientium
1595 1225 1721 1256 civitatis
1752 1226 1924 1265 Ferrariae,

1190 1275 1378 1314 proconsules
1402 1275 1580 1304 notariorum
1604 1274 1731 1305 civitatis
1760 1276 1925 1316 Ferrariae,

1190 1333 1314 1363 quorum
1339 1333 1412 1353 unns
1435 1325 1472 1354 sit
1493 1324 1528 1354 de
1550 1325 1733 1355 cancellariis
1748 1326 1927 1357 sanctissimi

1190 1373 1299 1403 domini
1321 1373 1425 1411 nostri,
1443 1377 1470 1403 et
1487 1373 1624 1412 priorem·
1637 1373 1709 1404 dicti
1731 1374 1846 1413 collegii
1861 1385 1927 1415 pro-

1190 1426 1369 1460 curatorum,
1388 1422 1437 1462 qui
1459 1431 1510 1461 per
1532 1427 1664 1462 tempora
1687 1427 1784 1461 erunt,
1800 1433 1833 1454 ac
1855 1424 1927 1455 duos

1193 1474 1398 1510 procuratores
1422 1480 1472 1510 per
1494 1471 1603 1501 dictum
1619 1471 1747 1502 iudicem
1766 1472 1925 1512 eligendos,

1190 1526 1217 1550 et
1240 1530 1304 1550 cum
1328 1519 1522 1558 iuramentis,
1545 1520 1579 1550 de
1602 1520 1710 1560 quibus
1732 1521 1808 1552 infra
1830 1521 1927 1562 dispo-

1191 1569 1281 1599 nitur.

1432 1618 1552 1648 [embrica
1575 1624 1683 1658 quarta.

1230 1667 1390 1698 Statuimus
1405 1668 1480 1707 qnod
1497 1677 1582 1698 nemo
1606 1669 1696 1708 possit
1717 1669 1845 1700 osticium
1862 1680 1927 1710 pro-

1190 1725 1277 1746 curae
1299 1726 1437 1746 exercere
1465 1726 1515 1755 pro
1541 1717 1597 1746 alio
1623 1717 1652 1746 in
1680 1717 1780 1748 litibus
1802 1722 1830 1748 et
1858 1728 1926 1749 cau-

1191 1765 1229 1794 sis
1252 1765 1439 1796 iudicialibus
1462 1766 1490 1795 in
1514 1766 1632 1796 civitate
1657 1766 1808 1797 Feri-ariae
1831 1777 1926 1798 coram

1191 1815 1290 1854 aliquo
1312 1814 1407 1844 iudice
1430 1819 1458 1844 et
1480 1814 1596 1844 officiali
1620 1815 1768 1846 ordinario
1784 1820 1812 1846 et
1833 1821 1927 1847 extra-

1191 1864 1352 1901 ordinario,
1376 1864 1519 1902 delegato,
1544 1864 1668 1902 arbitro,
1691 1865 1876 1904 arbitratore,
1894 1877 1927 1897 ac

1192 1922 1375 1953 quocumque
1396 1913 1452 1942 alio
1474 1913 1580 1951 iudice,
1605 1923 1788 1953 quocumque
1809 1916 1927 1946 nomine

1190 1967 1368 2002 nuncupato,
1391 1966 1419 1991 et
1441 1962 1644 2001 quodcumque
1666 1967 1694 1992 et
1715 1963 1926 2004 qualecumque

1191 2011 1318 2042 tribunal
1337 2020 1490 2041 causarum
1507 2011 1621 2050 habeat,
1640 2012 1697 2042 nisi
1713 2021 1764 2052 per
1786 2013 1867 2052 prius
1889 2014 1927 2044 sit

1190 2061 1373 2091 examinatus
1395 2061 1425 2090 in
1448 2060 1483 2090 iis
1506 2071 1579 2100 quae
1603 2061 1750 2100 pertinent
1765 2061 1800 2092 ad
1815 2062 1927 2093 exerci-

1190 2111 1261 2141 tium
1285 2114 1314 2139 et
1335 2109 1464 2139 osticium
1488 2110 1709 2150 procuratoris,
1733 2115 1761 2141 et
1783 2111 1924 2152 approba-

1190 2164 1236 2190 tus
1259 2169 1291 2189 ac
1314 2164 1478 2199 acceptatus
1495 2169 1545 2199 per
1560 2159 1652 2190 dictos
1674 2160 1800 2191 iudicem
1822 2170 1860 2192 xu
1882 2171 1927 2192 sa-

1191 2209 1339 2248 pientum,
1365 2208 1551 2247 proconsules
1573 2213 1601 2238 et
1623 2208 1748 2248 priorem
1771 2209 1841 2240 dieti
1868 2211 1928 2240 col—

1190 2257 1258 2296 legii
1292 2262 1320 2287 et
1357 2262 1570 2297 procuratores,
1594 2267 1666 2297 quos
1698 2258 1819 2296 elegerit
1839 2259 1925 2289 iudex

1191 2315 1227 2336 xu
1251 2306 1435 2345 sapientum,
1459 2310 1487 2336 et
1515 2315 1580 2335 cum
1613 2306 1778 2337 iuramento
1810 2307 1926 2346 praedi-

1190 2359 1302 2385 ctorum
1335 2355 1410 2394 quod
1443 2355 1484 2384 eis
1514 2355 1647 2385 videatur
1674 2355 1795 2386 idoneus
1820 2361 1848 2386 et
1876 2357 1926 2387 do-

1189 2409 1252 2434 ctus
1275 2414 1308 2434 ac
1336 2403 1506 2440 sul'liciens;
1541 2414 1574 2434 ae
1607 2405 1656 2434 siat
1688 2405 1857 2445 approbatio
1876 2415 1926 2446 per

1189 2453 1325 2491 sull'ragia
1348 2457 1470 2491 secreta,
1488 2457 1516 2482 et
1532 2463 1589 2483 non
1613 2453 1647 2484 ad
1670 2464 1773 2492 voces3
1796 2459 1824 2485 et
1846 2455 1926 2494 quis-

1189 2512 1245 2542 que
1269 2502 1359 2541 possit
1383 2501 1472 2532 libere
1494 2506 1522 2531 et
1544 2502 1619 2532 iuste
1651 2506 1747 2532 votum
1770 2513 1853 2533 suum
1876 2513 1926 2543 po-

1189 2561 1279 2590 nere3
1303 2555 1331 2581 et
1353 2551 1437 2581 aliter
1458 2552 1530 2581 sacta
1553 2551 1634 2581 nullo
1657 2551 1740 2582 modo
1763 2552 1856 2583 valeat
1877 2563 1927 2592 ap-

1190 2600 1344 2640 probatio:
1380 2610 1412 2630 ae
1443 2600 1530 2630 etiam
1553 2601 1589 2630 sit
1611 2600 1774 2640 descriptus
1796 2601 1826 2631 in
1848 2601 1925 2632 dicto

1188 2650 1310 2688 collegio
1344 2658 1394 2689 per
1426 2649 1571 2680 notarium
1603 2649 1718 2689 collegii
1741 2650 1924 2682 notariorum

1924 248 1975 272 An.
1997 248 2026 273 C.
2045 247 2114 274 1734
