2182 3137
77 228 127 255 An.
149 229 178 256 C.
198 228 267 256 ¹730

109 2303 132 2323 Ιίι
150 2309 160 2323 a
177 2304 256 2330 sputus,

884 229 1028 252 emimus

271 277 398 311 diorum
423 283 455 311 et
479 288 616 312 onerum
644 278 675 309 in
701 276 881 310 subsidium
916 288 1012 320 expe·
1034 279 1036 304 l

272 330 403 364 ditionis
418 336 529 363 contra
541 330 661 363 Tureas
679 335 708 362 et
723 330 924 363 orthodoxae
940 329 1012 362 {idei
1035 338 1036 353 t

273 384 383 417 hostes
409 383 632 427 impositarum
659 388 691 415 et
716 382 958 426 impositorum>
982 388 1013 415 et
1034 407 1036 429 ἦ

272 437 505 479 cuiuscumque
524 436 664 478 pedagii,
684 435 833 475 subsidii,
852 435 1011 477 gabellae,
1034 433 1037 487 ἶ

272 495 305 523 et
323 490 554 532 cuiuscumque
580 488 690 521 oneris
716 488 874 521 ordinarii
901 493 933 520 et
958 499 1013 521 ex-

273 542 480 574 traordinarii
518 541 715 584 ubicumque
742 543 887 574 locorum
919 547 949 574 et
976 552 1012 574 cx

273 605 479 638 quacumque
498 595 706 638 quantumvis
727 595 957 638 urgentissima
983 600 1015 627 ct
1035 589 1036 602 ³

272 648 514 691 inexcogitabili
540 651 634 681 causa
660 654 692 681 et
712 648 894 687 occasione,
917 648 1013 681 etiam

272 702 310 735 ad
351 702 538 735 instantiam
581 702 800 745 imperatoris,
834 712 946 744 regum
984 706 1015 734 et

273 755 586 799 rerumpublicarum
606 783 613 795 ‚
653 756 749 788 etiam
788 755 952 793 Venetae,
983 759 1015 788 et

273 808 411 841 aliorum
438 818 719 852 quorumcumque
745 808 1015 852 prineipum,im·

273 862 454 906 positorum
481 868 512 895 et
537 862 811 905 imponendorum
846 872 905 905 pro
939 867 1016 894 tem-

273 926 365 958 pore,
383 926 418 948 ex
438 926 526 948 nunc
542 920 640 959 prout
666 926 701 948 ex
730 920 817 954 tune,
845 919 874 947 et
899 925 914 947 e
936 925 1012 946 con·

275 974 342 1009 tra,
369 975 418 1007 et,
436 974 609 1012 postquam
628 979 719 1001 casus
741 968 928 1001 huiusmodi
956 969 1015 1000 im-

273 1022 446 1066 positionis
473 1027 503 1055 et
528 1021 700 1055 solutionis
721 1022 877 1061 evenerit,
895 1021 1015 1053 libera-

275 1085 345 1108 mus
371 1081 402 1108 et
427 1075 610 1115 eximimus,
637 1075 826 1118 liberosque
851 1080 883 1107 et
908 1085 1015 1107 exem-

274 1134 347 1172 ptos
369 1129 436 1162 fore
455 1134 486 1162 et
504 1139 577 1162 esse
595 1129 816 1169 decernimus,
835 1128 1015 1161 districtius

276 1182 466 1216 inhibentes
503 1182 627 1216 dilectis
663 1182 737 1216 filiis
773 1193 859 1216 nunc
893 1188 924 1216 et
955 1194 1014 1226 pro

275 1240 422 1278 tempore
448 1236 664 1269 existentibus
690 1236 838 1269 eiusdem
872 1236 903 1269 S.
924 1236 962 1268 R.
982 1236 1014 1268 E.

275 1288 463 1329 camerario,
491 1288 708 1328 thesaurario,
737 1288 1012 1332 praesidentibus,

274 1341 412 1382 clericis,
439 1353 476 1376 ac
501 1343 762 1387 quibuscumque
787 1343 858 1376 aliis
895 1343 1038 1380 officia-2

274 1394 359 1428 libus
383 1395 538 1429 Gamerae
567 1402 699 1429 nostrae
725 1396 945 1439 Apostolicae,
980 1406 1016 1430 ac

275 1447 521 1481 executoribus*
540 1449 741 1482 deeimarum
761 1449 1015 1492 (praeterquam

275 1500 491 1541 decimarum,
516 1502 734 1535 subsidiorum
761 1508 792 1535 et
817 1512 956 1535 onerum
982 1502 1015 1534 in
1037 1529 1038 1532 ,

275 1554 455 1586 subsidium
475 1555 692 1597 expeditionis
711 1561 824 1588 contra
841 1555 958 1587 Turcas
985 1561 1016 1587 et

273 1606 480 1639 orthodoxae
505 1606 579 1639 fidei
610 1607 734 1646 hostes,
758 1612 793 1639 ut
818 1608 1014 1650 praefertur,

273 1658 500 1702 impositarum
534 1664 566 1692 et
602 1659 848 1703 impositorum)
886 1669 1037 1693 necnon}

274 1711 506 1756 cuiuscumque
531 1713 673 1756 pedagii,
695 1713 842 1753 subsidii,
868 1714 1014 1756 gabellae
1036 1741 1037 1745 ,

274 1771 306 1799 et
331 1767 479 1806 aliorum,
504 1772 541 1799 ut
565 1767 759 1810 praefertur,
787 1768 1014 1811 impositorum

273 1830 409 1853 onerum
441 1819 652 1861 huiusmodi,
684 1832 721 1853 ac
759 1821 829 1854 aliis
862 1821 1014 1865 personis

273 1873 503 1917 cuiuscumque
529 1873 768 1908 ecclesiastieae
794 1875 842 1907 vel
870 1875 1015 1908 saecula-

273 1926 318 1960 ris
343 1927 519 1970 dignitatis,
545 1932 654 1967 status,
680 1928 808 1970 gradus,
834 1928 958 1961 ordinis
985 1934 1037 1961 et*

274 1979 471 2013 conditionis
498 1980 721 2021 existentibus,
751 1992 791 2014 nc
818 1991 872 2014 eos
897 1981 934 2014 ad
961 1982 1015 2014 ali-

273 2043 368 2077 quam
394 2033 590 2067 solutionem
610 2044 728 2077 cogere
755 2045 811 2067 scu
838 2035 1015 2078 compelle-

273 2095 320 2127 re,
341 2091 395 2119 aut
411 2097 508 2130 super
525 2087 712 2130 praemissis
738 2098 918 2131 eorumque
944 2098 1012 2128 usu,

274 2140 491 2184 possessione,
519 2141 567 2173 vel
589 2141 691 2184 quasi,
715 2141 837 2175 directe
856 2142 904 2175 vel
930 2142 1014 2175 indi-

274 2198 362 2227 recte
380 2192 495 2237 quovis
513 2193 661 2237 quaesito
679 2194 789 2228 colore
807 2195 854 2228 vel
881 2195 1014 2238 ingenio
1036 2219 1037 2224 ,

274 2245 457 2286 molestare,
491 2248 542 2280 vel
572 2247 652 2280 alias
684 2247 931 2292 quomodolibet
957 2249 1015 2281 im-

274 2299 388 2342 pedire
410 2310 541 2343 quoquo
563 2301 659 2334 modo
685 2307 914 2344 praesumant;
941 2312 1015 2335 nec·
1036 2308 1037 2312 ’

276 2361 341 2384 non
356 2351 476 2385 eisdem
492 2353 706 2393 conclavistis,
719 2354 804 2398 quod
819 2355 906 2388 bona
920 2365 1015 2398 quae-
1036 2373 1037 2400 3

275 2414 411 2447 cumque
438 2405 475 2438 ad
509 2407 596 2449 ipsos
632 2413 663 2440 et
688 2417 801 2441 eorum
836 2403 1037 2451 quemlibetl

274 2456 465 2500 spectantia,
498 2463 530 2490 et
563 2469 623 2501 per
660 2470 714 2493 eos
752 2460 849 2493 ctiam
887 2461 1013 2493 ratione

274 2521 554 2555 quorumcumque
587 2513 822 2547 beneficiorum
863 2514 1037 2556 ccclesiag

273 2563 439 2606 sticorum,
457 2574 531 2598 cum
549 2567 626 2598 eura
644 2571 673 2598 et
693 2566 772 2606 sinc,
800 2567 1013 2600 saccularium

1035 968 1088 1014 sss·
1118 968 1247 1001 loannis
1284 969 1597 1012 Ilierosolymitani)
1635 963 1831 1013 adscripti,}'..

309 2628 320 2653 1
344 2626 437 2655 Potius
457 2627 639 2655 exactoribus
659 2627 696 2663 (n.
714 2630 763 2663 Τ.).

1055 230 1098 252 xn
1123 230 1173 253 rr.
1718 221 1754 255 <21

1057 284 1087 309 ct
1124 279 1309 320 quorumvis
1352 279 1506 311 Ordinum
1544 285 1574 312 et
1610 279 1797 312 militiarum

1057 335 1153 373 atque
1186 331 1398 374 hospitalium
1433 343 1716 376 quorumcumque
1749 342 1799 364 re-

1057 382 1233 424 gularium,
1251 393 1378 416 necnon
1398 385 1644 418 canonicatuum
1663 391 1694 418 et
1712 395 1800 428 prae-

1059 437 1237 469 bendarum
1272 447 1309 469 ae
1340 437 1534 479 dignitatum
1572 438 1800 481 quorumlibet

1057 500 1116 532 per
1148 500 1202 522 cos
1240 489 1320 522 alias
1358 489 1568 522 obtentorum
1595 496 1627 523 et
1651 491 1800 524 obtinen-

1808 232 1859 258 Αη.
1876 231 1904 258 C.
1927 231 1995 260 ¹730

1035 565 1036 571 ,
1058 542 1182 581 dorum,
1205 547 1260 574 ant
1283 542 1363 574 alias
1391 544 1639 585 quomodolibet
1665 549 1695 576 et
1719 554 1800 587 quo-

1057 596 1103 628 vis
1131 595 1280 638 quaesito
1303 597 1414 628 colore
1440 597 1489 628 vel
1515 596 1658 638 ingenio,
1676 608 1731 629 seu
1750 608 1800 630 eo-

1058 660 1126 681 rum
1154 649 1324 688 industria,
1351 649 1496 691 legitime
1524 655 1630 682 tamen
1664 656 1695 682 et
1720 651 1798 683 alias

1057 702 1157 741 licite,
1185 702 1340 745 aequisita
1360 708 1390 735 et
1408 703 1618 745 acquirenda.-
1646 703 1741 735 ctiam
1767 704 1799 736 in

1058 756 1139 788 dicta
1166 755 1250 788 Urbe
1276 756 1410 799 eiusque
1444 756 1590 789 districtu
1617 768 1653 789 ae
1678 757 1799 800 ubique

1057 809 1241 847 existentia,
1266 809 1379 852 spoliis
1404 809 1538 842 minime
1564 810 1776 850 subiaceant;

1103 862 1117 905 ξ
1135 862 1167 895 3.
1191 862 1251 895 Sed
1271 863 1488 896 conclavistae
1507 863 1654 907 praefati,
1675 863 1996 921 0¹³³mSi-uffl''12¹31„¹2‘3{

1059 916 1212 958 religioni
1250 915 1386 949 alicuius
1424 916 1560 949 militiae
1587 917 1667 959 <non
1695 922 1800 950 tamen
1814 928 1995 974 fii¹⁵³¹⁰i⁰1¹u1³t¹¹=f¹¹

1813 1014 1835 1025 ΡΧ

1813 1034 1833 1053 S.
1858 1034 1932 1054 oannis
1947 1033 1995 1054 ttiu-

1815 1060 1967 1086 rimvlyuntant.

1059 1027 1091 1055 et
1116 1022 1146 1054 in
1173 1024 1210 1055 ea
1236 1032 1388 1065 expresse
1422 1022 1561 1065 professi
1593 1023 1734 1063 suerint,
1762 1023 1800 1056 dc

1058 1075 1121 1108 illis
1150 1076 1181 1107 in
1209 1075 1352 1108 favorem
1381 1086 1663 1119 sptartnncumque
1689 1087 1802 1119 perso-

1058 1139 1182 1167 narum,
1201 1128 1239 1161 de
1259 1128 1328 1161 iure
1348 1135 1453 1161 tamen
1474 1129 1652 1172 capacium,
1672 1130 1799 1162 etiamsi

1059 1182 1197 1215 curiales
1226 1192 1295 1214 esse
1325 1182 1499 1221 desierint,
1530 1188 1562 1215 ct
1591 1182 1621 1215 in
1643 1193 1802 1226 quocum-

1059 1247 1121 1280 que
1139 1236 1211 1269 loco
1229 1236 1434 1279 quantumvis
1450 1242 1578 1269 remoto
1601 1237 1697 1270 etiam
1715 1240 1801 1270 extra

1036 1306 1038 1310 f
1059 1299 1172 1322 eorum
1198 1289 1367 1332 propriam
1393 1289 1603 1322 residentiam
1629 1300 1684 1322 eos
1710 1290 1802 1322 dece-

1059 1342 1137 1375 dere
1163 1342 1348 1384 contig‘erit,
1373 1342 1484 1375 testari
1510 1343 1559 1375 vel
1588 1343 1667 1376 alias
1693 1342 1803 1385 dispo-

1060 1405 1149 1435 nere,
1176 1395 1279 1438 iisque
1311 1395 1351 1427 ab
1377 1395 1528 1428 intestato
1555 1396 1803 1434 decedentibus,

1060 1448 1198 1491 legitimi
1242 1459 1355 1481 eorum
1402 1449 1560 1482 haeredes
1604 1450 1801 1493 quicumque

1059 1502 1236 1534 succedere
1257 1501 1361 1534 libere
1380 1507 1411 1534 et
1428 1502 1515 1534 licite
1542 1504 1678 1543 valeant,
1704 1502 1801 1536 simili

1059 1555 1157 1587 modo
1175 1555 1386 1587 concedimus
1405 1561 1434 1587 et
1454 1554 1685 1598 indulgemus:
1713 1566 1803 1599 prae-

1059 1607 1220 1650 cipientes
1239 1613 1270 1640 et
1289 1607 1480 1640 mandantes
1498 1608 1621 1641 eisdem
1636 1609 1801 1652 praefatae

1058 1659 1090 1692 S.
1110 1659 1147 1692 R.
1168 1659 1202 1692 E.
1224 1660 1415 1697 camerario,
1441 1661 1654 1702 thesaurario,
1680 1662 1802 1705 praesi-

1059 1712 1221 1752 dentibus,
1240 1713 1378 1749 clerieiS.
1399 1718 1430 1746 et
1447 1714 1614 1756 quibusvis
1640 1714 1710 1747 aliis
1729 1725 1802 1758 spo-

1036 1782 1038 1815 :
1059 1766 1177 1799 liorum
1204 1766 1391 1800 huiusmodi
1419 1767 1650 1800 collectoribus
1675 1773 1706 1801 et
1730 1768 1803 1800 sub-

1037 1841 1038 1847 η
1059 1819 1304 1860 collectoribus,
1325 1830 1359 1852 ae
1378 1820 1567 1853 militiarum
1594 1821 1674 1863 (non
1694 1825 1802 1854 tamen

1060 1873 1136 1905 dieti
1163 1872 1194 1905 S.
1214 1872 1341 1905 loannis
1367 1873 1682 1916 llierosolymitani)
1709 1884 1802 1917 prae-

1059 1926 1215 1959 dictarum
1249 1926 1487 1969 receptoribuS,
1516 1927 1711 1960 officialibus
1748 1932 1802 1960 aut

1058 1979 1234 2023 prioribus,
1249 1986 1280 2013 et
1294 1979 1460 2023 quibusvis
1476 1980 1546 2014 aliis
1561 1980 1722 2024 personis,
1738 1986 1802 2014 tam

1058 2032 1278 2066 saecularibus
1314 2043 1412 2075 quam
1449 2033 1670 2075 regularibus,
1704 2034 1802 2066 etiam

1058 2086 1197 2119 cuiusvis
1215 2085 1349 2119 militiae
1368 2091 1399 2119 et
1427 2086 1566 2119 cuiusvis
1585 2086 1719 2129 gradus,
1739 2091 1803 2120 sta-

1060 2145 1119 2180 tus,
1145 2139 1271 2172 ordinis
1296 2144 1328 2172 et
1355 2139 1651 2182 praeeminentiae,
1675 2140 1801 2173 etiamsi

1058 2193 1190 2236 speciali
1216 2195 1290 2226 nota
1315 2192 1404 2235 digni
1431 2193 1581 2233 existant,
1609 2203 1650 2226 ne
1683 2193 1715 2226 in
1746 2194 1803 2227 hu·

1059 2246 1197 2279 iusmodi
1224 2245 1321 2279 bonis
1347 2257 1463 2279 manus
1488 2252 1667 2290 apponant,
1693 2257 1801 2291 neque

1058 2300 1218 2333 liacrcdcs
1265 2299 1486 2342 praefatorum
1527 2300 1800 2334 conclavistarum

1059 2353 1201 2396 desuper
1226 2353 1399 2385 molestare
1425 2353 1564 2385 audeant
1589 2362 1645 2385 sen
1665 2363 1801 2397 praesu-

1059 2414 1166 2438 mant:
1186 2416 1220 2438 ae
1238 2405 1334 2438 etiam
1354 2406 1579 2445 decernentes,
1594 2406 1798 2443 donationes,

1058 2460 1154 2492 etiam
1182 2470 1239 2502 per
1265 2458 1347 2491 viam
1376 2459 1563 2491 testamenti
1583 2464 1612 2491 et
1631 2459 1801 2494 codicillo-

1057 2523 1126 2545 rum
1143 2539 1150 2552 ,
1178 2523 1236 2555 pcr
1271 2512 1358 2554 ipsos
1383 2511 1595 2544 rom-lavistas
1620 2511 1659 2545 de
1686 2523 1798 2546 corum

1056 2565 1150 2599 bonis
1183 2565 1369 2597 huiusmodi
1404 2564 1578 2605 faciendas,
1612 2576 1743 2609 semper
1769 2572 1800 2600 et

1034 2624 1214 2663 ,perpetuo
1240 2618 1360 2651 validas
1388 2624 1418 2651 et
1444 2619 1591 2654 efficaces
1618 2619 1698 2653 sore.
