2182 3137
61 214 111 241 Aa.
132 213 243 240 &1731

61 275 136 295 lisdem
151 274 242 299 collegia

60 307 85 321 ac
101 302 175 321 domus
201 302 242 319 tmn

60 328 169 352 regulares
200 329 242 346 tum

60 354 88 373 ad
112 354 198 373 invenes
220 361 242 371 a»

58 380 145 403 leudos,
159 379 242 399 maini-i-

59 407 242 432 busqueimbuen-

59 433 97 452 dos
114 433 190 452 litteris
202 438 242 451 cii»

59 464 108 484 gere
152 464 241 483 praetii)

59 485 166 505 ominari·
196 487 243 504 tan·

58 511 167 531 tumme-lo
194 517 242 530 con-

57 543 122 557 sensu
138 538 241 559 fundar-1,

58 566 98 585 etc.
116 564 223 584 concedit.

87 2065 232 2086 Praeseniium

49 2092 166 2113 litterarum
200 2094 232 2112 lir-

47 2121 128 2139 nutas.
157 2125 233 2144 perpe-

49 2147 129 2170 tuaque
153 2151 178 2165 ae
203 2152 232 2164 in-

49 2171 158 2191 violabilis
196 2172 232 2191 ob-

46 2200 165 2218 servantia.

875 211 1017 235 CLEMENS

298 261 312 303 ἓ
338 260 369 294 6.
396 261 529 294 Demum
564 261 680 293 iisdem
710 259 837 293 clericis
873 259 1000 301 regula-

255 314 345 346 ribus
383 314 585 357 pauperibus
626 314 734 346 Matris
772 313 854 351 Dei,
891 312 944 355 qui
982 323 1000 344 a

254 366 382 399 scholis
405 368 471 410 piis
497 366 772 404 denominantur,
799 366 999 408 illorumque

254 420 442 463 praeposito
459 419 604 462 generali
624 425 656 451 et
673 418 900 461 superioribus
918 429 1000 461 quo-

255 483 392 515 cumque
423 473 553 506 nomine
590 473 786 515 nuncupatis
806 499 813 511 ‚
845 472 999 504 concedi-

254 537 343 563 mus,
368 532 402 558 ut
426 526 548 568 ubique
573 527 739 564 locorum,
767 525 798 556 in
815 535 872 557 suo
892 530 997 557 tamen

254 578 410 620 singulari
437 578 605 619 districtu,
631 579 744 611 domos
770 584 800 610 et
818 583 998 610 conventus

254 633 436 673 regulares,
461 632 549 663 iuxta
576 631 710 664 Concilii
737 631 915 663 Tridentini
944 631 998 663 de-

253 690 358 723 creta,
387 695 446 726 pro
472 684 580 726 pueris
605 684 837 726 cuiuscumque
871 684 996 716 ordinis

253 742 284 769 et
309 737 530 775 conditionis,
556 737 587 768 in
615 737 780 779 quibusvis
806 737 996 769 liberalibus

253 789 436 832 disciplinis
462 790 568 821 latinis
596 795 626 822 et
651 790 779 831 graecis
803 816 810 828 ,
839 795 870 822 et
895 790 999 822 scien-

253 842 304 874 tiis
330 842 426 875 etiam
452 842 630 875 maioribus
655 854 673 874 a
698 853 732 874 se
759 843 968 875 instituendis
987 870 995 883 ,

252 896 406 937 collegia,
433 895 609 927 seminaria
635 901 666 928 et
692 896 856 927 convictus
875 906 910 928 ex
929 897 997 928 sola

252 947 383 980 licentia
401 947 662 986 Ordinariorum,
682 949 839 991 nulloque
859 949 994 980 aliarum

251 1010 465 1042 personarum
483 1000 621 1033 cuiusvis
639 1001 779 1039 Ordinis,
797 1002 893 1034 etiam
914 1002 997 1034 Men-

252 1053 437 1091 dicantium‚
458 1059 489 1086 et
515 1054 750 1097 cuiuscumque
765 1054 997 1097 congregatio-

251 1106 301 1137 nis
327 1106 520 1138 clericorum
547 1107 749 1149 regularium
771 1135 776 1146 ,
810 1108 905 1139 etiam
939 1108 996 1140 So-

251 1158 375 1191 cietatis
401 1159 470 1192 lesu
489 1187 496 1197 ‚
523 1160 682 1202 requisito
707 1170 867 1192 consensu
885 1187 893 1199 ‚
920 1171 996 1193 eon-

250 1212 339 1250 dere,
366 1213 502 1245 fundare
521 1219 551 1244 et
573 1213 700 1255 erigere
726 1213 828 1246 libere
856 1220 886 1246 et
908 1214 994 1246 licite

248 1265 374 1306 possint
398 1271 429 1298 et
455 1267 609 1304 valeant,
637 1266 733 1298 etiarn
764 1277 831 1298 non
867 1269 995 1299 servata

250 1317 427 1357 distantia,
455 1329 538 1360 quae
569 1320 608 1351 ab
639 1319 905 1352 antecessoribus
938 1331 994 1352 no-

248 1370 323 1402 stris
350 1370 503 1403 Romanis
528 1371 736 1403 Pontificibus
755 1372 793 1404 ad
812 1378 941 1404 centum
962 1378 994 1405 et
1015 1397 1016 1411 ,

249 1423 463 1464 quadraginta
488 1434 625 1461 cannas,
651 1425 716 1456 sive
741 1425 826 1456 aliud
847 1427 919 1467 plus
937 1427 993 1458 mi-

249 1486 307 1508 nus
333 1482 520 1508 accuratum
547 1477 686 1520 spatium
706 1478 745 1509 ab
763 1488 828 1511 uno
847 1479 886 1510 ad
905 1479 991 1511 aliud

248 1528 478 1571 religiosorum
507 1530 676 1562 bominum
703 1531 908 1571 coenobium,
934 1543 990 1564 seu

248 1583 623 1621 conventum,se1·vanda
634 1584 885 1625 praescribitur,
904 1584 993 1617 dum-

246 1634 344 1666 modo
371 1641 478 1666 tamen
500 1634 644 1667 redditus
671 1636 710 1667 ad
737 1637 889 1669 alendum
916 1638 992 1670 reli-

247 1686 413 1728 giosorum
439 1697 611 1719 numerum
645 1688 690 1720 eis
728 1688 759 1720 in
792 1690 993 1723 constitutio·
1012 1705 1013 1709 ¹

247 1739 343 1771 nibus
362 1740 550 1781 apostolicis
567 1740 816 1782 praescriptum,
838 1742 918 1774 citra
937 1753 993 1775 ne·
1012 1768 1014 1779 2

245 1793 428 1825 cessitatem
455 1793 661 1826 mendicandi
688 1800 719 1826 et
751 1797 964 1838 quaestuandi
982 1824 990 1836 ,

244 1852 280 1878 ut
304 1847 505 1890 praefertur,
525 1847 721 1880 sufficientes
739 1848 785 1881 eis
803 1856 988 1892 suppetant,

245 1899 330 1931 (licta
363 1901 557 1932 auctoritate
589 1904 700 1933 nostra
728 1929 734 1941 ,
767 1903 990 1944 praesentium

246 1957 376 1989 tenore,
395 1952 561 1984 licentiam
583 1957 612 1985 et
627 1953 813 1986 facultatem
828 1961 989 1997 perpetuo

245 2004 466 2045 impertimur.

288 2059 303 2100 ᾗ
329 2058 357 2090 7.
384 2058 539 2090 Volumus
565 2063 670 2091 autem
698 2059 756 2090 lias
782 2058 905 2091 litteras
933 2070 1010 2092 no-¹

244 2117 339 2150 stras,
366 2117 397 2142 et
423 2111 455 2142 in
488 2111 533 2143 eis
559 2116 711 2143 contenta
737 2122 985 2155 quaecumque,

244 2174 372 2206 semper
398 2169 430 2196 et
455 2170 612 2206 perpetuo
637 2164 758 2196 validas
784 2171 814 2197 et
841 2165 987 2198 efficaces

244 2227 317 2248 esse
343 2222 374 2249 et
398 2216 488 2256 sore,
516 2227 658 2259 suosque
691 2217 857 2258 plenarios
882 2223 913 2249 et
938 2217 987 2249 in-

192 2274 197 2278 '
244 2275 354 2311 tegros
371 2269 503 2301 effeetus
521 2268 630 2301 sortiri
658 2273 689 2300 et
714 2269 875 2307 obtinere,
890 2275 986 2312 atque

244 2321 283 2352 ab
309 2322 459 2353 omnibus
485 2326 517 2353 et
541 2320 696 2362 singuiis,
723 2321 763 2353 ad
800 2331 882 2363 quos
907 2332 987 2364 quo—

244 2373 426 2406 modolibet
450 2383 536 2404 nunc
561 2373 703 2415 pertinet
720 2377 751 2406 et
771 2374 985 2415 imposterum

244 2426 430 2470 pertinebit,
457 2426 594 2459 firmiter
618 2432 649 2458 et
674 2426 908 2460 inviolabiliter
934 2428 987 2459 ob·

244 2479 364 2512 servari
402 2479 542 2518 debere;
568 2479 696 2511 nullove
729 2490 871 2522 unquam
906 2484 986 2512 tem-

228 2534 324 2576 'pore
351 2543 387 2565 ex
414 2542 621 2575 quocumque
654 2532 759 2575 capite
793 2533 843 2565 vel
870 2535 983 2572 causa,

244 2585 451 2629 quantumvis
476 2584 622 2626 legitima
646 2590 678 2616 et
708 2584 859 2625 iuridicfi,
886 2586 983 2618 etiam

315 2648 395 2675 Bau.
411 2649 493 2675 Rom.
510 2662 542 2667 —
564 2648 624 2674 Vol.
641 2647 751 2674 XXIII.
896 2647 930 2674 32

1012 1677 1014 1692 l

1042 212 1086 235 xu
1111 214 1159 236 PP.
1681 203 1745 235 ⁶249
1791 212 1841 236 An.
1863 207 1978 236 (3.1·131

1043 270 1079 291 ex
1107 271 1146 293 eo
1173 262 1259 303 quod
1294 262 1524 304 cuiuscumque
1551 260 1679 294 Ordinis
1703 260 1788 292 Men-

1044 312 1220 344 dieantium
1259 314 1434 347 alteriusve
1460 314 1620 356 regularis
1646 312 1785 345 instituti

1043 364 1139 396 etiam
1165 365 1364 398 individuam
1387 373 1417 399 et
1435 377 1619 409 expressam
1645 366 1787 398 mentio-

1043 427 1116 449 nem
1138 418 1335 460 requirentis
1358 419 1546 461 superiores
1567 421 1616 452 vel
1635 419 1689 451 alii
1716 419 1786 461 qui-

1042 480 1180 512 cumque
1207 471 1238 502 in
1266 472 1452 513 praemissis
1479 478 1509 504 et
1536 473 1620 504 circa
1648 482 1684 504 ea
1707 482 1787 514 quo-

1042 523 1224 556 modolibet
1261 529 1292 555 et
1330 525 1442 566 quavis
1468 535 1503 557 ev
1536 525 1786 566 catisa‚vig01'e

1041 576 1285 618 privilegiorum
1313 577 1358 608 eis
1385 583 1416 609 et
1440 587 1553 609 eorum
1586 578 1721 610 cuilibet
1745 578 1785 609 ab

1041 630 1229 671 Apostolica
1253 629 1336 662 Sede
1375 640 1630 669 concessorum,
1659 631 1708 662 ius
1735 631 1784 662 vel

1041 681 1200 714 interesse
1227 682 1401 720 habentes,
1427 688 1481 714 aut
1502 692 1535 714 se
1555 682 1677 714 babere
1696 692 1786 724 prae-

1042 732 1221 771 tendenteS,
1249 732 1312 764 illis
1333 742 1398 764 non
1419 732 1657 771 consenseriut,
1678 742 1785 774 neque

1040 786 1079 817 ad
1106 786 1136 818 id
1163 786 1276 823 vocati,
1304 785 1402 824 citati,
1429 795 1490 816 nec
1515 785 1614 816 auditi
1642 795 1784 826 unquam

1041 838 1182 878 suerint,
1218 845 1249 871 et
1285 848 1422 875 causae,
1455 843 1592 880 propter
1617 848 1697 879 quas
1723 837 1785 869 hae

1040 897 1169 924 nostrae
1202 892 1329 923 litterae
1363 890 1570 933 prodierint,
1598 890 1783 928 adductae,

1039 945 1145 976 forsan
1172 944 1402 987 comprobatae
1441 950 1471 976 et
1498 944 1682 976 veriticatae
1719 953 1784 975 non

1017 1003 1168 1035 *essent‚
1196 998 1235 1029 de
1261 997 1485 1039 subreptionis
1503 997 1552 1029 vel
1580 996 1785 1038 obreptionis

1039 1056 1094 1082 aut
1119 1050 1277 1082 nullitatis
1301 1051 1350 1082 vel
1374 1049 1586 1081 invaliditatis
1620 1049 1714 1087 vitio,
1741 1049 1784 1080 si-

1017 1108 1018 1114 *
1038 1114 1074 1135 ve
1095 1103 1287 1137 intentionis
1313 1109 1443 1136 nostrae
1469 1108 1523 1134 aut
1548 1102 1696 1145 quolibet
1720 1102 1782 1134 alio

1037 1156 1239 1199 quantumvis
1264 1155 1468 1188 substantiali
1503 1155 1721 1196 inexcogitato
1747 1165 1783 1186 ac

1038 1209 1222 1252 specificam
1248 1215 1279 1241 et
1303 1208 1502 1241 individuam
1528 1207 1728 1239 mentionem
1751 1213 1783 1239 et

1038 1263 1283 1305 expressionem
1306 1262 1497 1304 requirente
1517 1262 1645 1293 defectu
1664 1261 1780 1297 notari,

1037 1316 1234 1358 impugnari,
1261 1314 1441 1350 invalidari,
1460 1315 1493 1346 in
1512 1314 1562 1346 ius
1579 1315 1629 1346 vel
1652 1319 1781 1346 contro-

1037 1369 1174 1401 versiam
1194 1368 1316 1407 vocari,
1335 1369 1384 1400 vel
1412 1368 1450 1399 ad
1474 1367 1556 1399 viam
1575 1372 1605 1399 et
1625 1366 1779 1398 terminos

1036 1421 1141 1461 iuris¹,
1159 1423 1209 1454 vel
1228 1422 1381 1454 adversus
1407 1421 1479 1453 illas
1506 1420 1721 1452 restitutionis
1748 1420 1780 1451 in

1036 1475 1210 1517 integrum,
1237 1474 1364 1506 aliudve
1384 1473 1476 1512 iuris,
1498 1473 1571 1505 sacti
1590 1474 1638 1505 vel
1657 1472 1780 1514 gratiae

1035 1529 1267 1571 quodcumque
1294 1526 1471 1558 remedium
1497 1526 1681 1568 impetrari,
1714 1525 1781 1556 sive

1036 1581 1132 1613 etiam
1157 1587 1246 1612 motu
1271 1579 1366 1611 simili
1382 1589 1537 1611 concesso
1557 1585 1588 1611 et
1605 1579 1781 1620 impetrato

1035 1634 1078 1665 uti
1107 1634 1154 1665 vel
1192 1633 1295 1664 iuvari
1332 1632 1482 1673 possint;
1510 1642 1617 1674 neque
1648 1632 1780 1663 easdem

1035 1692 1226 1729 praesentes
1263 1686 1321 1717 sub
1353 1685 1523 1728 quibusvis
1549 1685 1704 1717 similium
1729 1685 1780 1716 vel

1035 1739 1243 1772 dissimilium
1282 1738 1459 1780 gratiarum
1498 1738 1759 1770 revocationibus
1770 1765 1777 1777 ,

1012 1804 1013 1807 ¹
1034 1792 1329 1838 suspensionilius,
1355 1791 1625 1829 lirniiaiionibus,
1654 1791 1780 1823 modifi-

1033 1846 1225 1882 cationibus,
1254 1844 1537 1886 derogationibus,
1565 1844 1676 1876 aliisve
1695 1855 1776 1876 con-

1035 1899 1140 1931 trariis
1166 1898 1449 1940 dispositionibuS,
1469 1907 1527 1939 per
1548 1907 1607 1929 nos
1625 1897 1720 1929 etiam
1742 1908 1779 1929 ac

1010 1941 1012 1966 ⁴³
1034 1962 1238 1984 successores
1257 1956 1386 1982 nostros
1408 1950 1574 1982 Romanos
1593 1949 1777 1988 Pontifices,

1033 2006 1129 2037 etiam
1156 2011 1243 2037 motu
1278 2004 1369 2047 pari,
1396 2004 1461 2036 sive
1495 2003 1591 2035 etiam
1618 2003 1778 2035 consisto-

1031 2058 1166 2095 rialiter,
1192 2068 1228 2089 ac
1254 2057 1313 2088 sub
1340 2056 1506 2098 quibusvis
1544 2055 1711 2088 tenoribus
1747 2061 1779 2087 ct

1031 2111 1153 2149 formis,
1179 2109 1333 2142 clausulis
1360 2115 1391 2141 et
1416 2108 1566 2146 decretis,
1590 2108 1715 2140 etiamsi
1737 2108 1777 2140 dc

1029 2163 1144 2195 iisdem
1183 2163 1412 2205 praesentibus
1447 2162 1563 2194 litteris
1597 2172 1777 2203 earumque

1029 2216 1116 2249 omni
1144 2222 1256 2248 tenore
1283 2226 1320 2247 ac
1360 2216 1432 2247 data
1463 2214 1614 2258 specialis
1653 2214 1776 2246 mentio

1028 2270 1132 2307 lieret,
1158 2280 1217 2312 pro
1243 2274 1393 2311 tempore
1421 2268 1511 2300 sactis
1538 2273 1571 2300 et
1595 2269 1775 2306 concessis,

1029 2334 1065 2355 ac
1104 2322 1261 2355 faciendis
1296 2331 1327 2354 et
1357 2321 1601 2360 concedendis,
1630 2331 1777 2362 compre-

1029 2375 1128 2407 hendi
1156 2374 1380 2413 decernimus,
1409 2374 1464 2405 sed
1491 2383 1622 2415 semper
1646 2383 1699 2404 eas
1721 2383 1774 2404 611-

1028 2428 1114 2470 cipi,
1140 2433 1173 2459 et
1208 2427 1479 2470 quotiescumque
1515 2425 1716 2468 prodierint,
1744 2425 1775 2456 in

1028 2480 1201 2522 pristinum
1228 2490 1264 2511 ac
1289 2479 1533 2517 validissimum,
1561 2478 1658 2521 inque
1685 2488 1774 2517 eum,

1028 2533 1060 2565 in
1088 2543 1152 2576 quo
1178 2537 1273 2564 antea
1300 2531 1547 2574 quomodolibet
1571 2537 1685 2571 erant,
1710 2536 1777 2563 sta-

1064 2597 1074 2621 1
1098 2595 1180 2620 Deest
1201 2602 1294 2620 vocem
1314 2593 1416 2620 reduci
1436 2594 1475 2627 (R.
1493 2594 1541 2627 T.).
