<?xml version="1.0" encoding="UTF-8"?>
<!DOCTYPE html PUBLIC "-//W3C//DTD XHTML 1.0 Transitional//EN"
    "http://www.w3.org/TR/xhtml1/DTD/xhtml1-transitional.dtd">
<html xmlns="http://www.w3.org/1999/xhtml" xml:lang="en" lang="en">
 <head>
  <title>
</title>
<meta http-equiv="Content-Type" content="text/html;charset=utf-8" />
  <meta name='ocr-system' content='tesseract 3.04.00' />
  <meta name='ocr-capabilities' content='ocr_page ocr_carea ocr_par ocr_line ocrx_word'/>
</head>
<body>
  <div class='ocr_page' id='page_1' title='image "./bullarumdiplomat23cath_0281.png"; bbox 0 0 2182 3137; ppageno 0'>
   <div class='ocr_carea' id='block_1_1' title="bbox 75 201 258 240">
    <p class='ocr_par' dir='ltr' id='par_1_1' title="bbox 75 201 258 240">
     <span class='ocr_line' id='line_1_1' title="bbox 75 201 258 240; baseline 0 -10"><span class='ocrx_word' id='word_1_1' title='bbox 75 203 125 240; x_wconf 61' lang='lat' dir='ltr'><em>an.</em></span> <span class='ocrx_word' id='word_1_2' title='bbox 141 202 170 230; x_wconf 86' lang='lat' dir='ltr'><em>c.</em></span> <span class='ocrx_word' id='word_1_3' title='bbox 193 201 258 230; x_wconf 67' lang='lat'><em>1731</em></span> 
     </span>
    </p>
   </div>
   <div class='ocr_carea' id='block_1_2' title="bbox 75 1063 259 1219">
    <p class='ocr_par' dir='ltr' id='par_1_2' title="bbox 75 1063 259 1219">
     <span class='ocr_line' id='line_1_2' title="bbox 102 1063 259 1084; baseline -0.013 0"><span class='ocrx_word' id='word_1_4' title='bbox 102 1064 144 1084; x_wconf 72' lang='lat' dir='ltr'><em>Par</em></span> <span class='ocrx_word' id='word_1_5' title='bbox 160 1063 259 1084; x_wconf 73' lang='lat' dir='ltr'><em>dennun-</em></span> 
     </span>
     <span class='ocr_line' id='line_1_3' title="bbox 75 1091 257 1115; baseline 0 -5"><span class='ocrx_word' id='word_1_6' title='bbox 75 1091 128 1111; x_wconf 79' lang='lat' dir='ltr'><em>rium</em></span> <span class='ocrx_word' id='word_1_7' title='bbox 158 1091 257 1115; x_wconf 67' lang='lat' dir='ltr'><em>generale</em></span> 
     </span>
     <span class='ocr_line' id='line_1_4' title="bbox 75 1117 257 1137; baseline 0 -1"><span class='ocrx_word' id='word_1_8' title='bbox 75 1117 148 1137; x_wconf 70' lang='lat' dir='ltr'><em>decem</em></span> <span class='ocrx_word' id='word_1_9' title='bbox 169 1123 257 1137; x_wconf 79' lang='lat' dir='ltr'><em>comen-</em></span> 
     </span>
     <span class='ocr_line' id='line_1_5' title="bbox 76 1145 259 1168; baseline 0 -5"><span class='ocrx_word' id='word_1_10' title='bbox 76 1145 109 1163; x_wconf 60' lang='grc' dir='ltr'><em>θυι)</em></span> <span class='ocrx_word' id='word_1_11' title='bbox 134 1150 146 1163; x_wconf 72' lang='lat' dir='ltr'><em>a</em></span> <span class='ocrx_word' id='word_1_12' title='bbox 175 1149 259 1168; x_wconf 74' lang='lat' dir='ltr'><em>proriu-</em></span> 
     </span>
     <span class='ocr_line' id='line_1_6' title="bbox 75 1172 258 1190; baseline 0.005 -1"><span class='ocrx_word' id='word_1_13' title='bbox 75 1172 109 1190; x_wconf 65' lang='lat' dir='ltr'><em>cissa</em></span> <span class='ocrx_word' id='word_1_14' title='bbox 125 1172 211 1190; x_wconf 69' lang='lat' dir='ltr'><em>romana</em></span> <span class='ocrx_word' id='word_1_15' title='bbox 227 1176 258 1190; x_wconf 78' lang='lat' dir='ltr'><em>se-</em></span> 
     </span>
     <span class='ocr_line' id='line_1_7' title="bbox 76 1197 151 1219; baseline 0 -3"><span class='ocrx_word' id='word_1_16' title='bbox 76 1197 151 1219; x_wconf 77' lang='lat' dir='ltr'><em>iuncti,</em></span> 
     </span>
    </p>
   </div>
   <div class='ocr_carea' id='block_1_3' title="bbox 849 197 1164 227">
    <p class='ocr_par' dir='ltr' id='par_1_3' title="bbox 849 197 1164 227">
     <span class='ocr_line' id='line_1_8' title="bbox 849 197 1164 227; baseline -0.003 0"><span class='ocrx_word' id='word_1_17' title='bbox 849 197 852 201; x_wconf 74' lang='grc'>’</span> <span class='ocrx_word' id='word_1_18' title='bbox 879 201 1019 227; x_wconf 68' lang='lat' dir='ltr'>CLEMENS</span> <span class='ocrx_word' id='word_1_19' title='bbox 1044 201 1091 226; x_wconf 80' lang='grc' dir='ltr'><em>ΧΠ</em></span> <span class='ocrx_word' id='word_1_20' title='bbox 1114 201 1164 226; x_wconf 79' lang='grc' dir='ltr'><em>ΡΡ.</em></span> 
     </span>
    </p>
   </div>
   <div class='ocr_carea' id='block_1_4' title="bbox 575 252 710 287">
    <p class='ocr_par' dir='ltr' id='par_1_4' title="bbox 575 252 710 287">
     <span class='ocr_line' id='line_1_9' title="bbox 575 252 710 287; baseline 0 -1"><span class='ocrx_word' id='word_1_21' title='bbox 575 252 710 287; x_wconf 78' lang='lat' dir='ltr'>XXXVI.</span> 
     </span>
    </p>
   </div>
   <div class='ocr_carea' id='block_1_5' title="bbox 270 328 1014 1015">
    <p class='ocr_par' dir='ltr' id='par_1_5' title="bbox 270 328 1014 905">
     <span class='ocr_line' id='line_1_10' title="bbox 270 328 1014 375; baseline -0.007 -10"><span class='ocrx_word' id='word_1_22' title='bbox 270 332 493 375; x_wconf 69' lang='lat' dir='ltr'><em>Consti-matur</em></span> <span class='ocrx_word' id='word_1_23' title='bbox 509 331 669 365; x_wconf 76' lang='lat' dir='ltr'><em>decretum</em></span> <span class='ocrx_word' id='word_1_24' title='bbox 690 330 832 374; x_wconf 76' lang='lat' dir='ltr'><em>capituli</em></span> <span class='ocrx_word' id='word_1_25' title='bbox 851 328 1014 373; x_wconf 72' lang='lat' dir='ltr'><em>qeneralis</em></span> 
     </span>
     <span class='ocr_line' id='line_1_11' title="bbox 314 383 1014 428; baseline -0.007 -10"><span class='ocrx_word' id='word_1_26' title='bbox 314 385 583 428; x_wconf 69' lang='lat' dir='ltr'><em>Conqreyaliow&#39;s</em></span> <span class='ocrx_word' id='word_1_27' title='bbox 607 384 729 417; x_wconf 78' lang='lat' dir='ltr'><em>Italiae</em></span> <span class='ocrx_word' id='word_1_28' title='bbox 764 388 793 416; x_wconf 86' lang='lat' dir='ltr'><em>et</em></span> <span class='ocrx_word' id='word_1_29' title='bbox 820 383 1014 416; x_wconf 77' lang='lat' dir='ltr'><em>Germaniae</em></span> 
     </span>
     <span class='ocr_line' id='line_1_12' title="bbox 314 436 1014 480; baseline -0.006 -9"><span class='ocrx_word' id='word_1_30' title='bbox 314 438 450 471; x_wconf 80' lang='lat' dir='ltr'><em>Ordinis</em></span> <span class='ocrx_word' id='word_1_31' title='bbox 466 438 688 471; x_wconf 77' lang='lat' dir='ltr'><em>Eremitarum</em></span> <span class='ocrx_word' id='word_1_32' title='bbox 711 437 817 469; x_wconf 80' lang='lat' dir='ltr'><em>sancti</em></span> <span class='ocrx_word' id='word_1_33' title='bbox 833 436 1014 480; x_wconf 75' lang='lat' dir='ltr'><em>Aayustiai</em></span> 
     </span>
     <span class='ocr_line' id='line_1_13' title="bbox 311 490 1014 534; baseline -0.006 -10"><span class='ocrx_word' id='word_1_34' title='bbox 311 490 579 524; x_wconf 74' lang='lat' dir='ltr'><em>Excalceatorum</em></span> <span class='ocrx_word' id='word_1_35' title='bbox 614 494 877 534; x_wconf 70' lang='lat' dir='ltr'><em>nuncupatorum</em></span> <span class='ocrx_word' id='word_1_36' title='bbox 916 499 1014 532; x_wconf 73' lang='lat' dir='ltr'><em>snper</em></span> 
     </span>
     <span class='ocr_line' id='line_1_14' title="bbox 312 542 1010 589; baseline -0.003 -13"><span class='ocrx_word' id='word_1_37' title='bbox 312 545 520 589; x_wconf 82' lang='lat' dir='ltr'><em>separatione</em></span> <span class='ocrx_word' id='word_1_38' title='bbox 544 549 572 577; x_wconf 87' lang='lat' dir='ltr'><em>et</em></span> <span class='ocrx_word' id='word_1_39' title='bbox 597 544 883 577; x_wconf 74' lang='lat' dir='ltr'><em>dismembratimze</em></span> <span class='ocrx_word' id='word_1_40' title='bbox 907 542 1010 575; x_wconf 73' lang='lat' dir='ltr'><em>decern</em></span> 
     </span>
     <span class='ocr_line' id='line_1_15' title="bbox 313 596 1014 641; baseline -0.006 -10"><span class='ocrx_word' id='word_1_41' title='bbox 313 602 527 631; x_wconf 77' lang='lat' dir='ltr'><em>conventuum</em></span> <span class='ocrx_word' id='word_1_42' title='bbox 553 608 573 630; x_wconf 88' lang='grc' dir='ltr'><em>α</em></span> <span class='ocrx_word' id='word_1_43' title='bbox 596 598 766 641; x_wconf 72' lang='lat' dir='ltr'><em>provincia</em></span> <span class='ocrx_word' id='word_1_44' title='bbox 787 597 948 635; x_wconf 72' lang='lat' dir='ltr'><em>Romana,</em></span> <span class='ocrx_word' id='word_1_45' title='bbox 973 596 1014 628; x_wconf 69' lang='lat' dir='ltr'><em>a·</em></span> 
     </span>
     <span class='ocr_line' id='line_1_16' title="bbox 314 650 1014 695; baseline -0.001 -12"><span class='ocrx_word' id='word_1_46' title='bbox 314 650 486 695; x_wconf 80' lang='lat' dir='ltr'><em>lorumque</em></span> <span class='ocrx_word' id='word_1_47' title='bbox 510 652 664 684; x_wconf 76' lang='lat' dir='ltr'><em>erectione</em></span> <span class='ocrx_word' id='word_1_48' title='bbox 681 652 716 683; x_wconf 68' lang='lat' dir='ltr'><em>in</em></span> <span class='ocrx_word' id='word_1_49' title='bbox 741 661 859 683; x_wconf 79' lang='lat' dir='ltr'><em>noram</em></span> <span class='ocrx_word' id='word_1_50' title='bbox 882 650 1014 694; x_wconf 73' lang='lat' dir='ltr'><em>prot-in-</em></span> 
     </span>
     <span class='ocr_line' id='line_1_17' title="bbox 314 705 1014 747; baseline -0.001 -11"><span class='ocrx_word' id='word_1_51' title='bbox 314 705 400 737; x_wconf 80' lang='lat' dir='ltr'><em>ciam</em></span> <span class='ocrx_word' id='word_1_52' title='bbox 423 705 599 738; x_wconf 76' lang='lat' dir='ltr'><em>Ferrariae</em></span> <span class='ocrx_word' id='word_1_53' title='bbox 622 709 651 737; x_wconf 85' lang='lat' dir='ltr'><em>et</em></span> <span class='ocrx_word' id='word_1_54' title='bbox 676 705 792 737; x_wconf 82' lang='lat' dir='ltr'><em>Piceni</em></span> <span class='ocrx_word' id='word_1_55' title='bbox 819 713 1014 747; x_wconf 79' lang='lat' dir='ltr'><em>mmcupan-</em></span> 
     </span>
     <span class='ocr_line' id='line_1_18' title="bbox 313 756 1011 801; baseline -0.004 -10"><span class='ocrx_word' id='word_1_56' title='bbox 313 757 389 791; x_wconf 81' lang='lat' dir='ltr'><em>dam</em></span> <span class='ocrx_word' id='word_1_57' title='bbox 406 785 413 799; x_wconf 80' lang='lat'><strong><em>‚</em></strong></span> <span class='ocrx_word' id='word_1_58' title='bbox 431 769 504 791; x_wconf 83' lang='lat' dir='ltr'><em>cum</em></span> <span class='ocrx_word' id='word_1_59' title='bbox 530 758 682 790; x_wconf 68' lang='lat' dir='ltr'><em>ommibus</em></span> <span class='ocrx_word' id='word_1_60' title='bbox 707 756 895 801; x_wconf 70' lang='lat' dir='ltr'><em>pririleyiis</em></span> <span class='ocrx_word' id='word_1_61' title='bbox 911 784 917 796; x_wconf 84' lang='lat'><em>,</em></span> <span class='ocrx_word' id='word_1_62' title='bbox 938 760 1011 796; x_wconf 61' lang='lat' dir='ltr'><em>etc„</em></span> 
     </span>
     <span class='ocr_line' id='line_1_19' title="bbox 313 806 1013 852; baseline -0.003 -11"><span class='ocrx_word' id='word_1_63' title='bbox 313 819 351 841; x_wconf 86' lang='lat' dir='ltr'><em>ac</em></span> <span class='ocrx_word' id='word_1_64' title='bbox 375 809 537 842; x_wconf 77' lang='lat' dir='ltr'><em>creatione</em></span> <span class='ocrx_word' id='word_1_65' title='bbox 553 808 629 841; x_wconf 72' lang='lat' dir='ltr'><em>novi</em></span> <span class='ocrx_word' id='word_1_66' title='bbox 650 809 750 852; x_wconf 78' lang='lat' dir='ltr'><em>officii</em></span> <span class='ocrx_word' id='word_1_67' title='bbox 766 807 935 840; x_wconf 76' lang='lat' dir='ltr'><em>secretarii</em></span> <span class='ocrx_word' id='word_1_68' title='bbox 959 806 1013 839; x_wconf 86' lang='lat' dir='ltr'><em>de-</em></span> 
     </span>
     <span class='ocr_line' id='line_1_20' title="bbox 312 860 870 905; baseline -0.002 -11"><span class='ocrx_word' id='word_1_69' title='bbox 312 862 454 903; x_wconf 74' lang='lat' dir='ltr'><em>finitort&#39;i</em></span> <span class='ocrx_word' id='word_1_70' title='bbox 477 866 505 895; x_wconf 87' lang='lat' dir='ltr'><em>et</em></span> <span class='ocrx_word' id='word_1_71' title='bbox 530 862 670 905; x_wconf 75' lang='lat' dir='ltr'><em>capituli</em></span> <span class='ocrx_word' id='word_1_72' title='bbox 694 860 870 905; x_wconf 69' lang='lat' dir='ltr'><em>yeneralt&#39;s.</em></span> 
     </span>
    </p>

    <p class='ocr_par' dir='ltr' id='par_1_6' title="bbox 406 942 876 1015">
     <span class='ocr_line' id='line_1_21' title="bbox 484 942 812 976; baseline -0.006 -6"><span class='ocrx_word' id='word_1_73' title='bbox 484 943 619 970; x_wconf 83' lang='lat' dir='ltr'><em>Clemens</em></span> <span class='ocrx_word' id='word_1_74' title='bbox 642 942 722 976; x_wconf 82' lang='lat' dir='ltr'><em>Papa</em></span> <span class='ocrx_word' id='word_1_75' title='bbox 742 942 812 975; x_wconf 80' lang='grc' dir='ltr'><em>ΧΠ,</em></span> 
     </span>
     <span class='ocr_line' id='line_1_22' title="bbox 406 986 876 1015; baseline -0.002 -1"><span class='ocrx_word' id='word_1_76' title='bbox 406 987 444 1015; x_wconf 85' lang='lat' dir='ltr'><em>ad</em></span> <span class='ocrx_word' id='word_1_77' title='bbox 463 987 602 1014; x_wconf 81' lang='lat' dir='ltr'><em>futuram</em></span> <span class='ocrx_word' id='word_1_78' title='bbox 622 987 669 1014; x_wconf 87' lang='lat' dir='ltr'><em>rei</em></span> <span class='ocrx_word' id='word_1_79' title='bbox 687 986 876 1013; x_wconf 82' lang='lat' dir='ltr'><em>memoriam.</em></span> 
     </span>
    </p>
   </div>
   <div class='ocr_carea' id='block_1_6' title="bbox 270 1056 1013 1473">
    <p class='ocr_par' dir='ltr' id='par_1_7' title="bbox 270 1056 1013 1473">
     <span class='ocr_line' id='line_1_23' title="bbox 315 1056 1012 1102; baseline -0.003 -12"><span class='ocrx_word' id='word_1_80' title='bbox 315 1058 329 1102; x_wconf 65' lang='grc' dir='ltr'><strong>ἓ</strong></span> <span class='ocrx_word' id='word_1_81' title='bbox 347 1057 378 1091; x_wconf 76' lang='lat'><em>1.</em></span> <span class='ocrx_word' id='word_1_82' title='bbox 399 1057 524 1101; x_wconf 81' lang='lat' dir='ltr'><em>Exponi</em></span> <span class='ocrx_word' id='word_1_83' title='bbox 546 1058 641 1091; x_wconf 86' lang='lat' dir='ltr'><em>nobis</em></span> <span class='ocrx_word' id='word_1_84' title='bbox 658 1067 763 1101; x_wconf 91' lang='lat' dir='ltr'><em>nuper</em></span> <span class='ocrx_word' id='word_1_85' title='bbox 782 1057 856 1090; x_wconf 88' lang='lat' dir='ltr'><em>secit</em></span> <span class='ocrx_word' id='word_1_86' title='bbox 873 1056 1012 1090; x_wconf 80' lang='lat' dir='ltr'><em>dilectus</em></span> 
     </span>
     <span class='ocr_line' id='line_1_24' title="bbox 271 1109 1013 1155; baseline -0.003 -11"><span class='ocrx_word' id='word_1_87' title='bbox 271 1110 378 1144; x_wconf 66' lang='lat' dir='ltr'><em>fitius*</em></span> <span class='ocrx_word' id='word_1_88' title='bbox 410 1111 586 1144; x_wconf 84' lang='lat' dir='ltr'><em>modernus</em></span> <span class='ocrx_word' id='word_1_89' title='bbox 623 1117 817 1155; x_wconf 88' lang='lat' dir='ltr'><em>procurator</em></span> <span class='ocrx_word' id='word_1_90' title='bbox 848 1109 1013 1154; x_wconf 84' lang='lat' dir='ltr'><em>generalis</em></span> 
     </span>
     <span class='ocr_line' id='line_1_25' title="bbox 270 1163 1013 1208; baseline -0.004 -10"><span class='ocrx_word' id='word_1_91' title='bbox 270 1165 537 1208; x_wconf 80' lang='lat' dir='ltr'><em>Congregationis</em></span> <span class='ocrx_word' id='word_1_92' title='bbox 551 1165 660 1198; x_wconf 78' lang='lat' dir='ltr'>haliae</span> <span class='ocrx_word' id='word_1_93' title='bbox 676 1171 706 1198; x_wconf 90' lang='lat' dir='ltr'><em>et</em></span> <span class='ocrx_word' id='word_1_94' title='bbox 721 1164 913 1197; x_wconf 73' lang='lat' dir='ltr'><em>Germaniae</em></span> <span class='ocrx_word' id='word_1_95' title='bbox 927 1163 1013 1196; x_wconf 85' lang='lat' dir='ltr'><em>Ordi-</em></span> 
     </span>
     <span class='ocr_line' id='line_1_26' title="bbox 271 1217 1011 1259; baseline -0.001 -9"><span class='ocrx_word' id='word_1_96' title='bbox 271 1218 320 1251; x_wconf 89' lang='lat' dir='ltr'><em>nis</em></span> <span class='ocrx_word' id='word_1_97' title='bbox 339 1219 476 1251; x_wconf 80' lang='lat' dir='ltr'><em>fratrum</em></span> <span class='ocrx_word' id='word_1_98' title='bbox 492 1218 708 1251; x_wconf 84' lang='lat' dir='ltr'><em>Eremitarum</em></span> <span class='ocrx_word' id='word_1_99' title='bbox 724 1217 826 1251; x_wconf 80' lang='lat' dir='ltr'><em>sancti</em></span> <span class='ocrx_word' id='word_1_100' title='bbox 842 1217 1011 1259; x_wconf 73' lang='lat' dir='ltr'>Augustini</span> 
     </span>
     <span class='ocr_line' id='line_1_27' title="bbox 270 1270 1013 1314; baseline -0.003 -10"><span class='ocrx_word' id='word_1_101' title='bbox 270 1271 546 1305; x_wconf 86' lang='lat' dir='ltr'><em>Discalceatorurn</em></span> <span class='ocrx_word' id='word_1_102' title='bbox 564 1277 851 1314; x_wconf 75' lang='lat' dir='ltr'><em>nuncupatorum,</em></span> <span class='ocrx_word' id='word_1_103' title='bbox 872 1270 957 1314; x_wconf 82' lang='lat' dir='ltr'><em>quod</em></span> <span class='ocrx_word' id='word_1_104' title='bbox 982 1270 1013 1302; x_wconf 87' lang='lat' dir='ltr'><em>in</em></span> 
     </span>
     <span class='ocr_line' id='line_1_28' title="bbox 270 1323 1011 1369; baseline -0.004 -11"><span class='ocrx_word' id='word_1_105' title='bbox 270 1325 419 1369; x_wconf 74' lang='lat' dir='ltr'><em>proximo</em></span> <span class='ocrx_word' id='word_1_106' title='bbox 438 1325 618 1368; x_wconf 86' lang='lat' dir='ltr'><em>praeterito</em></span> <span class='ocrx_word' id='word_1_107' title='bbox 644 1324 788 1368; x_wconf 86' lang='lat' dir='ltr'><em>capitulo</em></span> <span class='ocrx_word' id='word_1_108' title='bbox 810 1323 953 1366; x_wconf 75' lang='lat' dir='ltr'><em>generali</em></span> <span class='ocrx_word' id='word_1_109' title='bbox 980 1323 1011 1355; x_wconf 91' lang='lat' dir='ltr'><em>in</em></span> 
     </span>
     <span class='ocr_line' id='line_1_29' title="bbox 271 1376 1012 1420; baseline -0.004 -9"><span class='ocrx_word' id='word_1_110' title='bbox 271 1378 332 1411; x_wconf 80' lang='lat' dir='ltr'><em>hac</em></span> <span class='ocrx_word' id='word_1_111' title='bbox 356 1379 441 1411; x_wconf 75' lang='lat' dir='ltr'><em>alma</em></span> <span class='ocrx_word' id='word_1_112' title='bbox 460 1378 545 1411; x_wconf 91' lang='lat' dir='ltr'><em>Urbe</em></span> <span class='ocrx_word' id='word_1_113' title='bbox 571 1380 685 1411; x_wconf 74' lang='lat' dir='ltr'><em>nostra</em></span> <span class='ocrx_word' id='word_1_114' title='bbox 710 1378 769 1409; x_wconf 89' lang='lat' dir='ltr'><em>sub</em></span> <span class='ocrx_word' id='word_1_115' title='bbox 794 1376 1012 1420; x_wconf 75' lang='lat' dir='ltr'><em>praesidentia</em></span> 
     </span>
     <span class='ocr_line' id='line_1_30' title="bbox 271 1429 1013 1473; baseline -0.001 -11"><span class='ocrx_word' id='word_1_116' title='bbox 271 1430 383 1464; x_wconf 87' lang='lat' dir='ltr'><em>dilecti</em></span> <span class='ocrx_word' id='word_1_117' title='bbox 404 1430 459 1464; x_wconf 86' lang='lat' dir='ltr'><em>lilii</em></span> <span class='ocrx_word' id='word_1_118' title='bbox 478 1431 583 1464; x_wconf 89' lang='lat' dir='ltr'><em>nostri</em></span> <span class='ocrx_word' id='word_1_119' title='bbox 602 1431 733 1473; x_wconf 74' lang='lat' dir='ltr'><em>Ioseplii</em></span> <span class='ocrx_word' id='word_1_120' title='bbox 754 1430 868 1463; x_wconf 82' lang='lat' dir='ltr'><em>Renati</em></span> <span class='ocrx_word' id='word_1_121' title='bbox 887 1429 1013 1462; x_wconf 82' lang='lat' dir='ltr'>S.R.E.</span> 
     </span>
    </p>
   </div>
   <div class='ocr_carea' id='block_1_7' title="bbox 270 1483 1037 1527">
    <p class='ocr_par' dir='ltr' id='par_1_8' title="bbox 270 1483 1037 1527">
     <span class='ocr_line' id='line_1_31' title="bbox 270 1483 1037 1527; baseline -0.003 -11"><span class='ocrx_word' id='word_1_122' title='bbox 270 1483 454 1527; x_wconf 84' lang='lat' dir='ltr'><em>presbyteri</em></span> <span class='ocrx_word' id='word_1_123' title='bbox 492 1483 667 1516; x_wconf 86' lang='lat' dir='ltr'><em>cardinalis</em></span> <span class='ocrx_word' id='word_1_124' title='bbox 701 1483 862 1526; x_wconf 81' lang='lat' dir='ltr'><em>imperiali</em></span> <span class='ocrx_word' id='word_1_125' title='bbox 897 1493 1037 1515; x_wconf 51' lang='lat' dir='ltr'><em>nuncu-¹</em></span> 
     </span>
    </p>
   </div>
   <div class='ocr_carea' id='block_1_8' title="bbox 271 1535 1019 2540">
    <p class='ocr_par' dir='ltr' id='par_1_9' title="bbox 271 1535 1019 2540">
     <span class='ocr_line' id='line_1_32' title="bbox 271 1535 1013 1580; baseline -0.001 -11"><span class='ocrx_word' id='word_1_126' title='bbox 271 1537 347 1580; x_wconf 86' lang='lat' dir='ltr'><em>pati,</em></span> <span class='ocrx_word' id='word_1_127' title='bbox 375 1537 451 1570; x_wconf 81' lang='lat' dir='ltr'><em>dicti</em></span> <span class='ocrx_word' id='word_1_128' title='bbox 477 1536 608 1570; x_wconf 75' lang='lat' dir='ltr'>Ordinis</span> <span class='ocrx_word' id='word_1_129' title='bbox 635 1537 720 1580; x_wconf 88' lang='lat' dir='ltr'><em>apud</em></span> <span class='ocrx_word' id='word_1_130' title='bbox 747 1547 805 1569; x_wconf 80' lang='lat' dir='ltr'><em>nos</em></span> <span class='ocrx_word' id='word_1_131' title='bbox 843 1542 874 1568; x_wconf 90' lang='lat' dir='ltr'><em>et</em></span> <span class='ocrx_word' id='word_1_132' title='bbox 897 1535 1013 1569; x_wconf 85' lang='lat' dir='ltr'><em>Scdcm</em></span> 
     </span>
     <span class='ocr_line' id='line_1_33' title="bbox 271 1590 1014 1634; baseline -0.001 -12"><span class='ocrx_word' id='word_1_133' title='bbox 271 1590 492 1633; x_wconf 81' lang='lat' dir='ltr'><em>Apostolicam</em></span> <span class='ocrx_word' id='word_1_134' title='bbox 528 1590 741 1634; x_wconf 72' lang='lat' dir='ltr'><em>protectoriS,</em></span> <span class='ocrx_word' id='word_1_135' title='bbox 779 1590 960 1629; x_wconf 84' lang='lat' dir='ltr'><em>celebrato,</em></span> <span class='ocrx_word' id='word_1_136' title='bbox 998 1600 1014 1621; x_wconf 87' lang='lat' dir='ltr'><em>a</em></span> 
     </span>
     <span class='ocr_line' id='line_1_34' title="bbox 271 1643 1015 1686; baseline 0 -11"><span class='ocrx_word' id='word_1_137' title='bbox 271 1643 460 1676; x_wconf 80' lang='lat' dir='ltr'><em>definitorio</em></span> <span class='ocrx_word' id='word_1_138' title='bbox 485 1643 631 1686; x_wconf 81' lang='lat' dir='ltr'><em>generali</em></span> <span class='ocrx_word' id='word_1_139' title='bbox 658 1643 762 1686; x_wconf 75' lang='lat' dir='ltr'><em>ipsius</em></span> <span class='ocrx_word' id='word_1_140' title='bbox 779 1643 1015 1685; x_wconf 76' lang='lat' dir='ltr'><em>Congrcgatio-</em></span> 
     </span>
     <span class='ocr_line' id='line_1_35' title="bbox 272 1696 1016 1740; baseline -0.001 -10"><span class='ocrx_word' id='word_1_141' title='bbox 272 1697 332 1737; x_wconf 88' lang='lat' dir='ltr'><em>nis,</em></span> <span class='ocrx_word' id='word_1_142' title='bbox 351 1698 392 1730; x_wconf 88' lang='lat' dir='ltr'><em>ob</em></span> <span class='ocrx_word' id='word_1_143' title='bbox 414 1697 514 1730; x_wconf 87' lang='lat' dir='ltr'><em>iustas</em></span> <span class='ocrx_word' id='word_1_144' title='bbox 534 1702 564 1730; x_wconf 87' lang='lat' dir='ltr'><em>et</em></span> <span class='ocrx_word' id='word_1_145' title='bbox 585 1707 697 1740; x_wconf 76' lang='lat' dir='ltr'><em>graves</em></span> <span class='ocrx_word' id='word_1_146' title='bbox 724 1697 878 1735; x_wconf 83' lang='lat' dir='ltr'><em>rationes,</em></span> <span class='ocrx_word' id='word_1_147' title='bbox 905 1697 943 1729; x_wconf 89' lang='lat' dir='ltr'><em>ad</em></span> <span class='ocrx_word' id='word_1_148' title='bbox 970 1696 1016 1729; x_wconf 91' lang='lat' dir='ltr'><em>in-</em></span> 
     </span>
     <span class='ocr_line' id='line_1_36' title="bbox 271 1750 1014 1794; baseline 0 -12"><span class='ocrx_word' id='word_1_149' title='bbox 271 1750 424 1783; x_wconf 86' lang='lat' dir='ltr'><em>stantiam</em></span> <span class='ocrx_word' id='word_1_150' title='bbox 450 1750 567 1793; x_wconf 88' lang='lat' dir='ltr'><em>prioris</em></span> <span class='ocrx_word' id='word_1_151' title='bbox 592 1750 800 1794; x_wconf 86' lang='lat' dir='ltr'><em>provincialis</em></span> <span class='ocrx_word' id='word_1_152' title='bbox 826 1750 1014 1794; x_wconf 81' lang='lat' dir='ltr'><em>provinciae</em></span> 
     </span>
     <span class='ocr_line' id='line_1_37' title="bbox 273 1803 1016 1847; baseline 0.001 -12"><span class='ocrx_word' id='word_1_153' title='bbox 273 1803 439 1836; x_wconf 79' lang='lat' dir='ltr'><em>Romanae</em></span> <span class='ocrx_word' id='word_1_154' title='bbox 465 1803 601 1847; x_wconf 81' lang='lat' dir='ltr'><em>eiusque</em></span> <span class='ocrx_word' id='word_1_155' title='bbox 628 1803 805 1836; x_wconf 87' lang='lat' dir='ltr'><em>dcfinitorii</em></span> <span class='ocrx_word' id='word_1_156' title='bbox 835 1803 1016 1846; x_wconf 71' lang='lat' dir='ltr'><em>provincia-</em></span> 
     </span>
     <span class='ocr_line' id='line_1_38' title="bbox 272 1856 1014 1899; baseline 0 -11"><span class='ocrx_word' id='word_1_157' title='bbox 272 1857 325 1897; x_wconf 81' lang='lat' dir='ltr'><em>lis,</em></span> <span class='ocrx_word' id='word_1_158' title='bbox 354 1857 394 1889; x_wconf 87' lang='lat' dir='ltr'><em>ab</em></span> <span class='ocrx_word' id='word_1_159' title='bbox 420 1857 480 1889; x_wconf 85' lang='lat' dir='ltr'><em>bac</em></span> <span class='ocrx_word' id='word_1_160' title='bbox 506 1856 670 1899; x_wconf 76' lang='lat' dir='ltr'><em>provincia</em></span> <span class='ocrx_word' id='word_1_161' title='bbox 696 1857 807 1889; x_wconf 85' lang='lat' dir='ltr'><em>decem</em></span> <span class='ocrx_word' id='word_1_162' title='bbox 835 1862 1014 1889; x_wconf 78' lang='lat' dir='ltr'><em>conventus</em></span> 
     </span>
     <span class='ocr_line' id='line_1_39' title="bbox 273 1909 1016 1949; baseline -0.001 -7"><span class='ocrx_word' id='word_1_163' title='bbox 273 1910 303 1943; x_wconf 90' lang='lat' dir='ltr'><em>in</em></span> <span class='ocrx_word' id='word_1_164' title='bbox 330 1910 448 1943; x_wconf 89' lang='lat' dir='ltr'><em>ducatu</em></span> <span class='ocrx_word' id='word_1_165' title='bbox 474 1909 686 1949; x_wconf 80' lang='lat' dir='ltr'><em>Ferrariensi,</em></span> <span class='ocrx_word' id='word_1_166' title='bbox 712 1910 833 1942; x_wconf 81' lang='lat' dir='ltr'><em>Piceno</em></span> <span class='ocrx_word' id='word_1_167' title='bbox 859 1915 890 1942; x_wconf 87' lang='lat' dir='ltr'><em>et</em></span> <span class='ocrx_word' id='word_1_168' title='bbox 914 1909 945 1942; x_wconf 91' lang='lat' dir='ltr'><em>in</em></span> <span class='ocrx_word' id='word_1_169' title='bbox 973 1910 1016 1942; x_wconf 87' lang='lat' dir='ltr'><em>ci-</em></span> 
     </span>
     <span class='ocr_line' id='line_1_40' title="bbox 272 1962 1015 2005; baseline 0 -10"><span class='ocrx_word' id='word_1_170' title='bbox 272 1963 370 1995; x_wconf 83' lang='lat' dir='ltr'><em>vitate</em></span> <span class='ocrx_word' id='word_1_171' title='bbox 390 1962 504 1995; x_wconf 84' lang='lat' dir='ltr'><em>Adriae</em></span> <span class='ocrx_word' id='word_1_172' title='bbox 523 1963 630 2005; x_wconf 88' lang='lat' dir='ltr'><em>positi.</em></span> <span class='ocrx_word' id='word_1_173' title='bbox 651 1962 704 2005; x_wconf 83' lang='lat' dir='ltr'><em>qui</em></span> <span class='ocrx_word' id='word_1_174' title='bbox 723 1973 794 1995; x_wconf 88' lang='lat' dir='ltr'><em>cum</em></span> <span class='ocrx_word' id='word_1_175' title='bbox 811 1963 882 1995; x_wconf 83' lang='lat' dir='ltr'><em>aliis</em></span> <span class='ocrx_word' id='word_1_176' title='bbox 901 1963 1015 1995; x_wconf 86' lang='lat' dir='ltr'><em>decem</em></span> 
     </span>
     <span class='ocr_line' id='line_1_41' title="bbox 274 2015 1017 2059; baseline -0.001 -10"><span class='ocrx_word' id='word_1_177' title='bbox 274 2016 305 2049; x_wconf 93' lang='lat' dir='ltr'><em>in</em></span> <span class='ocrx_word' id='word_1_178' title='bbox 332 2015 417 2049; x_wconf 88' lang='lat' dir='ltr'><em>Urbe</em></span> <span class='ocrx_word' id='word_1_179' title='bbox 444 2015 631 2059; x_wconf 76' lang='lat' dir='ltr'><em>praedicta,</em></span> <span class='ocrx_word' id='word_1_180' title='bbox 664 2016 791 2055; x_wconf 76' lang='lat' dir='ltr'><em>Tuscia,</em></span> <span class='ocrx_word' id='word_1_181' title='bbox 822 2016 952 2048; x_wconf 69' lang='lat' dir='ltr'><em>Umbria</em></span> <span class='ocrx_word' id='word_1_182' title='bbox 985 2021 1017 2048; x_wconf 83' lang='lat' dir='ltr'><em>et</em></span> 
     </span>
     <span class='ocr_line' id='line_1_42' title="bbox 274 2068 1017 2112; baseline 0 -11"><span class='ocrx_word' id='word_1_183' title='bbox 274 2069 364 2102; x_wconf 87' lang='lat' dir='ltr'><em>Latio</em></span> <span class='ocrx_word' id='word_1_184' title='bbox 390 2069 573 2112; x_wconf 79' lang='lat' dir='ltr'><em>respective</em></span> <span class='ocrx_word' id='word_1_185' title='bbox 610 2069 681 2101; x_wconf 84' lang='lat' dir='ltr'><em>sitis</em></span> <span class='ocrx_word' id='word_1_186' title='bbox 714 2068 859 2102; x_wconf 88' lang='lat' dir='ltr'><em>eamdem</em></span> <span class='ocrx_word' id='word_1_187' title='bbox 886 2069 1017 2112; x_wconf 85' lang='lat' dir='ltr'><em>provin-</em></span> 
     </span>
     <span class='ocr_line' id='line_1_43' title="bbox 276 2122 1015 2162; baseline 0 -7"><span class='ocrx_word' id='word_1_188' title='bbox 276 2123 358 2156; x_wconf 84' lang='lat' dir='ltr'><em>ciam</em></span> <span class='ocrx_word' id='word_1_189' title='bbox 385 2123 561 2155; x_wconf 84' lang='lat' dir='ltr'><em>Romanam</em></span> <span class='ocrx_word' id='word_1_190' title='bbox 588 2122 851 2162; x_wconf 75' lang='lat' dir='ltr'><em>constituebant,</em></span> <span class='ocrx_word' id='word_1_191' title='bbox 878 2122 1015 2155; x_wconf 87' lang='lat' dir='ltr'><em>seiuncti</em></span> 
     </span>
     <span class='ocr_line' id='line_1_44' title="bbox 274 2175 1017 2219; baseline 0 -10"><span class='ocrx_word' id='word_1_192' title='bbox 274 2181 306 2209; x_wconf 88' lang='lat' dir='ltr'><em>et</em></span> <span class='ocrx_word' id='word_1_193' title='bbox 330 2177 483 2219; x_wconf 78' lang='lat' dir='ltr'><em>separati,</em></span> <span class='ocrx_word' id='word_1_194' title='bbox 508 2181 540 2208; x_wconf 87' lang='lat' dir='ltr'><em>et</em></span> <span class='ocrx_word' id='word_1_195' title='bbox 564 2176 595 2209; x_wconf 91' lang='lat' dir='ltr'><em>in</em></span> <span class='ocrx_word' id='word_1_196' title='bbox 621 2186 717 2208; x_wconf 86' lang='lat' dir='ltr'><em>unam</em></span> <span class='ocrx_word' id='word_1_197' title='bbox 744 2186 859 2209; x_wconf 80' lang='lat' dir='ltr'><em>noram</em></span> <span class='ocrx_word' id='word_1_198' title='bbox 886 2175 1017 2219; x_wconf 83' lang='lat' dir='ltr'><em>provin-</em></span> 
     </span>
     <span class='ocr_line' id='line_1_45' title="bbox 275 2229 1016 2272; baseline -0.001 -10"><span class='ocrx_word' id='word_1_199' title='bbox 275 2229 357 2262; x_wconf 87' lang='lat' dir='ltr'>ciam</span> <span class='ocrx_word' id='word_1_200' title='bbox 384 2229 652 2272; x_wconf 81' lang='lat' dir='ltr'><em>Congregationis</em></span> <span class='ocrx_word' id='word_1_201' title='bbox 685 2229 873 2262; x_wconf 84' lang='lat' dir='ltr'><em>huiusmodi</em></span> <span class='ocrx_word' id='word_1_202' title='bbox 904 2229 1016 2261; x_wconf 86' lang='lat' dir='ltr'><em>Ferra-</em></span> 
     </span>
     <span class='ocr_line' id='line_1_46' title="bbox 274 2281 1016 2326; baseline -0.001 -11"><span class='ocrx_word' id='word_1_203' title='bbox 274 2282 341 2315; x_wconf 86' lang='lat' dir='ltr'><em>riae</em></span> <span class='ocrx_word' id='word_1_204' title='bbox 361 2287 392 2316; x_wconf 83' lang='lat' dir='ltr'><em>et</em></span> <span class='ocrx_word' id='word_1_205' title='bbox 405 2281 515 2315; x_wconf 88' lang='lat' dir='ltr'><em>Piceni</em></span> <span class='ocrx_word' id='word_1_206' title='bbox 534 2282 796 2325; x_wconf 76' lang='lat' dir='ltr'><em>nuncupandam,</em></span> <span class='ocrx_word' id='word_1_207' title='bbox 813 2292 894 2326; x_wconf 87' lang='lat' dir='ltr'><em>quae</em></span> <span class='ocrx_word' id='word_1_208' title='bbox 913 2282 1016 2315; x_wconf 85' lang='lat' dir='ltr'><em>omni-</em></span> 
     </span>
     <span class='ocr_line' id='line_1_47' title="bbox 274 2335 1015 2379; baseline 0 -12"><span class='ocrx_word' id='word_1_209' title='bbox 274 2335 334 2367; x_wconf 86' lang='lat' dir='ltr'><em>bus</em></span> <span class='ocrx_word' id='word_1_210' title='bbox 359 2335 482 2377; x_wconf 81' lang='lat' dir='ltr'><em>gratiis,</em></span> <span class='ocrx_word' id='word_1_211' title='bbox 516 2335 722 2368; x_wconf 80' lang='lat' dir='ltr'><em>facultatibus</em></span> <span class='ocrx_word' id='word_1_212' title='bbox 760 2341 791 2369; x_wconf 87' lang='lat' dir='ltr'><em>et</em></span> <span class='ocrx_word' id='word_1_213' title='bbox 826 2335 1015 2379; x_wconf 74' lang='lat' dir='ltr'><em>privilegiis,</em></span> 
     </span>
     <span class='ocr_line' id='line_1_48' title="bbox 276 2388 1017 2432; baseline 0.003 -12"><span class='ocrx_word' id='word_1_214' title='bbox 276 2388 347 2421; x_wconf 84' lang='lat' dir='ltr'><em>aliis</em></span> <span class='ocrx_word' id='word_1_215' title='bbox 371 2389 547 2432; x_wconf 83' lang='lat' dir='ltr'><em>provinciis</em></span> <span class='ocrx_word' id='word_1_216' title='bbox 571 2390 757 2432; x_wconf 83' lang='lat' dir='ltr'><em>praedictae</em></span> <span class='ocrx_word' id='word_1_217' title='bbox 782 2389 1017 2432; x_wconf 78' lang='lat' dir='ltr'><em>Congregatio-</em></span> 
     </span>
     <span class='ocr_line' id='line_1_49' title="bbox 275 2440 1019 2486; baseline 0.001 -12"><span class='ocrx_word' id='word_1_218' title='bbox 275 2440 326 2474; x_wconf 86' lang='lat' dir='ltr'><em>nis</em></span> <span class='ocrx_word' id='word_1_219' title='bbox 353 2442 628 2485; x_wconf 81' lang='lat' dir='ltr'><em>competentibus,</em></span> <span class='ocrx_word' id='word_1_220' title='bbox 652 2443 712 2475; x_wconf 81' lang='lat' dir='ltr'><em>frui</em></span> <span class='ocrx_word' id='word_1_221' title='bbox 737 2448 770 2476; x_wconf 89' lang='lat' dir='ltr'><em>et</em></span> <span class='ocrx_word' id='word_1_222' title='bbox 797 2443 938 2486; x_wconf 81' lang='lat' dir='ltr'><em>gaudere</em></span> <span class='ocrx_word' id='word_1_223' title='bbox 964 2443 1019 2475; x_wconf 91' lang='lat' dir='ltr'><em>de-</em></span> 
     </span>
     <span class='ocr_line' id='line_1_50' title="bbox 277 2495 1018 2540; baseline 0.003 -13"><span class='ocrx_word' id='word_1_224' title='bbox 277 2495 362 2536; x_wconf 88' lang='lat' dir='ltr'><em>beat,</em></span> <span class='ocrx_word' id='word_1_225' title='bbox 392 2495 490 2528; x_wconf 87' lang='lat' dir='ltr'><em>erecti</em></span> <span class='ocrx_word' id='word_1_226' title='bbox 518 2495 667 2536; x_wconf 81' lang='lat' dir='ltr'><em>suerunt;</em></span> <span class='ocrx_word' id='word_1_227' title='bbox 694 2501 724 2529; x_wconf 90' lang='lat' dir='ltr'><em>et</em></span> <span class='ocrx_word' id='word_1_228' title='bbox 749 2496 881 2540; x_wconf 86' lang='lat' dir='ltr'><em>insuper</em></span> <span class='ocrx_word' id='word_1_229' title='bbox 907 2496 937 2529; x_wconf 90' lang='lat' dir='ltr'><em>in</em></span> <span class='ocrx_word' id='word_1_230' title='bbox 965 2507 1018 2529; x_wconf 88' lang='lat' dir='ltr'><em>eo-</em></span> 
     </span>
    </p>
   </div>
   <div class='ocr_carea' id='block_1_9' title="bbox 315 2610 884 2648">
    <p class='ocr_par' dir='ltr' id='par_1_10' title="bbox 315 2610 884 2648">
     <span class='ocr_line' id='line_1_51' title="bbox 315 2610 884 2648; baseline -0.002 -8"><span class='ocrx_word' id='word_1_231' title='bbox 315 2612 326 2640; x_wconf 86' lang='lat'>1</span> <span class='ocrx_word' id='word_1_232' title='bbox 349 2611 451 2640; x_wconf 69' lang='lat' dir='ltr'><em>Vocem</em></span> <span class='ocrx_word' id='word_1_233' title='bbox 472 2610 550 2647; x_wconf 68' lang='lat' dir='ltr'><em>filius</em></span> <span class='ocrx_word' id='word_1_234' title='bbox 571 2619 619 2640; x_wconf 77' lang='lat' dir='ltr'><em>nos</em></span> <span class='ocrx_word' id='word_1_235' title='bbox 639 2610 762 2640; x_wconf 82' lang='lat' dir='ltr'><em>addimus</em></span> <span class='ocrx_word' id='word_1_236' title='bbox 782 2613 818 2648; x_wconf 78' lang='lat' dir='ltr'><em>(a.</em></span> <span class='ocrx_word' id='word_1_237' title='bbox 835 2612 884 2647; x_wconf 69' lang='lat' dir='ltr'><em>r).</em></span> 
     </span>
    </p>
   </div>
   <div class='ocr_carea' id='block_1_10' title="bbox 1034 267 1040 2326">
    <p class='ocr_par' dir='ltr' id='par_1_11' title="bbox 1034 267 1040 2326">
     <span class='ocr_line' id='line_1_52' title="bbox 1034 267 1040 2326; baseline 0 0"><span class='ocrx_word' id='word_1_238' title='bbox 1034 267 1040 2326; x_wconf 95' lang='lat' dir='ltr'><em> </em></span> 
     </span>
    </p>
   </div>
   <div class='ocr_carea' id='block_1_11' title="bbox 1057 250 1801 930">
    <p class='ocr_par' dir='ltr' id='par_1_12' title="bbox 1057 250 1801 930">
     <span class='ocr_line' id='line_1_53' title="bbox 1058 250 1798 295; baseline -0.001 -12"><span class='ocrx_word' id='word_1_239' title='bbox 1058 251 1129 283; x_wconf 87' lang='lat' dir='ltr'><em>dem</em></span> <span class='ocrx_word' id='word_1_240' title='bbox 1157 250 1346 285; x_wconf 82' lang='lat' dir='ltr'><em>definitorio</em></span> <span class='ocrx_word' id='word_1_241' title='bbox 1373 251 1516 295; x_wconf 81' lang='lat' dir='ltr'><em>generali</em></span> <span class='ocrx_word' id='word_1_242' title='bbox 1544 251 1710 285; x_wconf 87' lang='lat' dir='ltr'><em>decretum</em></span> <span class='ocrx_word' id='word_1_243' title='bbox 1729 251 1798 290; x_wconf 80' lang='lat' dir='ltr'><em>suit,</em></span> 
     </span>
     <span class='ocr_line' id='line_1_54' title="bbox 1057 304 1799 349; baseline 0.003 -15"><span class='ocrx_word' id='word_1_244' title='bbox 1057 304 1144 346; x_wconf 88' lang='lat' dir='ltr'><em>quod</em></span> <span class='ocrx_word' id='word_1_245' title='bbox 1166 304 1387 347; x_wconf 80' lang='lat' dir='ltr'><em>imposterum,</em></span> <span class='ocrx_word' id='word_1_246' title='bbox 1405 311 1536 349; x_wconf 84' lang='lat' dir='ltr'><em>praeter</em></span> <span class='ocrx_word' id='word_1_247' title='bbox 1553 310 1624 338; x_wconf 85' lang='lat' dir='ltr'><em>octo</em></span> <span class='ocrx_word' id='word_1_248' title='bbox 1643 304 1799 338; x_wconf 85' lang='lat' dir='ltr'><em>officiales</em></span> 
     </span>
     <span class='ocr_line' id='line_1_55' title="bbox 1057 357 1796 401; baseline 0.003 -14"><span class='ocrx_word' id='word_1_249' title='bbox 1057 358 1229 398; x_wconf 76' lang='lat' dir='ltr'><em>generales</em></span> <span class='ocrx_word' id='word_1_250' title='bbox 1266 364 1466 391; x_wconf 80' lang='lat' dir='ltr'><em>memoratae</em></span> <span class='ocrx_word' id='word_1_251' title='bbox 1506 357 1796 401; x_wconf 67' lang='lat' dir='ltr'><em>Congregationis,</em></span> 
     </span>
     <span class='ocr_line' id='line_1_56' title="bbox 1058 410 1799 452; baseline 0.004 -14"><span class='ocrx_word' id='word_1_252' title='bbox 1058 418 1141 440; x_wconf 71' lang='lat' dir='ltr'><em>tinus</em></span> <span class='ocrx_word' id='word_1_253' title='bbox 1167 419 1268 442; x_wconf 78' lang='lat' dir='ltr'><em>novus</em></span> <span class='ocrx_word' id='word_1_254' title='bbox 1293 410 1439 443; x_wconf 83' lang='lat' dir='ltr'><em>officialis</em></span> <span class='ocrx_word' id='word_1_255' title='bbox 1465 411 1628 452; x_wconf 61' lang='lat' dir='ltr'><em>generalis</em></span> <span class='ocrx_word' id='word_1_256' title='bbox 1652 411 1799 446; x_wconf 75' lang='lat' dir='ltr'><em>addatur.</em></span> 
     </span>
     <span class='ocr_line' id='line_1_57' title="bbox 1057 461 1798 506; baseline 0.003 -14"><span class='ocrx_word' id='word_1_257' title='bbox 1057 461 1110 504; x_wconf 85' lang='lat' dir='ltr'><em>qui</em></span> <span class='ocrx_word' id='word_1_258' title='bbox 1137 461 1177 494; x_wconf 87' lang='lat' dir='ltr'><em>sit</em></span> <span class='ocrx_word' id='word_1_259' title='bbox 1203 463 1398 495; x_wconf 77' lang='lat' dir='ltr'><em>secretarius</em></span> <span class='ocrx_word' id='word_1_260' title='bbox 1417 464 1593 497; x_wconf 67' lang='lat' dir='ltr'><em>definitorii</em></span> <span class='ocrx_word' id='word_1_261' title='bbox 1616 469 1644 497; x_wconf 91' lang='lat' dir='ltr'><em>et</em></span> <span class='ocrx_word' id='word_1_262' title='bbox 1665 463 1798 506; x_wconf 83' lang='lat' dir='ltr'><em>capituli</em></span> 
     </span>
     <span class='ocr_line' id='line_1_58' title="bbox 1057 516 1800 560; baseline 0.003 -14"><span class='ocrx_word' id='word_1_263' title='bbox 1057 516 1234 557; x_wconf 77' lang='lat' dir='ltr'><em>generalis,</em></span> <span class='ocrx_word' id='word_1_264' title='bbox 1262 517 1475 549; x_wconf 77' lang='lat' dir='ltr'><em>assumendus</em></span> <span class='ocrx_word' id='word_1_265' title='bbox 1510 528 1568 560; x_wconf 88' lang='lat' dir='ltr'><em>pro</em></span> <span class='ocrx_word' id='word_1_266' title='bbox 1601 518 1661 549; x_wconf 83' lang='lat' dir='ltr'><em>bac</em></span> <span class='ocrx_word' id='word_1_267' title='bbox 1695 517 1800 560; x_wconf 72' lang='lat' dir='ltr'><em>prima</em></span> 
     </span>
     <span class='ocr_line' id='line_1_59' title="bbox 1057 568 1800 612; baseline 0.001 -12"><span class='ocrx_word' id='word_1_268' title='bbox 1057 568 1124 601; x_wconf 83' lang='lat' dir='ltr'><em>vice</em></span> <span class='ocrx_word' id='word_1_269' title='bbox 1150 579 1167 601; x_wconf 85' lang='lat' dir='ltr'><em>a</em></span> <span class='ocrx_word' id='word_1_270' title='bbox 1193 568 1279 601; x_wconf 75' lang='lat' dir='ltr'><em>dicta</em></span> <span class='ocrx_word' id='word_1_271' title='bbox 1297 572 1377 602; x_wconf 80' lang='lat' dir='ltr'><em>nova</em></span> <span class='ocrx_word' id='word_1_272' title='bbox 1395 570 1560 612; x_wconf 78' lang='lat' dir='ltr'><em>provincia</em></span> <span class='ocrx_word' id='word_1_273' title='bbox 1577 570 1746 603; x_wconf 86' lang='lat' dir='ltr'><em>Ferrariae</em></span> <span class='ocrx_word' id='word_1_274' title='bbox 1769 576 1800 602; x_wconf 87' lang='lat' dir='ltr'><em>et</em></span> 
     </span>
     <span class='ocr_line' id='line_1_60' title="bbox 1058 620 1799 661; baseline 0.001 -8"><span class='ocrx_word' id='word_1_275' title='bbox 1058 620 1179 661; x_wconf 83' lang='lat' dir='ltr'><em>Piceni,</em></span> <span class='ocrx_word' id='word_1_276' title='bbox 1209 627 1240 654; x_wconf 88' lang='lat' dir='ltr'><em>et</em></span> <span class='ocrx_word' id='word_1_277' title='bbox 1268 622 1407 654; x_wconf 81' lang='lat' dir='ltr'><em>subinde</em></span> <span class='ocrx_word' id='word_1_278' title='bbox 1440 623 1621 655; x_wconf 74' lang='lat' dir='ltr'><em>successive</em></span> <span class='ocrx_word' id='word_1_279' title='bbox 1656 623 1695 655; x_wconf 86' lang='lat' dir='ltr'><em>al)</em></span> <span class='ocrx_word' id='word_1_280' title='bbox 1729 623 1799 656; x_wconf 78' lang='lat' dir='ltr'><em>aliis</em></span> 
     </span>
     <span class='ocr_line' id='line_1_61' title="bbox 1058 674 1801 718; baseline 0.007 -15"><span class='ocrx_word' id='word_1_281' title='bbox 1058 674 1252 716; x_wconf 78' lang='lat' dir='ltr'><em>provinciis;</em></span> <span class='ocrx_word' id='word_1_282' title='bbox 1275 679 1443 708; x_wconf 74' lang='lat' dir='ltr'><em>reservato</em></span> <span class='ocrx_word' id='word_1_283' title='bbox 1472 675 1614 718; x_wconf 85' lang='lat' dir='ltr'><em>desuper</em></span> <span class='ocrx_word' id='word_1_284' title='bbox 1640 675 1671 707; x_wconf 90' lang='lat' dir='ltr'><em>in</em></span> <span class='ocrx_word' id='word_1_285' title='bbox 1698 677 1801 709; x_wconf 86' lang='lat' dir='ltr'><em>omni-</em></span> 
     </span>
     <span class='ocr_line' id='line_1_62' title="bbox 1058 727 1801 761; baseline 0.005 -4"><span class='ocrx_word' id='word_1_286' title='bbox 1058 727 1116 759; x_wconf 90' lang='lat' dir='ltr'><em>bus</em></span> <span class='ocrx_word' id='word_1_287' title='bbox 1141 732 1253 760; x_wconf 88' lang='lat' dir='ltr'><em>nostro</em></span> <span class='ocrx_word' id='word_1_288' title='bbox 1279 732 1310 759; x_wconf 86' lang='lat' dir='ltr'><em>et</em></span> <span class='ocrx_word' id='word_1_289' title='bbox 1336 727 1433 760; x_wconf 76' lang='lat' dir='ltr'><em>liuius</em></span> <span class='ocrx_word' id='word_1_290' title='bbox 1458 727 1594 760; x_wconf 81' lang='lat' dir='ltr'><em>Sanctae</em></span> <span class='ocrx_word' id='word_1_291' title='bbox 1619 727 1710 761; x_wconf 83' lang='lat' dir='ltr'><em>Sedis</em></span> <span class='ocrx_word' id='word_1_292' title='bbox 1745 729 1801 761; x_wconf 84' lang='lat' dir='ltr'><em>be-</em></span> 
     </span>
     <span class='ocr_line' id='line_1_63' title="bbox 1057 780 1801 823; baseline 0.001 -12"><span class='ocrx_word' id='word_1_293' title='bbox 1057 780 1238 822; x_wconf 85' lang='lat' dir='ltr'><em>neplacito:</em></span> <span class='ocrx_word' id='word_1_294' title='bbox 1265 785 1296 813; x_wconf 90' lang='lat' dir='ltr'><em>et</em></span> <span class='ocrx_word' id='word_1_295' title='bbox 1321 780 1409 819; x_wconf 74' lang='lat' dir='ltr'><em>alias,</em></span> <span class='ocrx_word' id='word_1_296' title='bbox 1430 786 1528 822; x_wconf 88' lang='lat' dir='ltr'><em>prout</em></span> <span class='ocrx_word' id='word_1_297' title='bbox 1551 780 1681 823; x_wconf 85' lang='lat' dir='ltr'><em>plenius</em></span> <span class='ocrx_word' id='word_1_298' title='bbox 1699 781 1801 814; x_wconf 83' lang='lat' dir='ltr'><em>conti-</em></span> 
     </span>
     <span class='ocr_line' id='line_1_64' title="bbox 1058 832 1801 876; baseline 0.003 -12"><span class='ocrx_word' id='word_1_299' title='bbox 1058 837 1153 864; x_wconf 88' lang='lat' dir='ltr'><em>netur</em></span> <span class='ocrx_word' id='word_1_300' title='bbox 1177 833 1209 865; x_wconf 87' lang='lat' dir='ltr'><em>in</em></span> <span class='ocrx_word' id='word_1_301' title='bbox 1234 833 1337 875; x_wconf 85' lang='lat' dir='ltr'><em>ipsius</em></span> <span class='ocrx_word' id='word_1_302' title='bbox 1362 832 1538 867; x_wconf 77' lang='lat' dir='ltr'><em>delinitorii</em></span> <span class='ocrx_word' id='word_1_303' title='bbox 1563 833 1726 876; x_wconf 77' lang='lat' dir='ltr'><em>generalis</em></span> <span class='ocrx_word' id='word_1_304' title='bbox 1746 834 1801 866; x_wconf 87' lang='lat' dir='ltr'><em>de-</em></span> 
     </span>
     <span class='ocr_line' id='line_1_65' title="bbox 1058 886 1758 930; baseline 0.003 -12"><span class='ocrx_word' id='word_1_305' title='bbox 1058 892 1147 919; x_wconf 87' lang='lat' dir='ltr'><em>creto</em></span> <span class='ocrx_word' id='word_1_306' title='bbox 1174 887 1298 920; x_wconf 89' lang='lat' dir='ltr'><em>tenoris</em></span> <span class='ocrx_word' id='word_1_307' title='bbox 1323 886 1377 930; x_wconf 88' lang='lat' dir='ltr'><em>qui</em></span> <span class='ocrx_word' id='word_1_308' title='bbox 1404 888 1560 930; x_wconf 85' lang='lat' dir='ltr'><em>sequitur,</em></span> <span class='ocrx_word' id='word_1_309' title='bbox 1586 887 1758 921; x_wconf 74' lang='lat' dir='ltr'><em>videlicet:</em></span> 
     </span>
    </p>
   </div>
   <div class='ocr_carea' id='block_1_12' title="bbox 1057 944 1998 1033">
    <p class='ocr_par' dir='ltr' id='par_1_13' title="bbox 1057 944 1998 1033">
     <span class='ocr_line' id='line_1_66' title="bbox 1097 944 1998 984; baseline 0.001 -11"><span class='ocrx_word' id='word_1_310' title='bbox 1097 944 1140 973; x_wconf 85' lang='lat' dir='ltr'><em>Ad</em></span> <span class='ocrx_word' id='word_1_311' title='bbox 1163 944 1342 974; x_wconf 86' lang='lat' dir='ltr'><em>humillimas</em></span> <span class='ocrx_word' id='word_1_312' title='bbox 1366 954 1467 984; x_wconf 85' lang='lat' dir='ltr'><em>preces</em></span> <span class='ocrx_word' id='word_1_313' title='bbox 1490 945 1581 984; x_wconf 85' lang='lat' dir='ltr'><em>patris</em></span> <span class='ocrx_word' id='word_1_314' title='bbox 1610 945 1800 984; x_wconf 80' lang='lat' dir='ltr'><em>provincialis</em></span> <span class='ocrx_word' id='word_1_315' title='bbox 1833 950 1948 972; x_wconf 67' lang='lat' dir='ltr'><em>Decretum</em></span> <span class='ocrx_word' id='word_1_316' title='bbox 1960 952 1998 972; x_wconf 68' lang='lat' dir='ltr'><em>dea</em></span> 
     </span>
     <span class='ocr_line' id='line_1_67' title="bbox 1057 978 1997 1033; baseline 0.002 -11"><span class='ocrx_word' id='word_1_317' title='bbox 1057 992 1179 1032; x_wconf 83' lang='lat' dir='ltr'><em>eiusque</em></span> <span class='ocrx_word' id='word_1_318' title='bbox 1201 992 1361 1022; x_wconf 77' lang='lat' dir='ltr'><em>delinitorii</em></span> <span class='ocrx_word' id='word_1_319' title='bbox 1385 993 1552 1032; x_wconf 80' lang='lat' dir='ltr'><em>provinciae</em></span> <span class='ocrx_word' id='word_1_320' title='bbox 1572 993 1730 1032; x_wconf 79' lang='lat' dir='ltr'><em>Romanae,</em></span> <span class='ocrx_word' id='word_1_321' title='bbox 1752 1003 1800 1033; x_wconf 88' lang='lat' dir='ltr'><em>pe·</em></span> <span class='ocrx_word' id='word_1_322' title='bbox 1812 978 1900 1026; x_wconf 41' lang='lat' dir='ltr'><em>iiiii-Q</em></span> <span class='ocrx_word' id='word_1_323' title='bbox 1933 985 1997 1004; x_wconf 46' lang='lat'><em>*²⁸²¹</em></span> 
     </span>
    </p>
   </div>
   <div class='ocr_carea' id='block_1_13' title="bbox 1057 1042 1805 2648">
    <p class='ocr_par' dir='ltr' id='par_1_14' title="bbox 1057 1042 1805 2648">
     <span class='ocr_line' id='line_1_68' title="bbox 1058 1042 1800 1080; baseline 0.003 -10"><span class='ocrx_word' id='word_1_324' title='bbox 1058 1042 1181 1071; x_wconf 82' lang='lat' dir='ltr'><em>lentium</em></span> <span class='ocrx_word' id='word_1_325' title='bbox 1204 1050 1239 1071; x_wconf 83' lang='lat' dir='ltr'><em>ex</em></span> <span class='ocrx_word' id='word_1_326' title='bbox 1272 1042 1376 1080; x_wconf 78' lang='lat' dir='ltr'><em>viginti</em></span> <span class='ocrx_word' id='word_1_327' title='bbox 1404 1042 1598 1072; x_wconf 81' lang='lat' dir='ltr'><em>conventibus</em></span> <span class='ocrx_word' id='word_1_328' title='bbox 1632 1042 1700 1072; x_wconf 89' lang='lat' dir='ltr'><em>hinc</em></span> <span class='ocrx_word' id='word_1_329' title='bbox 1732 1043 1800 1072; x_wconf 87' lang='lat' dir='ltr'><em>inde</em></span> 
     </span>
     <span class='ocr_line' id='line_1_69' title="bbox 1057 1089 1802 1130; baseline 0.004 -12"><span class='ocrx_word' id='word_1_330' title='bbox 1057 1089 1209 1128; x_wconf 75' lang='lat' dir='ltr'><em>dispersis,</em></span> <span class='ocrx_word' id='word_1_331' title='bbox 1234 1090 1418 1130; x_wconf 86' lang='lat' dir='ltr'><em>multumque</em></span> <span class='ocrx_word' id='word_1_332' title='bbox 1441 1091 1475 1120; x_wconf 86' lang='lat' dir='ltr'><em>ad</em></span> <span class='ocrx_word' id='word_1_333' title='bbox 1509 1091 1635 1121; x_wconf 79' lang='lat' dir='ltr'><em>invicem</em></span> <span class='ocrx_word' id='word_1_334' title='bbox 1667 1091 1802 1121; x_wconf 68' lang='lat' dir='ltr'><em>distanti-</em></span> 
     </span>
     <span class='ocr_line' id='line_1_70' title="bbox 1059 1138 1801 1178; baseline 0.004 -11"><span class='ocrx_word' id='word_1_335' title='bbox 1059 1138 1123 1173; x_wconf 82' lang='lat' dir='ltr'><em>bus,</em></span> <span class='ocrx_word' id='word_1_336' title='bbox 1157 1138 1265 1177; x_wconf 88' lang='lat' dir='ltr'><em>quibus</em></span> <span class='ocrx_word' id='word_1_337' title='bbox 1298 1139 1332 1168; x_wconf 88' lang='lat' dir='ltr'><em>ad</em></span> <span class='ocrx_word' id='word_1_338' title='bbox 1366 1148 1504 1178; x_wconf 83' lang='lat' dir='ltr'><em>praesens</em></span> <span class='ocrx_word' id='word_1_339' title='bbox 1527 1140 1690 1178; x_wconf 83' lang='lat' dir='ltr'><em>integratur</em></span> <span class='ocrx_word' id='word_1_340' title='bbox 1725 1140 1801 1170; x_wconf 79' lang='lat' dir='ltr'><em>dicta</em></span> 
     </span>
     <span class='ocr_line' id='line_1_71' title="bbox 1058 1187 1802 1227; baseline 0.004 -11"><span class='ocrx_word' id='word_1_341' title='bbox 1058 1187 1206 1226; x_wconf 80' lang='lat' dir='ltr'><em>provincia</em></span> <span class='ocrx_word' id='word_1_342' title='bbox 1224 1188 1366 1225; x_wconf 79' lang='lat' dir='ltr'><em>Romana,</em></span> <span class='ocrx_word' id='word_1_343' title='bbox 1390 1197 1442 1227; x_wconf 88' lang='lat' dir='ltr'><em>pro</em></span> <span class='ocrx_word' id='word_1_344' title='bbox 1464 1188 1588 1218; x_wconf 83' lang='lat' dir='ltr'><em>feliciori</em></span> <span class='ocrx_word' id='word_1_345' title='bbox 1604 1189 1733 1218; x_wconf 83' lang='lat' dir='ltr'><em>eiusdem</em></span> <span class='ocrx_word' id='word_1_346' title='bbox 1757 1198 1802 1219; x_wconf 89' lang='lat' dir='ltr'><em>re-</em></span> 
     </span>
     <span class='ocr_line' id='line_1_72' title="bbox 1057 1236 1802 1277; baseline 0.003 -12"><span class='ocrx_word' id='word_1_347' title='bbox 1057 1236 1179 1274; x_wconf 72' lang='lat' dir='ltr'><em>gimine,</em></span> <span class='ocrx_word' id='word_1_348' title='bbox 1203 1240 1401 1266; x_wconf 76' lang='lat' dir='ltr'><em>conventuum</em></span> <span class='ocrx_word' id='word_1_349' title='bbox 1424 1237 1531 1266; x_wconf 85' lang='lat' dir='ltr'><em>minori</em></span> <span class='ocrx_word' id='word_1_350' title='bbox 1567 1237 1732 1277; x_wconf 85' lang='lat' dir='ltr'><em>dispendio,</em></span> <span class='ocrx_word' id='word_1_351' title='bbox 1757 1247 1802 1268; x_wconf 88' lang='lat' dir='ltr'><em>re-</em></span> 
     </span>
     <span class='ocr_line' id='line_1_73' title="bbox 1057 1285 1801 1325; baseline 0.003 -11"><span class='ocrx_word' id='word_1_352' title='bbox 1057 1285 1289 1325; x_wconf 76' lang='lat' dir='ltr'><em>ligiosorumque</em></span> <span class='ocrx_word' id='word_1_353' title='bbox 1322 1286 1436 1325; x_wconf 87' lang='lat' dir='ltr'><em>quiete,</em></span> <span class='ocrx_word' id='word_1_354' title='bbox 1471 1286 1595 1325; x_wconf 74' lang='lat' dir='ltr'><em>aliisque</em></span> <span class='ocrx_word' id='word_1_355' title='bbox 1628 1286 1801 1325; x_wconf 80' lang='lat' dir='ltr'><em>urgentibus</em></span> 
     </span>
     <span class='ocr_line' id='line_1_74' title="bbox 1057 1334 1800 1372; baseline 0.005 -9"><span class='ocrx_word' id='word_1_356' title='bbox 1057 1334 1167 1372; x_wconf 79' lang='lat' dir='ltr'><em>causis,</em></span> <span class='ocrx_word' id='word_1_357' title='bbox 1191 1334 1346 1364; x_wconf 81' lang='lat' dir='ltr'><em>disiunctis</em></span> <span class='ocrx_word' id='word_1_358' title='bbox 1379 1344 1412 1364; x_wconf 82' lang='lat' dir='ltr'><em>ac</em></span> <span class='ocrx_word' id='word_1_359' title='bbox 1446 1335 1667 1366; x_wconf 71' lang='lat' dir='ltr'><em>dismembratis</em></span> <span class='ocrx_word' id='word_1_360' title='bbox 1700 1336 1800 1367; x_wconf 89' lang='lat' dir='ltr'><em>decem</em></span> 
     </span>
     <span class='ocr_line' id='line_1_75' title="bbox 1059 1383 1798 1423; baseline 0.007 -12"><span class='ocrx_word' id='word_1_361' title='bbox 1059 1383 1265 1421; x_wconf 69' lang='lat' dir='ltr'><em>conventibus,</em></span> <span class='ocrx_word' id='word_1_362' title='bbox 1300 1384 1364 1414; x_wconf 82' lang='lat' dir='ltr'><em>sitis</em></span> <span class='ocrx_word' id='word_1_363' title='bbox 1400 1385 1429 1414; x_wconf 91' lang='lat' dir='ltr'><em>iu</em></span> <span class='ocrx_word' id='word_1_364' title='bbox 1463 1385 1571 1415; x_wconf 80' lang='lat' dir='ltr'><em>ducatu</em></span> <span class='ocrx_word' id='word_1_365' title='bbox 1604 1386 1798 1423; x_wconf 83' lang='lat' dir='ltr'><em>Ferrariensi,</em></span> 
     </span>
     <span class='ocr_line' id='line_1_76' title="bbox 1059 1432 1801 1471; baseline 0.007 -10"><span class='ocrx_word' id='word_1_366' title='bbox 1059 1432 1165 1462; x_wconf 82' lang='lat' dir='ltr'><em>Piceno</em></span> <span class='ocrx_word' id='word_1_367' title='bbox 1199 1438 1227 1462; x_wconf 71' lang='lat' dir='ltr'><em>et,</em></span> <span class='ocrx_word' id='word_1_368' title='bbox 1258 1433 1376 1463; x_wconf 79' lang='lat' dir='ltr'><em>civitate</em></span> <span class='ocrx_word' id='word_1_369' title='bbox 1399 1433 1524 1471; x_wconf 78' lang='lat' dir='ltr'><em>Adriae,</em></span> <span class='ocrx_word' id='word_1_370' title='bbox 1565 1435 1652 1465; x_wconf 85' lang='lat' dir='ltr'><em>aliam</em></span> <span class='ocrx_word' id='word_1_371' title='bbox 1686 1436 1801 1466; x_wconf 79' lang='lat' dir='ltr'><em>institui</em></span> 
     </span>
     <span class='ocr_line' id='line_1_77' title="bbox 1058 1482 1800 1523; baseline 0.005 -13"><span class='ocrx_word' id='word_1_372' title='bbox 1058 1491 1161 1511; x_wconf 71' lang='lat' dir='ltr'><em>novam</em></span> <span class='ocrx_word' id='word_1_373' title='bbox 1186 1482 1379 1521; x_wconf 84' lang='lat' dir='ltr'><em>provinciam,</em></span> <span class='ocrx_word' id='word_1_374' title='bbox 1397 1483 1626 1523; x_wconf 88' lang='lat' dir='ltr'><em>nuncupandam</em></span> <span class='ocrx_word' id='word_1_375' title='bbox 1650 1484 1800 1514; x_wconf 81' lang='lat' dir='ltr'><em>Ferrariae</em></span> 
     </span>
     <span class='ocr_line' id='line_1_78' title="bbox 1058 1531 1802 1572; baseline 0.005 -12"><span class='ocrx_word' id='word_1_376' title='bbox 1058 1535 1086 1560; x_wconf 86' lang='lat' dir='ltr'><em>et</em></span> <span class='ocrx_word' id='word_1_377' title='bbox 1110 1531 1222 1569; x_wconf 85' lang='lat' dir='ltr'><em>Piceni,</em></span> <span class='ocrx_word' id='word_1_378' title='bbox 1246 1536 1409 1571; x_wconf 84' lang='lat' dir='ltr'><em>separatam</em></span> <span class='ocrx_word' id='word_1_379' title='bbox 1433 1542 1447 1562; x_wconf 84' lang='lat' dir='ltr'><em>a</em></span> <span class='ocrx_word' id='word_1_380' title='bbox 1470 1533 1549 1562; x_wconf 66' lang='lat' dir='ltr'><em>dicte</em></span> <span class='ocrx_word' id='word_1_381' title='bbox 1571 1533 1724 1572; x_wconf 63' lang='lat' dir='ltr'><em>provincie</em></span> <span class='ocrx_word' id='word_1_382' title='bbox 1745 1534 1802 1564; x_wconf 78' lang='lat' dir='ltr'><em>no-</em></span> 
     </span>
     <span class='ocr_line' id='line_1_79' title="bbox 1058 1581 1803 1617; baseline 0.004 -8"><span class='ocrx_word' id='word_1_383' title='bbox 1058 1582 1154 1617; x_wconf 74' lang='lat' dir='ltr'><em>mana,</em></span> <span class='ocrx_word' id='word_1_384' title='bbox 1179 1581 1359 1611; x_wconf 65' lang='lat' dir='ltr'><em>rennuenda</em></span> <span class='ocrx_word' id='word_1_385' title='bbox 1382 1591 1415 1611; x_wconf 82' lang='lat' dir='ltr'><em>ex</em></span> <span class='ocrx_word' id='word_1_386' title='bbox 1439 1582 1504 1611; x_wconf 77' lang='lat' dir='ltr'><em>allis</em></span> <span class='ocrx_word' id='word_1_387' title='bbox 1526 1582 1627 1612; x_wconf 85' lang='lat' dir='ltr'><em>decem</em></span> <span class='ocrx_word' id='word_1_388' title='bbox 1651 1584 1803 1612; x_wconf 82' lang='lat' dir='ltr'><em>conventi-</em></span> 
     </span>
     <span class='ocr_line' id='line_1_80' title="bbox 1058 1630 1802 1670; baseline 0.004 -11"><span class='ocrx_word' id='word_1_389' title='bbox 1058 1630 1123 1668; x_wconf 82' lang='lat' dir='ltr'><em>bus,</em></span> <span class='ocrx_word' id='word_1_390' title='bbox 1144 1639 1248 1670; x_wconf 84' lang='lat' dir='ltr'><em>nempe</em></span> <span class='ocrx_word' id='word_1_391' title='bbox 1271 1630 1386 1660; x_wconf 83' lang='lat' dir='ltr'><em>duobus</em></span> <span class='ocrx_word' id='word_1_392' title='bbox 1405 1631 1556 1669; x_wconf 74' lang='lat' dir='ltr'><em>Romanis,</em></span> <span class='ocrx_word' id='word_1_393' title='bbox 1581 1631 1676 1661; x_wconf 90' lang='lat' dir='ltr'><em>tribus</em></span> <span class='ocrx_word' id='word_1_394' title='bbox 1699 1632 1728 1662; x_wconf 90' lang='lat' dir='ltr'><em>in</em></span> <span class='ocrx_word' id='word_1_395' title='bbox 1746 1632 1802 1662; x_wconf 86' lang='lat' dir='ltr'><em>Tu·</em></span> 
     </span>
     <span class='ocr_line' id='line_1_81' title="bbox 1058 1678 1802 1716; baseline 0.004 -9"><span class='ocrx_word' id='word_1_396' title='bbox 1058 1678 1130 1714; x_wconf 71' lang='lat' dir='ltr'><em>scia,</em></span> <span class='ocrx_word' id='word_1_397' title='bbox 1169 1678 1282 1708; x_wconf 76' lang='lat' dir='ltr'><em>duobus</em></span> <span class='ocrx_word' id='word_1_398' title='bbox 1318 1679 1346 1709; x_wconf 88' lang='lat' dir='ltr'><em>in</em></span> <span class='ocrx_word' id='word_1_399' title='bbox 1385 1679 1517 1716; x_wconf 60' lang='lat' dir='ltr'><em>Umbria,</em></span> <span class='ocrx_word' id='word_1_400' title='bbox 1552 1690 1665 1710; x_wconf 85' lang='lat' dir='ltr'><em>necnon</em></span> <span class='ocrx_word' id='word_1_401' title='bbox 1698 1681 1802 1711; x_wconf 87' lang='lat' dir='ltr'><em>circuli</em></span> 
     </span>
     <span class='ocr_line' id='line_1_82' title="bbox 1058 1727 1800 1769; baseline 0.004 -12"><span class='ocrx_word' id='word_1_402' title='bbox 1058 1727 1087 1758; x_wconf 80' lang='lat' dir='ltr'><em>S.</em></span> <span class='ocrx_word' id='word_1_403' title='bbox 1112 1727 1246 1766; x_wconf 79' lang='lat' dir='ltr'><em>Gregorii</em></span> <span class='ocrx_word' id='word_1_404' title='bbox 1279 1732 1308 1758; x_wconf 81' lang='lat' dir='ltr'><em>et</em></span> <span class='ocrx_word' id='word_1_405' title='bbox 1340 1729 1532 1759; x_wconf 85' lang='lat' dir='ltr'><em>Frusinonis:</em></span> <span class='ocrx_word' id='word_1_406' title='bbox 1567 1739 1658 1769; x_wconf 84' lang='lat' dir='ltr'><em>super</em></span> <span class='ocrx_word' id='word_1_407' title='bbox 1693 1730 1800 1769; x_wconf 85' lang='lat' dir='ltr'><em>quibus</em></span> 
     </span>
     <span class='ocr_line' id='line_1_83' title="bbox 1060 1777 1802 1818; baseline 0.004 -13"><span class='ocrx_word' id='word_1_408' title='bbox 1060 1780 1156 1815; x_wconf 83' lang='lat' dir='ltr'><em>patres</em></span> <span class='ocrx_word' id='word_1_409' title='bbox 1178 1777 1337 1807; x_wconf 74' lang='lat' dir='ltr'><em>definitorii</em></span> <span class='ocrx_word' id='word_1_410' title='bbox 1360 1778 1517 1816; x_wconf 80' lang='lat' dir='ltr'><em>generalis,</em></span> <span class='ocrx_word' id='word_1_411' title='bbox 1542 1782 1658 1808; x_wconf 82' lang='lat' dir='ltr'><em>mature</em></span> <span class='ocrx_word' id='word_1_412' title='bbox 1677 1787 1802 1818; x_wconf 84' lang='lat' dir='ltr'><em>perpen-</em></span> 
     </span>
     <span class='ocr_line' id='line_1_84' title="bbox 1059 1825 1802 1861; baseline 0.003 -7"><span class='ocrx_word' id='word_1_413' title='bbox 1059 1825 1098 1854; x_wconf 82' lang='lat' dir='ltr'><em>sis</em></span> <span class='ocrx_word' id='word_1_414' title='bbox 1122 1825 1255 1855; x_wconf 85' lang='lat' dir='ltr'><em>adductis</em></span> <span class='ocrx_word' id='word_1_415' title='bbox 1280 1826 1453 1861; x_wconf 86' lang='lat' dir='ltr'><em>rationibus,</em></span> <span class='ocrx_word' id='word_1_416' title='bbox 1475 1831 1501 1856; x_wconf 87' lang='lat' dir='ltr'><em>et</em></span> <span class='ocrx_word' id='word_1_417' title='bbox 1519 1827 1713 1857; x_wconf 74' lang='lat' dir='ltr'><em>consideratis</em></span> <span class='ocrx_word' id='word_1_418' title='bbox 1734 1837 1802 1857; x_wconf 84' lang='lat' dir='ltr'><em>con-</em></span> 
     </span>
     <span class='ocr_line' id='line_1_85' title="bbox 1059 1873 1802 1914; baseline 0.004 -11"><span class='ocrx_word' id='word_1_419' title='bbox 1059 1873 1234 1911; x_wconf 44' lang='lat' dir='ltr'><em>siderandi&amp;</em></span> <span class='ocrx_word' id='word_1_420' title='bbox 1259 1875 1293 1905; x_wconf 89' lang='lat' dir='ltr'><em>ad</em></span> <span class='ocrx_word' id='word_1_421' title='bbox 1318 1875 1459 1905; x_wconf 83' lang='lat' dir='ltr'><em>maiorem</em></span> <span class='ocrx_word' id='word_1_422' title='bbox 1483 1876 1533 1906; x_wconf 86' lang='lat' dir='ltr'><em>Dei</em></span> <span class='ocrx_word' id='word_1_423' title='bbox 1556 1876 1678 1914; x_wconf 80' lang='lat' dir='ltr'><em>gloriam</em></span> <span class='ocrx_word' id='word_1_424' title='bbox 1702 1876 1802 1907; x_wconf 87' lang='lat' dir='ltr'><em>decre-</em></span> 
     </span>
     <span class='ocr_line' id='line_1_86' title="bbox 1059 1924 1801 1965; baseline 0.004 -13"><span class='ocrx_word' id='word_1_425' title='bbox 1059 1928 1164 1953; x_wconf 74' lang='lat' dir='ltr'><em>verunt</em></span> <span class='ocrx_word' id='word_1_426' title='bbox 1196 1928 1227 1953; x_wconf 93' lang='lat' dir='ltr'><em>ut</em></span> <span class='ocrx_word' id='word_1_427' title='bbox 1258 1924 1332 1953; x_wconf 85' lang='lat' dir='ltr'><em>infra</em></span> <span class='ocrx_word' id='word_1_428' title='bbox 1352 1948 1359 1962; x_wconf 88' lang='lat'><em>,</em></span> <span class='ocrx_word' id='word_1_429' title='bbox 1395 1930 1546 1955; x_wconf 84' lang='lat' dir='ltr'><em>reservato</em></span> <span class='ocrx_word' id='word_1_430' title='bbox 1582 1930 1679 1956; x_wconf 86' lang='lat' dir='ltr'><em>tamen</em></span> <span class='ocrx_word' id='word_1_431' title='bbox 1712 1935 1801 1965; x_wconf 86' lang='lat' dir='ltr'><em>super</em></span> 
     </span>
     <span class='ocr_line' id='line_1_87' title="bbox 1059 1971 1799 2013; baseline 0.005 -13"><span class='ocrx_word' id='word_1_432' title='bbox 1059 1971 1195 2001; x_wconf 85' lang='lat' dir='ltr'><em>omnibus</em></span> <span class='ocrx_word' id='word_1_433' title='bbox 1218 1976 1246 2001; x_wconf 85' lang='lat' dir='ltr'><em>et.</em></span> <span class='ocrx_word' id='word_1_434' title='bbox 1269 1972 1393 2010; x_wconf 79' lang='lat' dir='ltr'><em>singulis</em></span> <span class='ocrx_word' id='word_1_435' title='bbox 1420 1972 1606 2013; x_wconf 85' lang='lat' dir='ltr'><em>beneplacito</em></span> <span class='ocrx_word' id='word_1_436' title='bbox 1629 1974 1799 2013; x_wconf 84' lang='lat' dir='ltr'><em>apostolico,</em></span> 
     </span>
     <span class='ocr_line' id='line_1_88' title="bbox 1059 2020 1804 2061; baseline 0.005 -12"><span class='ocrx_word' id='word_1_437' title='bbox 1059 2020 1210 2051; x_wconf 87' lang='lat' dir='ltr'><em>videlicet:</em></span> <span class='ocrx_word' id='word_1_438' title='bbox 1235 2021 1311 2060; x_wconf 87' lang='lat' dir='ltr'><em>quod</em></span> <span class='ocrx_word' id='word_1_439' title='bbox 1334 2021 1474 2061; x_wconf 79' lang='lat' dir='ltr'><em>deinceps</em></span> <span class='ocrx_word' id='word_1_440' title='bbox 1496 2026 1658 2052; x_wconf 81' lang='lat' dir='ltr'><em>conventus</em></span> <span class='ocrx_word' id='word_1_441' title='bbox 1679 2023 1709 2053; x_wconf 87' lang='lat' dir='ltr'><em>S.</em></span> <span class='ocrx_word' id='word_1_442' title='bbox 1727 2023 1804 2053; x_wconf 82' lang='lat' dir='ltr'><em>Iose-</em></span> 
     </span>
     <span class='ocr_line' id='line_1_89' title="bbox 1060 2069 1804 2109; baseline 0.004 -11"><span class='ocrx_word' id='word_1_443' title='bbox 1060 2069 1108 2108; x_wconf 81' lang='lat' dir='ltr'><em>plii</em></span> <span class='ocrx_word' id='word_1_444' title='bbox 1130 2069 1293 2107; x_wconf 85' lang='lat' dir='ltr'><em>Ferrariae,</em></span> <span class='ocrx_word' id='word_1_445' title='bbox 1317 2070 1361 2100; x_wconf 69' lang='lat' dir='ltr'><em>SS.</em></span> <span class='ocrx_word' id='word_1_446' title='bbox 1386 2071 1543 2109; x_wconf 78' lang='lat' dir='ltr'><em>Augustini</em></span> <span class='ocrx_word' id='word_1_447' title='bbox 1570 2076 1597 2101; x_wconf 86' lang='lat' dir='ltr'><em>et</em></span> <span class='ocrx_word' id='word_1_448' title='bbox 1628 2071 1719 2101; x_wconf 76' lang='lat' dir='ltr'><em>Mauri</em></span> <span class='ocrx_word' id='word_1_449' title='bbox 1752 2072 1804 2102; x_wconf 86' lang='lat' dir='ltr'><em>Co-</em></span> 
     </span>
     <span class='ocr_line' id='line_1_90' title="bbox 1059 2119 1802 2158; baseline 0.003 -10"><span class='ocrx_word' id='word_1_450' title='bbox 1059 2119 1155 2153; x_wconf 80' lang='lat' dir='ltr'><em>macti,</em></span> <span class='ocrx_word' id='word_1_451' title='bbox 1190 2119 1219 2149; x_wconf 89' lang='lat' dir='ltr'><em>S.</em></span> <span class='ocrx_word' id='word_1_452' title='bbox 1255 2119 1374 2149; x_wconf 85' lang='lat' dir='ltr'><em>loannis</em></span> <span class='ocrx_word' id='word_1_453' title='bbox 1407 2120 1551 2158; x_wconf 89' lang='lat' dir='ltr'><em>Boudeni,</em></span> <span class='ocrx_word' id='word_1_454' title='bbox 1588 2122 1618 2150; x_wconf 79' lang='lat' dir='ltr'><em>S.</em></span> <span class='ocrx_word' id='word_1_455' title='bbox 1655 2120 1802 2150; x_wconf 85' lang='lat' dir='ltr'><em>Laurentii</em></span> 
     </span>
     <span class='ocr_line' id='line_1_91' title="bbox 1059 2167 1804 2207; baseline 0.003 -10"><span class='ocrx_word' id='word_1_456' title='bbox 1059 2167 1256 2207; x_wconf 81' lang='lat' dir='ltr'><em>Aquaevivae,</em></span> <span class='ocrx_word' id='word_1_457' title='bbox 1280 2168 1309 2198; x_wconf 83' lang='lat' dir='ltr'><em>S.</em></span> <span class='ocrx_word' id='word_1_458' title='bbox 1329 2168 1436 2198; x_wconf 83' lang='lat' dir='ltr'><em>Mariae</em></span> <span class='ocrx_word' id='word_1_459' title='bbox 1459 2169 1725 2199; x_wconf 76' lang='lat' dir='ltr'><em>Misericordiaruni</em></span> <span class='ocrx_word' id='word_1_460' title='bbox 1741 2170 1804 2200; x_wconf 87' lang='lat' dir='ltr'><em>Fir-</em></span> 
     </span>
     <span class='ocr_line' id='line_1_92' title="bbox 1062 2217 1802 2257; baseline 0.004 -12"><span class='ocrx_word' id='word_1_461' title='bbox 1062 2217 1112 2253; x_wconf 89' lang='lat' dir='ltr'><em>mi,</em></span> <span class='ocrx_word' id='word_1_462' title='bbox 1145 2217 1175 2246; x_wconf 80' lang='lat' dir='ltr'><em>S.</em></span> <span class='ocrx_word' id='word_1_463' title='bbox 1201 2217 1306 2255; x_wconf 76' lang='lat' dir='ltr'><em>Angeli</em></span> <span class='ocrx_word' id='word_1_464' title='bbox 1339 2218 1469 2247; x_wconf 81' lang='lat' dir='ltr'><em>custodis</em></span> <span class='ocrx_word' id='word_1_465' title='bbox 1501 2218 1613 2255; x_wconf 81' lang='lat' dir='ltr'><em>Asculi,</em></span> <span class='ocrx_word' id='word_1_466' title='bbox 1643 2220 1673 2248; x_wconf 89' lang='lat' dir='ltr'><em>S.</em></span> <span class='ocrx_word' id='word_1_467' title='bbox 1698 2218 1802 2257; x_wconf 82' lang='lat' dir='ltr'><em>loseph</em></span> 
     </span>
     <span class='ocr_line' id='line_1_93' title="bbox 1058 2264 1803 2305; baseline 0.003 -11"><span class='ocrx_word' id='word_1_468' title='bbox 1058 2264 1232 2303; x_wconf 70' lang='lat' dir='ltr'><em>maceratae,</em></span> <span class='ocrx_word' id='word_1_469' title='bbox 1257 2267 1287 2295; x_wconf 83' lang='lat' dir='ltr'><em>S.</em></span> <span class='ocrx_word' id='word_1_470' title='bbox 1311 2266 1423 2296; x_wconf 70' lang='lat' dir='ltr'><em>Nicolai</em></span> <span class='ocrx_word' id='word_1_471' title='bbox 1446 2266 1573 2303; x_wconf 85' lang='lat' dir='ltr'><em>Laureti,</em></span> <span class='ocrx_word' id='word_1_472' title='bbox 1597 2266 1625 2296; x_wconf 88' lang='lat' dir='ltr'><em>S.</em></span> <span class='ocrx_word' id='word_1_473' title='bbox 1646 2267 1803 2305; x_wconf 76' lang='lat' dir='ltr'><em>Augustini</em></span> 
     </span>
     <span class='ocr_line' id='line_1_94' title="bbox 1062 2314 1803 2354; baseline 0.001 -10"><span class='ocrx_word' id='word_1_474' title='bbox 1062 2314 1163 2354; x_wconf 86' lang='lat' dir='ltr'><em>oppidi</em></span> <span class='ocrx_word' id='word_1_475' title='bbox 1185 2314 1215 2345; x_wconf 83' lang='lat' dir='ltr'><em>S.</em></span> <span class='ocrx_word' id='word_1_476' title='bbox 1239 2314 1355 2345; x_wconf 83' lang='lat' dir='ltr'><em>Martini</em></span> <span class='ocrx_word' id='word_1_477' title='bbox 1378 2319 1405 2344; x_wconf 89' lang='lat' dir='ltr'><em>et</em></span> <span class='ocrx_word' id='word_1_478' title='bbox 1428 2315 1525 2345; x_wconf 84' lang='lat' dir='ltr'><em>Sancti</em></span> <span class='ocrx_word' id='word_1_479' title='bbox 1547 2315 1675 2354; x_wconf 84' lang='lat' dir='ltr'><em>Spiritus</em></span> <span class='ocrx_word' id='word_1_480' title='bbox 1697 2316 1803 2346; x_wconf 85' lang='lat' dir='ltr'><em>Adriae</em></span> 
     </span>
     <span class='ocr_line' id='line_1_95' title="bbox 1063 2363 1803 2403; baseline 0.003 -11"><span class='ocrx_word' id='word_1_481' title='bbox 1063 2363 1122 2393; x_wconf 85' lang='lat' dir='ltr'><em>sint</em></span> <span class='ocrx_word' id='word_1_482' title='bbox 1144 2364 1284 2403; x_wconf 83' lang='lat' dir='ltr'><em>separati,</em></span> <span class='ocrx_word' id='word_1_483' title='bbox 1319 2364 1408 2393; x_wconf 87' lang='lat' dir='ltr'><em>sicuti</em></span> <span class='ocrx_word' id='word_1_484' title='bbox 1431 2364 1465 2393; x_wconf 90' lang='lat' dir='ltr'><em>de</em></span> <span class='ocrx_word' id='word_1_485' title='bbox 1498 2364 1573 2393; x_wconf 80' lang='lat' dir='ltr'><em>sacto</em></span> <span class='ocrx_word' id='word_1_486' title='bbox 1606 2369 1743 2403; x_wconf 82' lang='lat' dir='ltr'><em>separant</em></span> <span class='ocrx_word' id='word_1_487' title='bbox 1775 2369 1803 2394; x_wconf 81' lang='lat' dir='ltr'><em>et</em></span> 
     </span>
     <span class='ocr_line' id='line_1_96' title="bbox 1059 2412 1803 2453; baseline 0.001 -11"><span class='ocrx_word' id='word_1_488' title='bbox 1059 2412 1272 2442; x_wconf 81' lang='lat' dir='ltr'><em>dismembrant</em></span> <span class='ocrx_word' id='word_1_489' title='bbox 1304 2421 1319 2441; x_wconf 86' lang='lat' dir='ltr'><em>a</em></span> <span class='ocrx_word' id='word_1_490' title='bbox 1352 2412 1451 2442; x_wconf 86' lang='lat' dir='ltr'><em>decem</em></span> <span class='ocrx_word' id='word_1_491' title='bbox 1490 2412 1683 2443; x_wconf 84' lang='lat' dir='ltr'><em>conventibus</em></span> <span class='ocrx_word' id='word_1_492' title='bbox 1715 2423 1803 2453; x_wconf 80' lang='lat' dir='ltr'><em>supra</em></span> 
     </span>
     <span class='ocr_line' id='line_1_97' title="bbox 1061 2462 1804 2502; baseline 0.001 -11"><span class='ocrx_word' id='word_1_493' title='bbox 1061 2462 1197 2492; x_wconf 85' lang='lat' dir='ltr'><em>indicatis</em></span> <span class='ocrx_word' id='word_1_494' title='bbox 1229 2462 1396 2502; x_wconf 88' lang='lat' dir='ltr'><em>provinciae</em></span> <span class='ocrx_word' id='word_1_495' title='bbox 1420 2462 1585 2497; x_wconf 55' lang='lat' dir='ltr'><em>Romanam</em></span> <span class='ocrx_word' id='word_1_496' title='bbox 1620 2466 1648 2492; x_wconf 89' lang='lat' dir='ltr'><em>et</em></span> <span class='ocrx_word' id='word_1_497' title='bbox 1680 2463 1804 2501; x_wconf 81' lang='lat' dir='ltr'><em>praefati</em></span> 
     </span>
     <span class='ocr_line' id='line_1_98' title="bbox 1067 2511 1803 2551; baseline 0.001 -10"><span class='ocrx_word' id='word_1_498' title='bbox 1067 2511 1168 2541; x_wconf 87' lang='lat' dir='ltr'><em>decem</em></span> <span class='ocrx_word' id='word_1_499' title='bbox 1206 2515 1369 2541; x_wconf 83' lang='lat' dir='ltr'><em>conventus</em></span> <span class='ocrx_word' id='word_1_500' title='bbox 1402 2511 1575 2540; x_wconf 88' lang='lat' dir='ltr'><em>nominatim</em></span> <span class='ocrx_word' id='word_1_501' title='bbox 1609 2512 1742 2551; x_wconf 81' lang='lat' dir='ltr'><em>expressi</em></span> <span class='ocrx_word' id='word_1_502' title='bbox 1774 2512 1803 2542; x_wconf 91' lang='lat' dir='ltr'><em>iu</em></span> 
     </span>
     <span class='ocr_line' id='line_1_99' title="bbox 1062 2559 1805 2597; baseline 0 -7"><span class='ocrx_word' id='word_1_503' title='bbox 1062 2559 1170 2590; x_wconf 87' lang='lat' dir='ltr'><em>ducatu</em></span> <span class='ocrx_word' id='word_1_504' title='bbox 1196 2559 1390 2597; x_wconf 81' lang='lat' dir='ltr'><em>Ferrariensi‚</em></span> <span class='ocrx_word' id='word_1_505' title='bbox 1425 2559 1532 2590; x_wconf 84' lang='lat' dir='ltr'><em>Piceno</em></span> <span class='ocrx_word' id='word_1_506' title='bbox 1563 2564 1589 2590; x_wconf 86' lang='lat' dir='ltr'><em>et</em></span> <span class='ocrx_word' id='word_1_507' title='bbox 1612 2561 1718 2590; x_wconf 87' lang='lat' dir='ltr'><em>Adriae</em></span> <span class='ocrx_word' id='word_1_508' title='bbox 1749 2561 1805 2590; x_wconf 77' lang='lat' dir='ltr'><em>cri-</em></span> 
     </span>
     <span class='ocr_line' id='line_1_100' title="bbox 1062 2608 1804 2648; baseline 0.003 -10"><span class='ocrx_word' id='word_1_509' title='bbox 1062 2613 1181 2647; x_wconf 76' lang='lat' dir='ltr'><em>gentur,</em></span> <span class='ocrx_word' id='word_1_510' title='bbox 1205 2608 1279 2639; x_wconf 81' lang='lat' dir='ltr'><em>sicut</em></span> <span class='ocrx_word' id='word_1_511' title='bbox 1314 2608 1349 2638; x_wconf 77' lang='lat' dir='ltr'><em>(lc</em></span> <span class='ocrx_word' id='word_1_512' title='bbox 1374 2609 1448 2639; x_wconf 79' lang='lat' dir='ltr'><em>sacto</em></span> <span class='ocrx_word' id='word_1_513' title='bbox 1483 2608 1611 2648; x_wconf 68' lang='lat' dir='ltr'><em>erigunt,</em></span> <span class='ocrx_word' id='word_1_514' title='bbox 1635 2609 1665 2639; x_wconf 88' lang='lat' dir='ltr'><em>in</em></span> <span class='ocrx_word' id='word_1_515' title='bbox 1700 2619 1804 2640; x_wconf 82' lang='lat' dir='ltr'><em>novam</em></span> 
     </span>
    </p>
   </div>
   <div class='ocr_carea' id='block_1_14' title="bbox 1697 191 1991 229">
    <p class='ocr_par' dir='ltr' id='par_1_15' title="bbox 1697 191 1991 229">
     <span class='ocr_line' id='line_1_101' title="bbox 1697 191 1991 229; baseline 0.007 -3"><span class='ocrx_word' id='word_1_516' title='bbox 1697 191 1762 226; x_wconf 68' lang='grc'><em>959</em></span> <span class='ocrx_word' id='word_1_517' title='bbox 1808 201 1857 228; x_wconf 83' lang='lat' dir='ltr'><em>An.</em></span> <span class='ocrx_word' id='word_1_518' title='bbox 1875 200 1904 229; x_wconf 89' lang='lat' dir='ltr'><em>C.</em></span> <span class='ocrx_word' id='word_1_519' title='bbox 1927 200 1991 229; x_wconf 77' lang='lat'>173¹</span> 
     </span>
    </p>
   </div>
  </div>
 </body>
</html>
