2182 3137
230 241 279 268 Λη.
297 241 325 268 c.
350 240 414 268 1733
461 231 524 266 508

276 1794 357 1817 Puncta
372 1801 406 1817 ex·

223 1824 288 1845 amin!
306 1823 391 1846 tradita.

423 290 537 323 litteris
563 289 769 333 apostolicis,
797 295 828 324 et
845 290 1020 334 praecipue
1038 302 1162 325 eornm-

423 343 494 374 dcm
532 343 647 382 Pauli,
684 342 830 386 Gregorii
868 349 899 376 et
930 343 1050 376 Urbani
1081 344 1160 386 Vlll,

423 396 596 429 Alexandri
640 396 711 436 vll,
739 396 912 429 Clementis
948 397 986 429 lx
1023 403 1054 430 et
1091 398 1161 432 Cle-

422 449 540 482 mcntis
568 450 591 482 X
611 450 706 482 etiam
730 450 951 483 Romanorum
971 451 1160 485 Pontificum

422 503 705 545 p1·.·1edccessorum
734 509 939 544 nostrorum;
966 514 1039 544 nos,
1066 516 1162 548 quas-

421 566 558 599 cumque
599 557 838 589 controversias
874 562 905 590 et
941 558 1160 592 dissensiones

421 620 456 642 ex
483 614 677 643 statutorum
705 616 736 643 ct
761 611 942 644 litterarum
969 613 1161 655 apostolica-

421 673 492 695 rum
527 663 715 696 huiusmodi
747 664 835 697 vario
866 675 962 698 sensu
999 672 1104 707 ortas,
1130 672 1161 700 et

420 721 497 749 tunc
522 717 656 750 sortasse
681 718 835 759 orituras,
861 730 921 762 pro
947 720 1048 753 nostri
1085 731 1160 764 apo-

419 771 555 803 stolatus
581 781 714 804 munere
740 772 779 805 de
812 772 920 806 medio
958 775 1072 807 tollere
1107 784 1160 807 vo-

419 824 545 865 lentes,
571 825 759 868 particulari
785 825 1038 870 Congregationi
1064 838 1159 860 vene-

418 877 571 911 rabilium
598 879 732 911 sratrum
766 884 952 912 nostrorum
985 881 1017 913 S.
1050 881 1087 913 R.
1122 881 1156 914 E.

419 931 630 964 cardinalium
647 958 654 971 ‚
678 932 828 966 videlicet
852 933 954 966 bonae
979 934 1158 967 memoriae

419 983 569 1027 Prosperi
604 985 808 1018 Maresuschii
828 1013 835 1026 ‚
868 987 1058 1021 corumdem
1094 990 1159 1031 pri-

417 1037 633 1070 modictorum
658 1038 848 1072 clericorum
877 1041 1077 1083 regularium
1101 1041 1160 1074 Ma-

419 1090 474 1122 tris
499 1090 554 1123 Dei
580 1092 797 1134 protectoris,
825 1093 963 1126 Leandri
986 1095 1024 1127 de
1042 1094 1157 1135 Fortia,

418 1153 454 1175 ac
479 1143 564 1176 Petri
590 1144 712 1188 aloysii
738 1145 868 1179 Carasae
887 1174 894 1186 ‚
923 1148 962 1180 ad
988 1159 1057 1181 rem
1093 1159 1159 1182 ma-

418 1202 491 1230 turo
529 1197 667 1231 consilio
704 1199 952 1233 examinandam
990 1206 1065 1235 tunc
1101 1213 1159 1245 per

416 1260 476 1283 nos
502 1251 680 1293 apostolica
705 1253 895 1286 auctoritate
921 1255 1088 1297 praedicta
1114 1255 1160 1288 in-

417 1303 568 1344 stitutae,
594 1310 625 1337 et
648 1305 787 1347 praeviis
815 1307 1020 1341 facultatibus
1049 1319 1160 1342 ncces-

417 1356 508 1390 sariis
531 1358 725 1399 instructae,
742 1360 1004 1395 commiserimus
1025 1368 1160 1396 et-man-

417 1410 617 1452 (laverimus,
636 1417 685 1452 ut,
706 1413 765 1445 de¹
791 1415 942 1448 omnibus
969 1422 1001 1449 et
1024 1417 1159 1460 singulis

418 1470 480 1498 tam
506 1466 539 1498 in
558 1467 660 1500 forma
674 1468 800 1509 Brevis,
820 1480 915 1512 quam
934 1471 993 1503 sub
1014 1472 1159 1515 plumbo,

416 1523 451 1550 ut
475 1520 676 1563 praefertur,
710 1522 870 1565 expeditis
889 1550 896 1563 ,
933 1525 1160 1567 primodictos-

417 1583 481 1616 que
515 1574 651 1608 clericos
684 1577 854 1618 regulares
888 1578 1158 1621 respicientibus.

418 1628 606 1670 apostolicis
632 1629 751 1662 litteris
777 1641 813 1663 ac
838 1631 965 1665 statutis
983 1633 1159 1676 praedietis

416 1687 543 1715 mature
568 1684 741 1727 perpensis
758 1711 765 1724 ‚
791 1685 824 1717 in
849 1685 1079 1729 subsequentia
1110 1699 1159 1721 ca-

417 1735 483 1778 pita
508 1736 623 1769 sedulo
648 1736 872 1780 inquirerent,
900 1739 1069 1774 nimirum:

506 1800 528 1823 1.
549 1791 596 1823 An
614 1792 789 1835 praedictis
807 1792 932 1826 clericis
952 1795 1159 1837 regularibus

417 1842 618 1886 Pauperibus
643 1844 750 1878 Matris
776 1845 832 1879 Dei
865 1845 898 1878 in
929 1847 995 1879 suis
1020 1849 1158 1891 publicis

418 1896 540 1930 scholis
557 1924 564 1938 ,
595 1903 726 1941 praeter
755 1899 918 1933 scribendi
935 1927 942 1941 ‚
970 1901 1101 1944 legendi
1128 1907 1160 1935 et

418 1951 624 1994 computandi
639 1952 769 1995 regulas
783 1958 878 1997 atque
893 1953 988 1986 etiam
1003 1965 1159 1997 gramma-

419 2004 514 2046 ticen,
533 2005 685 2039 scientias
703 2006 841 2040 maiores
860 2007 987 2041 tradere
1006 2008 1135 2050 liceret;

508 2069 543 2092 11.
570 2059 619 2092 An
644 2059 707 2104 ipsi
733 2060 771 2093 ad
794 2060 924 2094 easdem
941 2071 1015 2094 suas
1030 2062 1159 2096 scholas

418 2122 535 2156 pueros
561 2112 657 2146 etiam
682 2113 795 2148 divites
821 2114 1014 2159 nobilesque
1044 2116 1160 2150 admit-

418 2171 487 2199 tere
511 2172 667 2210 possent·,

507 2229 556 2253 111.
583 2220 631 2253 An
656 2220 689 2253 in
714 2231 805 2254 suam
831 2232 938 2256 curam
961 2228 994 2256 et
1013 2224 1159 2267 regimen

418 2272 570 2306 iuvenum
595 2274 733 2318 collegia
749 2303 756 2316 ‚
782 2276 956 2310 seminaria
985 2282 1017 2310 et
1053 2278 1161 2312 convi-

419 2332 486 2360 ctus
510 2327 632 2361 habere
656 2328 769 2362 itidem
794 2336 945 2373 possent;

508 2390 552 2414 ιν.
579 2380 765 2419 Quaesitum
794 2387 843 2416 est
877 2393 917 2416 an
953 2384 1160 2428 privilegium

419 2434 635 2477 apostolicum
660 2435 706 2468 eis
732 2435 817 2469 foret
842 2438 1100 2479 concedendurn,
1127 2444 1163 2472 ut

418 2488 586 2530 regulares
601 2489 716 2522 domos
730 2490 799 2523 sine
813 2491 950 2524 aliorum
965 2492 1161 2534 regularium

420 2551 581 2575 consensu
596 2542 738 2576 condere
756 2549 905 2587 possent,
924 2545 979 2578 ubi
997 2550 1102 2579 tamen
1117 2546 1163 2579 eis

1000 242 1182 267 BULLARIUM
1205 240 1360 267 ROMANUM

1204 291 1248 324 cis
1267 292 1408 335 praefixo
1427 291 1587 334 religiosis
1606 291 1731 325 alendis
1745 290 1941 325 sufficientes

1204 345 1350 378 redditus
1368 345 1448 378 citra
1465 345 1667 378 mendicandi
1683 350 1714 379 et
1729 345 1942 389 quaestuandi

1205 399 1431 432 necessitatem
1457 399 1535 432 alias
1554 404 1781 442 suppeterent:

1249 451 1418 496 Quumque
1466 452 1682 496 Congregatio
1736 452 1941 496 particularis

1206 507 1391 548 praedicta,
1418 507 1468 539 die
1494 517 1548 540 xtn
1582 507 1703 539 mensis
1729 507 1839 550 aprilis
1865 507 1941 540 anni

1206 559 1331 592 Domini
1357 569 1516 593 moccxxxi
1543 559 1666 599 habita,
1694 560 1882 603 praemissis
1907 571 1942 593 o-

1206 613 1346 653 mnibus,
1365 613 1638 656 quemadmodum
1659 623 1940 657 praeceperamus,

1206 666 1381 709 diligenter
1399 666 1553 709 inspectis
1572 671 1602 699 et
1620 666 1819 709 ponderatis,
1840 667 1943 700 nemi-

1204 730 1243 752 ne
1271 720 1493 763 discrepante,
1520 720 1552 752 in
1586 720 1670 753 banc
1705 721 1942 754 resolutionem

1204 784 1269 807 uno
1295 784 1349 807 ore
1376 774 1560 814 devenerit,
1587 774 1729 807 scilicet:

1248 827 1294 859 Ad
1332 838 1367 867 ι,
1406 827 1541 861 clericos
1580 828 1743 870 regulares
1779 828 1941 872 Pauperes

1203 880 1309 913 Matris
1344 881 1422 922 Dei,
1447 882 1500 925 qui
1535 893 1551 915 a
1582 881 1708 915 Scholis
1745 882 1807 915 Piis
1843 882 1942 916 deno-

1203 933 1391 971 minantur,
1419 935 1522 967 teneri
1549 935 1653 978 prima
1677 935 1861 969 rudimenta
1890 947 1941 969 ca-

1205 987 1345 1020 tholicae
1371 987 1470 1029 fidei,
1496 989 1724 1029 grammaticae
1750 995 1782 1022 et
1811 1000 1942 1033 compu-
1990 1016 1993 1018 .

1204 1044 1307 1072 torum
1332 1042 1461 1083 regulas
1489 1041 1617 1074 tradere
1639 1041 1888 1075 adolescentulis
1902 1043 1942 1075 ad

1205 1094 1337 1126 sormam
1364 1094 1631 1128 constitutionum
1657 1094 1785 1128 Ordinis
1811 1095 1881 1136 sui,
1905 1095 1943 1129 li-

1204 1157 1278 1180 cere
1304 1147 1400 1180 etiam
1425 1148 1545 1181 eisdem
1571 1148 1724 1182 scientias
1750 1148 1888 1182 maiores
1908 1148 1942 1182 in

1204 1201 1271 1233 suis
1297 1201 1435 1244 publicis
1460 1201 1579 1235 scholis
1601 1201 1746 1243 tradere,
1765 1202 1942 1236 dummodo

1206 1259 1311 1287 tamen
1337 1254 1421 1297 apud
1448 1265 1504 1288 eos
1536 1255 1785 1289 constitutiones
1813 1255 1942 1289 Ordinis

1205 1309 1311 1351 quoad
1336 1309 1463 1342 scholas
1489 1309 1633 1342 minores
1660 1315 1847 1350 serventur3

1249 1361 1295 1393 Ad
1311 1371 1343 1402 11,
1363 1362 1493 1395 eosdem
1511 1362 1648 1395 clericos
1669 1363 1833 1405 regulares
1855 1368 1944 1397 tene-

1205 1414 1231 1447 ri
1257 1415 1427 1448 admittere
1453 1426 1573 1458 pucros
1599 1426 1769 1459 pauperes,
1789 1422 1820 1450 et
1844 1417 1942 1450 licere

1206 1468 1251 1501 cis
1276 1469 1447 1502 admittere
1467 1480 1586 1513 pueros
1605 1469 1716 1504 divites
1743 1475 1774 1503 et
1798 1471 1942 1512 nobiles;

1249 1522 1295 1555 Ad
1322 1533 1373 1563 ιιι,
1399 1533 1495 1566 posse
1514 1523 1553 1556 ad
1573 1524 1706 1558 sormam
1727 1524 1943 1568 capitulorum

1205 1577 1424 1619 gcneralium;

1249 1631 1296 1663 Ad
1322 1641 1373 1672 ιν,
1394 1642 1453 1674 pro
1478 1631 1581 1674 gratia
1606 1632 1769 1675 privilegii
1799 1633 1845 1666 eis
1871 1643 1944 1666 con-

1204 1684 1340 1717 cedendi
1359 1695 1552 1729 responsum
1574 1686 1641 1726 suit,
1659 1686 1699 1719 ad
1724 1687 1859 1720 sormam
1884 1687 1944 1720 sci-

1204 1738 1278 1771 licet
1303 1737 1418 1771 indulti
1451 1738 1554 1771 felicis
1587 1740 1822 1773 recordationis
1853 1750 1945 1783 prae-

1205 1792 1394 1825 decessoris·
1412 1791 1513 1825 nostri
1551 1792 1724 1826 Clementis
1762 1794 1866 1837 Papae
1903 1794 1943 1826 tx

1205 1846 1354 1879 fratribus
1379 1846 1577 1880 Excalceatis
1603 1847 1731 1881 Ordinis
1760 1848 1793 1881 B.
1826 1848 1944 1882 Mariae

1203 1900 1343 1943 Virginis
1386 1901 1425 1934 de
1461 1901 1568 1934 Monte
1604 1901 1750 1935 Carmelo
1798 1901 1948 1935 concessi

1204 1954 1256 1987 die
1279 1963 1311 1987 VI
1336 1954 1478 1987 octobris
1503 1954 1578 1987 anni
1602 1964 1789 1989 Mncbxvm:

1247 2008 1262 2051 ξ
1286 2007 1317 2041 3.
1346 2008 1522 2052 Relataque
1547 2009 1642 2042 nobis
1672 2009 1856 2053 insequenti
1893 2009 2137 2064 diesanscf2l²⁰⁰¹s³lss
2174 1998 2182 2046 i

1204 2071 1263 2104 per
1277 2061 1495 2095 venerabilem
1510 2062 1642 2095 fratrem
1661 2062 1943 2107 archiepiscopum
1957 2069 2087 2091 confirmata·

1203 2115 1452 2156 Nazianzenum,
1475 2116 1657 2150 auditorem
1674 2120 1833 2157 nostrum,
1847 2127 1945 2161 quem

1205 2179 1264 2203 nos
1289 2169 1395 2203 eidem
1418 2169 1669 2213 Congregationi
1688 2171 1876 2214 particulari
1896 2182 1946 2205 sc-

1204 2223 1377 2257 cretariurn
1412 2224 1712 2267 assignaveramus,
1743 2224 1944 2258 resolutione

1205 2277 1413 2318 huiusmodi,
1439 2287 1657 2321 quascumque
1694 2279 1919 2312 contentiones
1937 2305 1945 2319 ,

1206 2331 1382 2365 discordias
1406 2336 1435 2364 et
1455 2331 1547 2371 lites,
1576 2331 1602 2364 si
1628 2342 1712 2375 quae
1739 2332 1844 2366 forsan
1868 2343 1946 2376 quo-

1205 2385 1385 2418 modolibet
1408 2383 1510 2416 ubivis
1535 2385 1678 2417 locorum
1704 2395 1802 2428 super
1838 2385 1946 2418 huius-

1206 2438 1292 2472 modi
1318 2443 1509 2471 statutorum
1535 2443 1566 2471 et
1590 2438 1773 2472 litterarum
1791 2438 1943 2483 apostoli·

1207 2502 1318 2525 carum
1355 2491 1625 2535 interpretatione
1666 2497 1697 2525 et
1735 2503 1812 2526 vero
1848 2502 1947 2525 sensu

1207 2551 1319 2579 contra
1354 2545 1566 2590 primodictos
1605 2546 1742 2580 clericos
1778 2547 1946 2590 regulares

394 2603 397 2605 ·
419 2605 480 2639 pro
506 2606 640 2631 numero
666 2608 684 2631 a
704 2599 989 2633 constitutionibus
1006 2600 1164 2644 apostoli·
1207 2605 1335 2633 exortae
1354 2626 1362 2640 ,
1388 2603 1421 2632 et
1445 2609 1551 2633 coram
1583 2599 1750 2643 quibusvis
1785 2599 1945 2633 iudicibus

458 2659 468 2685 1
492 2657 644 2695 Praeposit.
665 2660 699 2688 de
719 2660 835 2692 delenda
859 2662 897 2699 (n.
918 2663 967 2699 τ.).

1207 2653 1414 2688 introductae
1439 2658 1471 2686 et
1494 2652 1656 2688 indecisae
1673 2653 1817 2698 pendere
1834 2662 1945 2697 reper-

1971 840 2135 870 Responsionos,
2167 856 2168 881 ἶ
