2182 3137
50 264 101 294 Αη.
117 267 146 295 C.
171 262 238 295 ¹732

97 1448 230 1468 minimulum

49 1474 80 1496 dei
87 1479 165 1499 υμῖν».

872 269 1012 293 CLEMENS

245 316 392 359 plenarie
419 317 645 360 reintegratus,
665 328 701 350 ac
720 317 759 350 de
778 327 861 350 novo
888 317 984 350 etiam

245 370 306 403 sub
332 381 537 414 quacumque
555 371 730 414 posteriori
749 371 822 403 data
842 371 987 414 quaudo-

245 433 385 466 cumque
411 424 561 466 elIgenda
587 434 773 464 concessas,
799 434 931 467 semper
956 429 1008 456 eti

245 477 404 519 perpetuo
419 477 539 510 validas
557 482 588 510 et
604 478 748 511 efficaces
767 478 837 511 fore
855 484 886 511 et
902 488 986 517 esse,
1007 480 1008 493 ¹

244 541 384 573 suosque
420 531 589 574 plenarios
616 538 645 564 et
673 532 816 574 integros
853 531 986 564 ell'ectus

243 584 351 617 sortiri
377 590 409 617 et
434 585 592 625 obtinere,
612 587 735 630 sicque,
756 593 787 619 et
813 597 877 620 non
897 586 984 625 alias,
1008 630 1009 634 Ἰ

243 647 302 680 per
324 648 549 682 quoscumque
575 639 698 673 iudices
723 639 905 672 ordinarios
938 639 986 671 vel
1008 638 1009 654 ¹

244 690 425 733 delegatos,
447 692 557 736 quavis
583 692 775 727 auctoritate
802 693 985 735 fungentes,

244 743 340 777 etiam
368 756 537 778 causarum
563 746 676 789 palatii
702 746 873 790 apostolici
899 746 988 778 audi-

244 802 354 838 tores,
381 799 477 832 etiam
503 799 542 832 de
568 801 669 833 latere
702 801 850 843 legatos,
875 799 989 832 vicele-

243 856 334 893 gatos
360 858 391 885 et
415 852 506 886 Sedis
532 853 740 896 Apostolicac
778 853 930 894 nuncios,
958 858 990 886 et

243 904 324 938 alios
347 916 569 949 quoscumque
588 906 700 949 quavis
719 907 920 947 auctoritate,
935 917 989 950 po-

245 962 378 998 testate,
412 959 638 1002 praerogativa
666 964 697 992 et
723 959 895 1004 privilegio
923 959 988 991 fuu-

243 1016 379 1053 gentes,
405 1011 532 1044 sublata
568 1013 614 1045 eis
650 1018 682 1046 et
717 1024 829 1046 eorum
855 1013 989 1046 cuilibet

244 1064 355 1108 quavis
380 1064 473 1098 aliter
499 1065 677 1106 iudicandi,
696 1065 874 1100 deliniendi
896 1073 927 1099 et
945 1067 988 1099 in-

243 1118 443 1161 terpretandi
472 1119 623 1152 facultate
649 1124 680 1152 et
705 1119 897 1153 auctoritate
914 1146 921 1159 ‚
946 1121 987 1152 iu-

243 1171 369 1212 dicari,
395 1172 523 1205 deliniri
550 1179 581 1206 et
606 1173 813 1217 interpretari
840 1173 985 1214 debcre;

243 1230 275 1258 et
299 1225 457 1270 quidquid
477 1237 570 1260 secus
592 1238 689 1271 super
710 1227 759 1260 liis
777 1238 793 1260 a
811 1238 986 1271 quoquam,

242 1279 356 1322 quavis
374 1280 578 1321 auctoritate,
597 1281 739 1314 scienter
764 1282 812 1314 vel
838 1281 984 1324 ignoran-

243 1339 300 1374 ter,
322 1334 497 1377 contigcrit
515 1335 678 1376 attentari,
698 1335 822 1368 irritum
841 1340 872 1368 et
890 1334 985 1368 inane

243 1386 460 1421 decernimus.

286 1441 301 1484 ἓ
325 1440 357 1474 6.
385 1440 454 1474 Non
480 1441 695 1483 obstantibus,
724 1448 882 1486 quatenus
903 1453 986 1486 opus

242 1493 302 1535 sit,
330 1494 449 1528 nostris
474 1500 505 1528 et
529 1495 750 1529 Cancellariae
776 1496 984 1539 Apostolieae

242 1548 363 1590 regulis
389 1548 429 1582 de
455 1549 525 1582 iure
551 1549 697 1592 quaesito
735 1560 799 1582 non
837 1549 984 1583 tollendo

242 1612 279 1635 ac
305 1602 343 1635 de
362 1602 474 1645 gratiis
492 1613 557 1636 non
577 1603 796 1636 concedendis
815 1604 853 1636 ad
874 1604 983 1644 instar,

242 1660 282 1689 et·
298 1655 525 1689 Lateranensis
543 1656 688 1696 Concilii,
710 1656 883 1690 novissime
906 1658 986 1690 celc-

241 1708 338 1748 brati,
367 1709 619 1753 suppressiones
645 1715 840 1753 perpetuas,
866 1710 925 1743 nisi
953 1711 984 1743 in

242 1762 369 1795 casibus
394 1774 411 1796 a
436 1763 508 1796 iure
544 1763 737 1807 permissis,
765 1763 833 1796 fleri
872 1764 984 1807 probi-

241 1815 371 1859 bentis,
397 1816 534 1860 aliisque
572 1817 779 1861 apostolicis,
818 1817 914 1850 etiam
952 1818 984 1850 in

242 1871 466 1914 synodalibus,
482 1871 747 1915 provincialibus,
768 1872 984 1914 generalibus,

243 1924 545 1968 universalibusque
578 1925 725 1958 conciliis
756 1925 851 1959 editis
876 1927 924 1959 vel
952 1937 983 1959 e-

243 1977 370 2018 dendis,
390 1978 587 2021 specialibus
603 1980 653 2011 vel
673 1979 891 2021 generalibus,
908 1990 985 2013 con—

242 2030 463 2064 stitutionibus
488 2037 521 2065 et
545 2031 814 2073 ordinationibus,
842 2034 983 2077 dictique

241 2084 432 2128 hospitalis,
459 2085 554 2118 etiam
582 2086 787 2128 iuramento,
813 2086 984 2120 coufirma-

243 2137 331 2171 tione
368 2138 567 2181 apostolica,
600 2140 649 2172 vel
687 2140 800 2183 quavis
833 2140 982 2173 firmitate

242 2190 302 2224 alia
327 2191 508 2232 roboratis,
535 2193 661 2225 statutis
687 2198 719 2226 et
745 2194 984 2227 consuetudini-

239 2245 320 2285 bus,
344 2245 524 2289 privilegiis
549 2258 694 2290 quoque,
722 2247 855 2281 indultis
881 2253 911 2280 et
936 2249 983 2281 lit-

241 2299 318 2332 teris
336 2300 521 2343 apostolicis
540 2300 645 2333 eidem
665 2300 831 2344 hospitali,
846 2307 879 2333 ut
894 2312 983 2344 prae-

240 2353 364 2394 fertur,
389 2363 588 2397 suppresso,
615 2354 766 2398 illiusque
794 2355 913 2388 rectori
952 2361 983 2388 et

240 2406 474 2449 superioribus,
501 2407 578 2440 alias
604 2408 635 2440 in
661 2408 861 2441 contrarium
889 2418 981 2452 prae-

239 2460 412 2494 missorum
450 2461 545 2494 etiam
571 2462 691 2505 pluries
717 2463 896 2503 concessis,
924 2474 979 2506 ap-

239 2514 386 2557 probatis
412 2520 444 2547 et
469 2514 646 2555 innovatis,
673 2526 800 2549 necnon
835 2516 980 2549 eiusdem

240 2567 413 2611 hospitalis
440 2568 629 2602 fundatione
655 2574 688 2602 et
708 2569 922 2609 institutione,
944 2580 980 2602 ac

239 2621 302 2665 piis
326 2622 446 2655 ultimis
482 2622 702 2656 voluntatibus
727 2623 922 2666 praedictis,
949 2630 981 2657 et

239 2675 497 2721 quibuscumque
511 2677 740 2719 contractibus,
750 2677 866 2721 quibus
880 2678 980 2712 onini-

1041 270 1085 294 ΧΠ
1111 272 1161 295 pr.
1671 263 1732 297 421
1784 273 1833 300 Λη.
1854 273 1881 300 c.
1907 261 1973 302 ¹732>

1029 318 1087 352 bus
1115 325 1146 352 et
1169 320 1333 363 singulis,
1362 321 1489 354 etiamsi
1517 332 1577 364 pro
1603 321 1775 354 sufficienti

1029 372 1158 405 illorum
1187 373 1403 416 derogatione
1436 375 1475 407 de
1502 375 1564 407 illis
1598 385 1776 418 eorumque

1030 425 1106 457 totis
1134 427 1302 459 tenoribus
1340 428 1517 471 specialis,
1559 428 1710 472 specifica
1746 434 1778 462 et

1030 488 1202 521 expressa,
1229 491 1266 513 ae
1292 480 1331 513 de
1357 482 1457 514 verbo
1483 482 1520 514 ad
1547 482 1689 521 verbum,
1712 492 1776 514 non

1030 537 1136 564 autem
1164 543 1222 575 per
1247 534 1408 567 clausulas
1427 537 1600 577 generales
1618 535 1705 568 idem
1723 535 1777 567 im-

1007 590 1216 627 ¹portantcs,
1245 587 1363 620 mentio
1394 599 1452 620 scu
1477 589 1610 632 quaevis
1636 588 1698 621 alia
1728 599 1777 621 ex-

1030 638 1155 680 pressio
1182 640 1340 673 serranda
1366 641 1470 680 foret,
1498 653 1609 674 eorum
1644 648 1775 675 tenores

1031 690 1082 723 liis
1097 691 1217 724 eisdem
1237 695 1463 736 praesentibus
1481 695 1576 727 etiam
1597 706 1657 739 pro
1679 697 1776 739 plene

1032 749 1063 776 et
1088 745 1283 779 sufficienter
1310 748 1472 790 expressis
1508 748 1684 788 babentes,
1713 749 1776 782 illis

1032 799 1110 832 alias
1138 800 1169 832 in
1196 810 1254 832 suo
1281 800 1399 834 robore
1427 802 1666 844 permansuris,
1692 803 1777 835 latis-

1032 852 1109 886 sime
1136 858 1168 886 et
1192 853 1382 896 plenissime
1408 865 1444 887 ac
1469 855 1658 898 specialiter
1677 861 1708 888 et
1726 867 1778 889 ex-

1032 917 1157 949 presse,
1183 912 1285 947 motu,
1305 908 1440 941 scientia
1466 914 1497 941 et
1523 909 1691 952 potestatis
1713 910 1777 953 ple-

1032 959 1180 994 nitudine
1207 961 1367 994 similibus
1384 988 1391 1002 ,
1417 962 1477 994 liac
1511 963 1578 995 vice
1613 963 1778 995 dui‘utaxat

1033 1014 1237 1057 derogamus,
1255 1020 1286 1048 et
1307 1016 1497 1059 derogatum
1516 1027 1586 1049 esse
1605 1017 1774 1057 rolumus;

1032 1068 1216 1112 ceterisque
1243 1069 1414 1101 contraiiis
1439 1069 1714 1113 quibuscumque.

1076 1121 1090 1163 ξ
1115 1120 1145 1153 7.
1174 1121 1327 1154 tolumus
1353 1127 1460 1156 autem
1486 1128 1519 1155 ut
1544 1123 1648 1156 dictus
1677 1123 1775 1156 lulius
1802 1135 1848 1156 iim
1865 1141 1902 1155 «a
1892 1136 1970 1182 unii

1031 1174 1224 1215 cardinalis,
1250 1175 1387 1218 eiusque
1414 1186 1622 1209 successores
1648 1177 1775 1219 praedi
1787 1162 1866 1209 ῥέζω

1030 1227 1081 1267 cti,
1109 1228 1319 1271 peiceptione
1347 1229 1489 1262 omnium
1517 1236 1548 1262 ct
1572 1170 1880 1272 Singulofflfflaugffln
1863 1224 1946 1264 „12:27⁰

1030 1280 1220 1322 fitutuum,
1261 1281 1447 1315 ieddituum
1487 1288 1519 1315 et
1559 1289 1775 1325 ploxentuum

1031 1333 1202 1377 hucusque
1228 1345 1287 1378 per
1313 1336 1462 1368 eumdem
1489 1335 1604 1369 Iulium
1631 1337 1778 1370 cardina-

1030 1387 1093 1419 lem
1120 1387 1241 1430 percipi
1274 1388 1472 1430 solitorum,
1508 1400 1544 1422 ac
1580 1390 1706 1423 iuribus
1745 1397 1776 1424 et

1029 1442 1300 1484 praeeminentiis
1335 1443 1518 1483 universis,
1550 1445 1668 1487 quibus
1706 1444 1775 1488 ipse

1030 1494 1127 1528 Iulius
1152 1495 1325 1528 cardinalis
1353 1496 1510 1529 haetenus
1537 1498 1682 1539 gravisus
1709 1499 1775 1538 fuit,

1029 1558 1156 1581 necnon
1184 1549 1281 1592 plena
1301 1555 1332 1582 et
1347 1550 1533 1583 omnimoda
1549 1551 1774 1585 iurisdictione

1029 1613 1131 1646 super
1157 1603 1320 1645 collegio,
1347 1609 1381 1636 ut
1407 1605 1615 1647 praefertur,
1642 1611 1772 1645 erecto,

1029 1655 1091 1687 frui
1119 1662 1150 1689 et
1175 1657 1316 1699 gaudere
1343 1657 1446 1691 libere
1473 1663 1505 1691 et
1530 1658 1616 1693 licite
1646 1659 1775 1702 possint

1030 1714 1061 1742 et
1085 1710 1224 1743 valeant.

1074 1764 1088 1807 ἓ
1113 1763 1143 1796 8.
1171 1763 1254 1797 Nulli
1283 1776 1361 1808 ergo
1388 1766 1521 1799 omnino
1548 1766 1718 1800 hominum
1737 1767 1775 1801 li-

1029 1822 1099 1850 ceat
1125 1817 1209 1850 banc
1235 1819 1387 1861 pagiuam
1414 1825 1543 1853 nostrae
1570 1820 1744 1854 amotionis
1765 1848 1772 1861 ,

1028 1870 1268 1913 suppressionis
1288 1898 1295 1911 ,
1322 1872 1547 1913 extinctionis,
1575 1873 1747 1906 erectionis
1767 1900 1773 1915 ,

1028 1922 1263 1964 institutionis,
1289 1925 1537 1968 applicationis,
1565 1927 1775 1970 approbatio—

1028 1976 1096 2017 nis,
1123 1977 1260 2019 decreti,
1289 1979 1514 2021 derogationis
1539 1985 1570 2013 et
1598 1980 1773 2013 voluntatis

1028 2031 1227 2074 infringere,
1254 2033 1302 2065 vel
1329 2033 1357 2066 ei
1383 2044 1462 2066 ausu
1490 2034 1667 2067 temerario
1694 2044 1772 2067 con-

1029 2086 1147 2126 traire3
1170 2086 1194 2118 si
1210 2087 1281 2130 quis
1297 2092 1404 2120 autem
1425 2087 1486 2120 lioc
1504 2092 1663 2120 attentare
1683 2098 1772 2131 prae-

1027 2140 1224 2183 sumpserit,
1250 2141 1510 2183 indignationem
1537 2141 1771 2185 omnipotentis

1027 2192 1082 2225 Dei
1120 2203 1156 2226 ac
1192 2194 1360 2227 beatorum
1388 2193 1472 2228 Petri
1505 2201 1535 2228 et
1567 2195 1655 2228 Pauli
1692 2205 1771 2238 apo⁴

1026 2247 1186 2280 stolorum
1213 2247 1282 2280 eius
1307 2258 1341 2281 se
1369 2249 1494 2282 noverit
1519 2248 1737 2281 incursurum.

1070 2301 1183 2334 Datum
1213 2301 1349 2342 Romae,
1375 2302 1460 2345 apud
1495 2302 1526 2335 S.
1554 2302 1684 2335 Mariam
1711 2301 1772 2335 Ma-

1026 2353 1150 2393 iorem,
1192 2365 1277 2387 anno
1319 2354 1552 2388 lucarnatiouis
1589 2355 1770 2388 dominicae

1025 2416 1223 2447 iimccxxxu,
1264 2417 1299 2441 111
1333 2407 1406 2440 idus
1439 2408 1533 2449 iulii,
1561 2409 1769 2452 pontificatus

1025 2461 1128 2494 nostri
1155 2471 1240 2494 anno
1266 2472 1298 2494 11.

1060 2523 1120 2550 Dat.
1144 2524 1189 2551 die
1210 2524 1243 2551 13
1264 2524 1321 2550 iulii
1344 2524 1430 2558 1732,
1453 2524 1556 2560 pontif.
1578 2533 1651 2553 anno
1672 2529 1701 2553 11.

1246 2579 1281 2611 Α.
1309 2579 1398 2611 card.
1431 2579 1652 2624 pro-datarius
1671 2607 1679 2622 ,

1244 2632 1278 2666 F.
1306 2632 1393 2664 card.
1421 2631 1606 2667 Ocivnnius.

1812 1775 1899 1797 Sanctio
1919 1783 1970 1804 pee-

1785 1804 1849 1824 natis.
