2182 3137
488 240 550 273 11511
1035 248 1211 271 111111111111
1238 248 1387 271 nomam

444 302 555 336 Montis
581 301 687 335 Libani
714 302 938 344 Congregatio,
964 301 1034 334 vide
1058 301 1266 344 Congu-egatio
1290 300 1403 334 Montis
1430 300 1549 333 Libani.

444 355 554 389 Montis
580 355 737 387 Pessulani
763 354 929 399 episcopus
955 353 1137 387 mandatum
1163 354 1227 388 edit
1251 359 1360 388 contra
1393 354 1605 398 receptionem
1638 355 1743 388 Bullae
1775 356 1979 399 Uniqenitas,

532 407 597 440 :284
621 408 655 448 b3
683 407 834 449 irritatur,
860 407 934 440 ibid.

1206 543 1229 574 N

443 677 561 708 Nereus
577 674 736 715 Corsinus,
751 674 918 709 Clementis
934 675 983 708 Xll
1002 680 1142 719 patruus,
1161 676 1311 710 ecelesiae
1328 676 1474 710 Aretinae
1493 676 1693 709 laudabiliter
1711 676 1855 720 praefuit,
1875 675 1929 710 141
1950 688 1980 710 α.

443 728 588 762 Notarius
613 728 748 762 nationis
773 729 970 762 Florentinae
995 729 1033 761 de
1059 728 1141 762 L'rbe
1166 735 1233 762 acta
1251 728 1408 762 iudicialia
1433 733 1463 763 et
1482 730 1708 763 contumeliosa
1725 730 1809 763 licite
1829 730 1982 774 perficere

533 786 646 827 potest,
670 782 727 815 02⁹2}
759 794 778 815 ιι
803 788 832 816 et
857 793 917 826 seq.

1199 916 1223 948 Ο

441 1052 601 1085 Olivetana
626 1051 849 1094 Congregatio.
878 1070 919 1074 »-
945 1050 1018 1083 Eius
1044 1049 1246 1083 fundamenta
1278 1049 1350 1084 iecit
1380 1049 1487 1083 beatus
1521 1050 1699 1084 Bernardus
1726 1050 1926 1084 Ptolomaeus
1951 1050 1982 1083 in

532 1107 621 1139 sacra
646 1115 756 1138 eremo
782 1106 939 1144 Acconae‚
970 1103 1022 1136 1-11
1053 1104 1081 1136 b.

441 1158 573 1192 Ordines
598 1158 749 1202 religiosi.
775 1177 818 1181 »-
844 1159 1042 1191 llevoeantur
1066 1156 1103 1190 ad
1130 1156 1281 1190 terminos
1306 1157 1383 1190 iuris
1404 1156 1619 1201 exemptiones
1637 1156 1805 1190 Ordinibus
1825 1156 1980 1200 religiosis

531 1222 709 1251 concessae,
734 1211 792 1245 02:31
819 1211 834 1244 h
860 1216 889 1244 et
913 1222 989 1255 se<1.,·
1014 1211 1087 1244 item
1113 1211 1236 1244 litterae
1262 1210 1430 1244 nonnullae
1454 1210 1645 1254 apostolieae
1671 1220 1687 1243 a
1723 1209 1892 1243 Benedicto
1916 1209 1983 1243 xm

534 1266 634 1306 datae,
659 1265 724 1298 323
749 1265 765 1297 b
791 1270 820 1298 et
845 1276 906 1309 seq.

442 1319 525 1352 Ordo
551 1319 772 1362 hospitalarius
797 1318 827 1351 S.
858 1318 1007 1362 [lippoliti
1032 1317 1195 1351 Mexicani.
1223 1337 1264 1342 —-
1301 1317 1488 1352 Sacerdotes
1524 1317 1719 1361 praelaturas
1744 1316 1869 1351 Ordinis
1905 1317 1985 1351 obti-

534 1382 609 1405 nere
634 1375 809 1416 nequeunt,
834 1382 891 1404 nee
916 1371 1097 1415 provinciae
1129 1371 1311 1404 assistentes
1335 1371 1419 1415 eligi,
1444 1370 1509 1404 ⁶245
1534 1382 1554 1404 α
1579 1376 1609 1404 et
1636 1382 1696 1415 sz'q.

446 1425 529 1459 Ordo
556 1426 831 1467 Praedicatorum,
856 1426 927 1458 ‘tu'de
952 1425 1207 1458 Praedicatorum
1233 1424 1327 1458 Ordo.

445 1479 529 1512 Ordo
553 1479 585 1512 S.
612 1479 785 1512 Benedicti.
812 1498 854 1502 ——
880 1479 953 1512 Eius
978 1478 1087 1513 laudes
1112 1483 1314 1518 enarrantur,
1339 1478 1403 1512 309
1429 1490 1461 1512 a.

442 1532 526 1566 Ordo
551 1533 580 1566 S.
605 1533 729 1566 loannis
754 1532 819 1566 Dei.
846 1552 890 1557 -
914 1532 1063 1576 Religiosi
1089 1532 1349 1576 Congregationis
1374 1531 1596 1576 Hispaniarum
1623 1531 1791 1575 aggregari
1821 1541 1884 1565 non
1912 1543 1985 1577 pos-

532 1592 604 1619 sunt
628 1587 870 1629 Congregationi
897 1587 1003 1620 ltaliae
1029 1587 1096 1620 sine
1120 1596 1277 1620 consensu
1297 1586 1464 1629 generalis,
1489 1585 1554 1619 544
1571 1597 1589 1619 a
1607 1591 1637 1619 et
1656 1597 1719 1630 seq.

443 1640 619 1674 ottobonus
652 1640 818 1673 cardinalis
848 1641 957 1673 Petrus
982 1640 1012 1673 S.
1041 1641 1076 1673 ll.
1105 1641 1138 1673 E.
1166 1639 1464 1682 vicecancellarius,
1497 1639 1507 1672 1
1537 1640 1574 1681 b3
1613 1640 1737 1682 regulas
1775 1639 1985 1674 Cancellariae

535 1694 733 1738 Apostolicae
758 1693 913 1737 publicari
938 1694 1028 1735 facit,
1055 1693 1130 1726 ibid.

1209 1827 1230 1859 p

444 1961 575 1996 Pallium
601 1961 786 1996 conceditur
812 1962 947 1996 Δ»1113111115
973 1962 1143 2006 episcopis,
1174 1962 1229 1995 141
1259 1963 1285 1995 b.

444 2015 605 2049 Paroehia.
633 2034 674 2038 —
700 2014 870 2048 Paroeliiae
896 2014 1011 2048 idioma
1035 2014 1097 2048 loci
1122 2014 1275 2047 nescienti
1301 2025 1362 2048 non
1388 2015 1609 2057 conserendae,
1636 2015 1652 2048 7
1679 2017 1704 2049 b.

445 2070 600 2113 Paupercs
625 2069 737 2102 Matres
761 2069 814 2102 Dei
840 2069 1025 2103 Scliolarun]
1054 2069 1194 2109 riarum,
1219 2069 1290 2102 vide
1315 2069 1538 2113 Congregatio.

445 2124 618 2167 Perpetuae
643 2122 844 2156 Adorationis
869 2122 1100 2165 (long-vegatio,
1129 2123 1200 2156 vide
1224 2117 1443 2166 Congu-cagano.

445 2177 555 2210 Petrus
580 2175 749 2209 cardinalis
774 2175 969 2216 ottobonus,
994 2177 1065 2209 vide
1089 2176 1278 2211 Ottohonus.

445 2229 609 2273 Philippus
636 2230 657 2262 V
682 2228 905 2273 Hispaniarum
931 2239 985 2262 rex
1010 2230 1204 2271 catholicus,
1230 2230 1294 2264 156
1319 2241 1355 2271 α;
1382 2232 1514 2266 instituit
1547 2232 1749 2266 Academiam
1781 2231 1985 2266 scientiarum

532 2283 767 2317 Cervariensein
792 2282 824 2315 in
849 2283 1026 2326 Catalonia,
1045 2282 1108 2317 ‘15ss
1134 2285 1151 2317 b
1173 2289 1202 2317 et
1225 2295 1304 2328 seq.;
1331 2285 1398 2319 eius
1423 2285 1617 2320 erectionem
1638 2291 1668 2320 et
1692 2287 1780 2330 leges
1802 2285 1986 2320 confirmari

533 2335 625 2379 petit,
651 2335 715 2368 0300
741 2336 757 2368 b
782 2339 813 2368 et
837 2346 900 2380 seq.

445 2388 600 2422 Picinensi
625 2388 777 2432 episcopo
803 2399 952 2422 concessa
977 2390 1080 2423 crucis
1105 2390 1259 2434 praelatio
1285 2390 1316 2424 in
1341 2392 1397 2425 sua
1424 2392 1583 2434 dioecesi,
1609 2392 1672 2426 '1402
1698 2404 1729 2427 a.

446 2442 701 2475 Praedicatorum
727 2441 822 2475 Ordo.
854 2461 898 2466 -
933 2443 1134 2477 Innocentius
1171 2443 1224 2477 XII
1256 2444 1433 2488 provincias
1458 2445 1489 2479 S.
1517 2445 1651 2478 Sabinae
1677 2445 1706 2479 in
1732 2445 1923 2479 Lombardia
1957 2450 1988 2479 et

533 2496 565 2528 S.
605 2495 697 2528 Marci
738 2497 911 2529 Romanam
947 2497 986 2529 ab
1022 2497 1108 2530 omni
1145 2498 1289 2542 priorum
1322 2498 1563 2542 provincialium
1600 2499 1816 2533 iurisdictione
1851 2499 1987 2541 exemit,

535 2549 594 2581 951
625 2549 656 2588 b;
681 2549 774 2593 quale
800 2549 1024 2584 detrimentum
1050 2551 1233 2595 disciplinae
1257 2552 1395 2595 regulari
1420 2552 1535 2586 afferre
1558 2553 1657 2586 soleat
1681 2553 1812 2587 fratrum
1838 2553 1987 2587 transitus

536 2601 575 2634 ab
600 2612 662 2635 uno
687 2602 725 2635 ad
752 2602 846 2636 aliurn
872 2609 1072 2646 conventum,
1090 2604 1154 2638 263
1172 2616 1192 2638 α
1208 2610 1238 2639 61
1255 2606 1288 2646 b;
1313 2615 1393 2650 quae
1417 2605 1478 2639 sint
1502 2610 1616 2640 statuta
1641 2611 1671 2640 et
1694 2605 1861 2651 privilegia
1880 2606 1986 2640 cathe-

536 2655 611 2689 drae
629 2655 659 2690 S.
680 2656 818 2692 Tliomae
837 2657 1000 2702 Aquinatis
1026 2658 1056 2692 in
1080 2658 1281 2693 universitate
1305 2658 1482 2701 Mutinensi,
1506 2658 1570 2694 390
1595 2658 1629 2702 bg
1656 2659 1786 2694 facultas
1806 2658 1985 2694 celebrandi
