2182 3137
241 257 288 286 Αη.
307 262 336 286 (ἶ.
362 257 427 285 1733

275 2238 375 2260 Prohibet
399 2242 422 2261 ut

237 2271 256 2284 m
273 2266 366 2288 rubrica.

761 311 846 344 CXV.

438 385 607 418 Fratribus
635 383 901 425 Consireslationis
934 383 1173 426 Hispaniarum

480 437 615 471 Ordinis
641 436 746 467 suncti?
773 436 906 467 Ioannis
936 435 996 468 Dei
1028 440 1055 468 el
1089 437 1172 469 Cun-

477 489 675 532 Ιιμϊααίίιωίε
696 489 815 521 Iluli'ue
840 488 919 521 dicti
940 489 1075 522 Ordinis
1103 500 1175 532 pro-

479 545 630 581 hibetur,
659 553 699 574 ne
723 542 878 574 allcrulri
902 552 939 574 az·
963 542 1059 575 dictis
1086 544 1171 576 Con-
1196 553 1198 565 ¹

476 595 720 639 Ιιμ’(ζψιίιύηιἸιιιε
744 600 965 638 (murmuretur
996 596 1066 628 sinc
1097 607 1171 629 con-

476 660 571 683 sensu
596 659 706 682 eorum
732 650 902 692 respective
926 649 1101 691 yeneralf's.

646 730 779 756 Clemens
802 730 879 763 Papa
899 730 963 759 ΧΠ.

575 774 611 801 ad
632 774 767 801 futuram
782 774 827 801 rei
843 774 1030 801 memoriam.

477 846 491 889 ἓ
522 845 549 878 l.
576 845 674 885 Cum,
701 844 786 878 sicut
819 845 956 878 dilectus
988 845 1070 879 tilius
1095 846 1175 878 Lau-

433 897 556 930 rentius
577 897 731 937 Navarro,
752 898 851 930 sratcr
877 908 1030 941 expresse
1052 898 1174 941 profes-

432 961 485 983 sus
518 962 554 984 ac
588 955 783 994 procurator
809 951 969 992 generalis
994 951 1174 994 Congrega-

436 1003 532 1037 tionis
558 1003 787 1047 Hispaniarum
806 1004 935 1037 Ordinis
961 1004 1061 1037 sancti
1087 1005 1174 1038 Ioan-

434 1057 484 1090 nis
511 1056 565 1089 Dei
585 1084 592 1096 ,
620 1057 713 1089 uobis
736 1066 842 1099 nuper
863 1057 980 1100 exponi
1007 1056 1098 1097 fecit,
1125 1068 1175 1090 su-

434 1110 581 1153 periores
606 1110 775 1152 generales
812 1109 956 1143 eiusdem
990 1111 1175 1153 Congrega-

435 1163 558 1204 tionis,
587 1163 757 1196 occasione
795 1163 1043 1206 praeteritarum
1069 1163 1172 1197 litium

434 1223 465 1249 et
501 1217 797 1250 controversi.¹u·um
834 1227 916 1260 quae
950 1217 1067 1250 dictam
1093 1218 1175 1251 Cou-

433 1271 658 1314 gregationem
674 1271 728 1303 diu
745 1271 945 1314 multumque
961 1271 1174 1313 exagitarunt,

434 1324 724 1357 animadverterint
739 1324 824 1367 quod
844 1324 993 1357 nonnulli
1014 1324 1100 1357 illius
1120 1325 1174 1357 t'ra·

435 1383 520 1416 tres,
547 1387 714 1410 accessum
740 1377 779 1409 ad
805 1377 920 1410 Sedent
956 1377 1173 1421 Apostolicam

432 1436 466 1463 ut
491 1442 524 1463 se
551 1431 728 1464 defendant
759 1430 912 1464 adversus
948 1437 1070 1465 asserta
1106 1442 1174 1474 gra-

432 1483 558 1516 vamina
585 1495 600 1516 a
627 1483 803 1527 praedictis
829 1483 1053 1527 superioribus
1080 1495 1174 1527 gene-

434 1537 555 1570 ralibus
581 1537 627 1570 eis
650 1537 737 1570 illata
759 1544 997 1580 praetexentes,
1025 1539 1065 1571 ab
1090 1538 1175 1582 ipso-

434 1600 503 1623 rum
530 1591 738 1634 superiorum
757 1591 959 1634 generalium
987 1592 1175 1625 obedientia

433 1651 465 1677 et
490 1645 714 1677 iurisdictione
739 1655 808 1678 sese
835 1645 1050 1686 subtrahere,
1076 1651 1173 1689 atque

433 1708 450 1730 e
475 1698 618 1741 praefata
654 1697 913 1740 Congregatione
940 1699 1173 1742 Hispaniarum

434 1751 471 1783 ad
491 1751 786 1793 Congregationem
806 1751 914 1784 Italiae
933 1752 1062 1785 Ordinis
1083 1764 1175 1796 prae-

433 1805 529 1845 dicti,
555 1805 718 1838 mediante
744 1805 839 1837 etiam
867 1806 1072 1849 beneplacito
1098 1817 1175 1849 apo-

433 1858 568 1899 stolico,
596 1859 718 1902 absque
753 1860 941 1892 eorumdem
967 1860 1172 1904 superiorum

433 1911 633 1955 regularium
650 1922 820 1951 consensu,
836 1914 973 1946 transire
989 1920 1173 1957 procurant,

428 1965 464 1998 *in
485 1976 577 2009 grave
598 1965 700 1999 dictae
714 1965 984 2009 Congregationis
1008 1967 1175 2010 Hispania-

433 2029 502 2051 rum
522 2018 758 2061 praeiudicium
785 2030 822 2052 ac
846 2019 1006 2062 regularis
1034 2019 1173 2064 discipli·

433 2083 492 2105 nae
519 2072 773 2113 detrimentum,
796 2072 971 2116 cupiatque
997 2079 1173 2116 propterca

433 2125 501 2169 ipse
516 2126 918 2169 Laurentius,opportune
937 2126 969 2158 in
988 2127 1174 2170 praemissis

433 2189 449 2211 a
471 2178 566 2212 nobis
587 2179 752 2222 provideri
780 2184 810 2212 et
834 2185 867 2211 ut
886 2179 968 2212 infra
987 2180 1171 2223 indulgeri:

477 2233 492 2275 ἓ
512 2232 542 2265 ⁶2.
563 2232 634 2272 Nos,
657 2233 856 2275 praedictum
876 2233 1086 2266 Laurentium
1105 2244 1174 2278 spe-

432 2286 569 2320 cialibus
607 2286 768 2320 savoribus
801 2292 831 2320 et
868 2287 980 2329 gratiis
1017 2288 1172 2331 prosequi

433 2341 598 2380 volentes,
626 2345 657 2373 et
682 2352 698 2373 a
724 2340 890 2383 quibusvis
917 2341 1174 2374 excommunica-

435 2392 542 2432 tionis,
569 2392 793 2435 suspensionis
820 2399 850 2426 et
877 2393 1059 2432 interdicti,
1084 2394 1173 2427 aliis-

433 2457 495 2489 que
522 2446 750 2479 ecelesiasticis
777 2447 958 2487 sententiis,
976 2447 1120 2480 censuris
1143 2452 1175 2480 et

433 2499 571 2542 poenis,
600 2511 616 2531 a
642 2499 710 2532 iure
737 2501 785 2533 vel
813 2501 851 2532 ab
877 2500 1029 2541 homine,
1064 2501 1175 2544 quavis

432 2553 603 2585 occasione
633 2554 681 2586 vel
701 2555 797 2586 causa
816 2553 899 2594 latis,
918 2554 942 2587 si
962 2553 1079 2598 quibus
1098 2565 1176 2598 quo-

433 2605 612 2639 modolibet
642 2605 816 2639 innodatus
835 2606 950 2647 existit,
970 2607 1008 2640 ad
1027 2606 1175 2641 effectum

432 2659 656 2705 praesentium
692 2660 857 2693 dumtaxat
882 2660 1174 2705 consequendum,

1015 263 1198 290 BULLARIUM
1223 263 1380 292 ROMANUM

1960 273 2007 300 An.
2030 272 2058 299 C.
2082 259 2162 302 1⁷35,

1220 312 1332 348 harum
1358 315 1441 349 serie
1466 315 1668 352 absolventes
1709 324 1741 352 et
1776 319 1955 354 absolutum
2161 316 2162 331 ¹

1220 368 1287 401 sore
1329 374 1516 410 censentes,
1558 371 1850 414 supplicationibus
1886 373 1955 406 eius

1219 421 1350 454 nomine
1377 422 1471 455 nobis
1498 433 1596 466 super
1615 424 1677 457 hoc
1696 425 1863 459 humiliter
1881 437 1957 470 por-

1219 475 1316 508 rectis
1343 474 1502 515 inclinati,
1524 482 1555 508 et
1580 480 1703 510 attenta
1728 478 1884 512 relanne
1910 479 1956 513 di-

1218 528 1259 560 cti
1286 527 1341 561 filii
1367 528 1469 560 nostri
1498 528 1626 562 Ioannis
1652 531 1783 563 Antonii
1809 531 1840 564 S.
1863 531 1899 565 [l.
1918 531 1952 566 E.

1219 581 1397 624 presbyteri
1425 581 1598 614 cardinalis
1631 582 1795 626 Guadagni
1834 595 1956 618 nuncu-

1219 634 1293 676 pati,
1320 633 1351 665 in
1379 634 1461 666 alma
1486 634 1571 667 Urbe
1589 634 1697 668 vicarii
1716 636 1817 669 nostri
1837 636 1867 669 in
1889 637 1955 680 spi-

1219 686 1389 719 ritualibus
1412 687 1576 729 generalis
1600 699 1637 720 ac
1662 688 1790 722 Ordinis
1819 680 1955 733 praefati

1218 740 1302 782 apud
1330 739 1445 772 dictam
1471 739 1586 773 Seden]
1625 742 1834 784 protectoris,
1862 743 1955 776 nobis

1217 803 1316 835 snper
1341 792 1528 835 praemissis
1554 794 1638 826 sacta
1655 821 1662 833 ,
1689 795 1897 836 generalibus
1924 806 1957 828 a·

1218 845 1308 878 liisvc
1328 846 1528 888 quibuslibet
1545 847 1770 890 superioribus
1794 852 1857 880 tam
1875 848 1957 881 Con-

1217 899 1414 941 gregationis
1435 899 1546 932 ltaliae
1572 911 1668 944 quam
1686 900 1955 944 Congregationis

1219 952 1446 995 Hispaniarum
1472 952 1601 986 Ordinis
1637 954 1844 995 huiusmodi,
1870 964 1956 987 nuno

1219 1010 1250 1038 et
1274 1015 1332 1048 pro
1360 1009 1506 1048 tempore
1531 1005 1765 1046 existentibus,
1796 1017 1837 1040 ne
1861 1005 1954 1039 dein-

1218 1068 1294 1100 ceps
1322 1057 1434 1090 sratres
1460 1057 1644 1090 alterutrius
1678 1068 1713 1091 ex
1747 1058 1840 1092 dictis
1865 1058 1956 1091 Con-

1219 1110 1470 1153 gregationibus,
1490 1111 1612 1154 absque
1635 1112 1795 1154 expressis
1820 1121 1957 1145 consen-

1219 1175 1255 1197 su
1283 1169 1313 1197 et
1339 1164 1472 1197 licentia
1497 1175 1609 1197 eorum
1634 1166 1812 1208 respective
1837 1165 1955 1208 prioris

1218 1218 1391 1260 ςυιιοιϊιὶῑε,
1406 1228 1482 1250 suae
1495 1217 1748 1261 Congregationi
1769 1218 1956 1252 adscribere

1219 1277 1249 1304 ct
1264 1282 1440 1314 aggregare
1456 1272 1618 1304 ullatenus
1636 1271 1775 1305 audeant
1792 1282 1849 1305 seu
1866 1282 1958 1315 prae·

1219 1330 1355 1364 surmmt,
1374 1325 1488 1357 harum
1505 1324 1589 1358 serie
1611 1325 1805 1358 auctoritate
1831 1331 1956 1369 aposto-

1219 1378 1278 1412 lica
1303 1378 1530 1422 prohibemus.

1262 1431 1276 1475 ἓ
1297 1432 1328 1465 3.
1346 1431 1526 1471 Praeterea,
1544 1431 1668 1464 salubri
1688 1431 1894 1475 dispositioni
1911 1432 1956 1466 se·
1982 1442 2078 1475 ¹siz-ms
2092 1449 2148 1476 ‘neq

1219 1485 1288 1518 licis
1306 1484 1541 1518 recordationis
1560 1484 1679 1518 Urbani
1699 1485 1757 1518 PP.
1777 1485 1842 1518 Vlll
1866 1470 2149 1548 p1·ae-ffi÷³‘13·}}iifff:÷

2084 1530 2094 1542 Ι.
2142 1538 2150 1550 Ι

1219 1538 1402 1572 decessoris
1441 1537 1546 1570 nostri
1584 1548 1642 1581 per
1678 1548 1752 1571 suas
1788 1538 1821 1571 in
1858 1538 2148 1602 Siminiffssi'btffssassssl'i

1200 1629 1202 1633 ,
1219 1592 1319 1625 forma
1333 1591 1443 1624 Brevis
1461 1591 1512 1624 die
1529 1601 1566 1624 xx
1586 1591 1780 1634 septembris
1797 1601 1957 1627 uncxxxlv
1968 1602 2142 1629 congregationi:

1219 1645 1323 1679 editae
1349 1645 1572 1686 inhaerentes,
1591 1645 1761 1678 statuimus
1782 1649 1817 1677 ut
1842 1629 2148 1679 s1·ati·es}i?1{'.²⁰'”²''⁰¹‘

1219 1698 1323 1732 dictae
1360 1697 1629 1741 Congregationis
1667 1697 1896 1742 Hispaniarum
1926 1697 1957 1732 in

1219 1752 1307 1786 ltalia
1343 1752 1498 1794 degentes
1532 1757 1618 1784 stent
1654 1757 1685 1784 et
1720 1757 1873 1785 maneant
1898 1752 1957 1785 sub

1219 1805 1441 1839 iurisdictione
1468 1809 1499 1837 et
1524 1804 1729 1838 correctione
1765 1805 1884 1848 prioris
1909 1816 1959 1849 ge-

1219 1858 1339 1892 neralis
1363 1857 1633 1900 Congregationis
1650 1857 1783 1898 Italiae;
1810 1867 1846 1891 ac
1870 1857 1959 1892 vicis-

1218 1912 1287 1952 sim,
1306 1911 1330 1944 si
1350 1910 1405 1954 qui
1424 1910 1538 1942 fratres
1556 1909 1829 1953 Congregationis
1845 1910 1957 1945 ltaliae

1219 1964 1340 1998 suerint
1375 1964 1407 1997 in
1438 1963 1614 2007 provinciis
1652 1975 1668 1996 a
1699 1963 1958 2008 Congregatione

1219 2017 1448 2062 Hispaniarum
1475 2017 1748 2060 dependentibus,
1768 2017 1959 2052 subiaceant

1218 2071 1434 2105 iurisdictioni
1461 2076 1493 2104 et
1518 2071 1712 2104 correctioni
1750 2071 1957 2116 superiorum

1217 2123 1488 2168 Congregationis
1525 2124 1774 2167 Hispaniarum:
1815 2125 1958 2169 exceptis

1219 2184 1322 2212 tamen
1359 2183 1573 2222 procuratore
1609 2177 1776 2222 generali,
1815 2189 1851 2212 ac
1887 2178 1958 2212 aliis

1218 2232 1369 2266 fratribus
1406 2232 1511 2264 dictae
1549 2231 1819 2275 Congregationis
1844 2231 1958 2276 Hispa-

1217 2286 1342 2319 niarum
1369 2285 1401 2318 in
1427 2284 1540 2318 eadem
1561 2284 1644 2317 Urbe
1669 2285 1955 2328 commorantibus,

1217 2350 1298 2384 quos
1325 2338 1462 2382 quidem
1482 2337 1596 2371 fratres
1617 2338 1812 2372 correctioni
1839 2349 1958 2383 procu-

1216 2393 1333 2426 ratoris
1358 2391 1543 2436 generalis,
1568 2392 1674 2436 ipsum
1699 2403 1777 2426 vero
1803 2402 1958 2436 procura-

1219 2453 1321 2481 torem
1347 2446 1532 2489 generalem
1559 2445 1774 2480 iurisdietioni
1792 2452 1958 2491 protecto-

1218 2500 1261 2533 ris
1287 2499 1416 2533 Ordinis
1442 2509 1526 2532 nunc
1558 2504 1589 2533 et
1624 2510 1684 2543 pro
1721 2505 1865 2543 tempore
1891 2500 1956 2534 exi-

1218 2553 1342 2594 stentis,
1359 2552 1552 2586 auctoritate
1566 2553 1720 2596 praefata,
1738 2557 1850 2587 tenore
1867 2564 1957 2598 prae-

1218 2606 1376 2646 sentium,
1400 2605 1585 2640 immediate
1610 2606 1810 2640 subiieimus.

1262 2660 1278 2705 5
1302 2659 1334 2694 4.
1361 2659 1514 2695 Volentes
1552 2659 1705 2705 insuper,
1730 2660 1837 2706 quod,
1863 2660 1888 2695 si
1924 2665 1956 2696 et
