2182 3137
201 219 248 246 Λη.
270 219 298 246 C.
319 219 386 247 1733

431 211 495 246 532

393 281 472 313 porc
500 270 693 303 existentem
713 280 889 314 procurare
908 274 940 303 et
957 269 1131 313 impetrare

392 328 542 366 possent:
556 334 591 356 ac
605 329 780 367 propterea
795 329 856 356 tam
873 323 1017 367 deputati
1037 333 1130 366 quam

392 376 552 409 vexillifer
572 382 601 409 et
619 382 750 409 senatus
770 377 926 420 praedicti
946 381 1130 419 opportune

392 429 423 461 in
451 430 637 472 praemissis
662 441 679 462 a
700 430 794 462 nobis
811 429 970 473 prosidcri
990 439 1131 462 summo-

264 493 471 525 ·‚.··..·.l·-=1⁷=ere
498 483 701 515 desiderent:
729 493 796 524 nos,
816 482 1004 515 eorumdem
1033 483 1131 525 depu-

259 527 265 538 .
311 526 328 538 .,,

393 541 541 575 talorum,
569 536 739 568 vexilliferi
767 541 798 568 et
816 541 946 569 senatus
967 536 1048 568 votis
1070 536 1130 568 liae

391 589 423 621 in
450 599 496 629 rc,
524 594 676 632 quantum
701 600 773 621 cum
797 589 932 622 Domino
951 599 1129 632 possumus,

391 642 615 675 favorabiliter
638 652 783 675 annuere
809 642 964 682 volentes,
983 642 1130 675 illorum-

391 706 454 738 que
491 696 677 738 singulares
714 707 872 739 personas
909 707 926 729 a
963 695 1129 739 quibusvis

391 748 752 789 excommunicationis,
780 749 1004 793 suspensionis
1027 754 1058 782 ct
1083 748 1130 780 in-

391 801 534 841 terdicti,
570 802 704 845 aliisque
738 801 965 835 ecclesiasticis
1002 806 1130 834 senten-

391 855 468 894 tiis,
507 855 654 888 censuris
679 859 710 888 et
735 855 877 899 poenis,
917 866 934 888 a
970 854 1038 887 iure
1079 855 1128 887 vel

390 908 429 940 ab
456 907 599 947 bomine,
628 907 741 952 quavis
771 908 941 941 occasione
961 907 1009 940 vel
1035 909 1129 939 eausa

390 957 485 998 latis,
510 961 533 992 si
562 961 679 1004 quibus
711 960 963 1004 quomodolibet
995 959 1130 993 innoda-

391 1019 440 1045 tae
467 1013 627 1052 existunt,
663 1014 701 1046 ad
728 1013 875 1046 etl'ectum
910 1012 1129 1056 praesentium

390 1066 556 1099 dumtaxat
588 1067 875 1110 consequendum,
904 1067 1018 1099 barum
1045 1066 1129 1099 serie

390 1120 596 1152 absolventes
631 1126 661 1152 et
677 1120 841 1152 absolutas
860 1120 927 1153 fore
948 1125 1128 1161 censenteS,

390 1172 539 1205 similiter
575 1177 664 1206 motu
702 1173 858 1216 proprio,
897 1184 933 1206 ac
969 1183 1005 1205 ex
1043 1174 1129 1205 certa

389 1225 523 1257 scientia
544 1231 575 1258 et
593 1228 717 1259 matura
736 1226 974 1259 deliberatione
993 1225 1128 1265 nostris,

390 1279 493 1321 deque
512 1278 711 1322 apostolieae
726 1280 897 1322 potestatis
912 1279 1128 1323 plenitudine,

389 1331 610 1374 praeinsertas
631 1332 779 1375 Gregorii
798 1333 1062 1376 praedecessoris
1080 1333 1131 1365 lit-

390 1390 497 1425 teras,
524 1396 595 1418 cum
622 1386 775 1419 omnibus
802 1392 832 1418 et
855 1386 992 1428 singulis
1018 1386 1050 1418 in
1084 1385 1129 1418 eis

390 1438 564 1479 contentis,
591 1439 706 1472 harum
733 1440 817 1472 serie
842 1439 1074 1473 confirmamus
1101 1442 1131 1472 et

389 1492 621 1534 approbamus,
645 1502 693 1533 ac,
713 1498 874 1536 quatenus
899 1503 981 1536 opus
1007 1492 1058 1533 sit,
1083 1492 1132 1524 in-

389 1545 697 1589 novamus,illisque
716 1545 914 1579 inviolabilis
934 1545 1130 1588 apostolicae

389 1596 551 1630 firmitatis
587 1598 688 1631 robur
720 1598 904 1631 adiicimus.
938 1598 1129 1639 Praeterea,

390 1650 482 1683 firma
506 1657 694 1685 remanente
720 1652 943 1686 iurisdictione
970 1653 1056 1686 dicto
1081 1662 1132 1685 ve-

391 1704 553 1745 xillifero,
580 1705 664 1739 sicut
696 1706 930 1749 praemittitur,
957 1706 1129 1747 attributa,

391 1759 522 1792 casdem
543 1759 690 1802 Gregorii
720 1760 985 1804 praedecessoris
1007 1760 1131 1793 litteras

392 1817 423 1844 et
459 1812 490 1844 in
527 1813 572 1846 eis
604 1818 756 1846 contenta
782 1813 997 1856 ampliantes,
1026 1818 1130 1853 motu,

391 1865 535 1906 scientia,
563 1866 801 1900 deliberatione
823 1878 858 1899 ac
877 1867 1048 1910 potestatis
1066 1868 1133 1910 ple-

391 1916 537 1950 nitudine
563 1917 717 1960 paribus,
751 1923 864 1951 tenore
890 1918 1130 1961 praesentium,

392 1970 568 2011 statuimus,
596 1971 680 2014 quod
707 1971 867 2015 quidquid
893 1981 952 2015 per
977 1971 1064 2015 ipsos
1085 1982 1134 2004 ve-

391 2023 567 2057 xilliferum
593 2031 625 2057 et
648 2029 804 2066 senatum,
830 2030 886 2058 aut
909 2025 949 2058 ab
968 2024 1013 2058 eis
1033 2025 1134 2069 depu—

393 2082 518 2119 tatum,
543 2088 651 2111 coram
684 2083 715 2111 et
747 2079 954 2122 approbante
986 2078 1133 2123 supradi-

393 2136 444 2164 cto
469 2133 575 2174 legato
601 2142 656 2165 seu
688 2131 892 2175 vicelegato,
920 2133 1007 2166 circa
1031 2132 1134 2166 dietas

393 2185 567 2218 societates
593 2196 630 2218 ac
655 2185 892 2227 universitates,
911 2185 977 2219 sive
996 2185 1134 2229 collegia

393 2239 519 2280 artium,
538 2249 687 2272 earumve
708 2239 854 2282 regimen
874 2245 906 2272 et
925 2239 1132 2282 gubernium,

392 2303 453 2334 pro
473 2297 620 2336 tempore
639 2292 816 2334 decretum,
831 2293 1018 2326 ordinatum
1037 2298 1067 2327 et
1084 2304 1133 2327 rc-

394 2346 566 2379 formatum
593 2346 703 2387 fuerit,
731 2346 838 2379 statim
864 2346 1048 2380 executioni
1084 2347 1132 2380 de·

392 2399 573 2440 mandetur,
599 2400 676 2443 quin
700 2399 850 2433 executio
868 2400 1055 2433 huiusmodi
1074 2410 1134 2443 per

393 2462 628 2496 quamcumque
654 2452 888 2486 inhibitionem
926 2453 1064 2486 cuiusvis
1090 2453 1134 2485 iu-

394 2505 474 2538 dicis
501 2511 532 2539 et
557 2506 742 2547 tribunalis
769 2506 866 2539 etiam
892 2505 988 2539 Urbis
1007 2506 1134 2549 praefa-

395 2564 456 2600 tae,
473 2559 618 2602 quolibet
636 2559 741 2600 titulo,
760 2562 867 2601 eausa,
885 2559 1003 2604 capite,
1022 2560 1134 2593 colore
1178 2566 1337 2605 quatenus
1364 2570 1446 2604 opus
1471 2559 1522 2600 sit,
1547 2562 1658 2593 nostra
1690 2564 1721 2593 et
1752 2559 1915 2594 Cancella—

972 219 1154 245 BULLAmUM
1177 219 1333 244 Romnum

1920 211 1967 246 irn.
1978 211 2019 248 c.
2036 212 2123 250 {73³2

1176 268 1315 311 giorum,
1340 272 1532 301 statutorum
1553 296 1560 309 ,
1585 278 1713 309 usuum,
1740 273 1912 302 consuetu-

1176 322 1307 361 dinum,
1335 332 1370 354 ac
1396 321 1460 355 litis
1487 321 1705 365 pendentiae,
1740 321 1909 355 subnixam

1175 384 1210 406 ac
1235 385 1438 415 concessam,
1463 385 1569 417 neque
1595 374 1691 407 etiam
1722 386 1780 418 per
1804 385 1913 408 recur-

1175 438 1245 460 sum
1272 429 1310 461 ad
1334 438 1402 468 nos,
1427 438 1483 461 seu
1514 428 1694 461 Romanum
1725 428 1911 462 Pontificem

1175 492 1233 523 pro
1262 487 1405 525 tempore
1431 481 1633 521 existentem,
1655 481 1837 515 immediate
1858 483 1914 515 ba-

1175 534 1287 574 bitum,
1314 534 1372 567 nisi
1400 534 1472 566 talis
1499 544 1648 567 recursus
1676 535 1771 567 fuerit
1795 534 1913 567 admis-

1175 597 1227 619 sus
1245 597 1302 630 per
1318 587 1491 630 specialem
1506 587 1764 620 commissionem
1780 587 1913 631 propria

1175 650 1270 672 manu
1297 642 1407 673 nostra
1433 651 1488 673 scu
1515 641 1658 673 eiusdem
1680 640 1843 673 Pontificis
1873 640 1914 673 si-

1175 699 1313 735 gnatam,
1332 694 1495 727 ullatenus
1513 693 1663 737 impediri
1683 699 1737 726 aut
1754 693 1912 727 retardari

1176 747 1294 779 valeat.

1219 800 1246 843 g.
1274 800 1305 833 3.
1334 799 1575 840 Decerncntes‚
1601 800 1688 843 ipsas
1725 802 1927 844 praesentes'
1951 813 2028 834 inrum
2053 812 2109 833 tiua-

1175 852 1308 893 litteras,
1335 853 1431 886 etiam
1459 864 1494 886 ex
1522 864 1559 886 eo
1585 854 1673 897 quod
1703 852 1862 897 praedicti
1882 845 2008 888 etffiiii'i.
2034 840 2109 861 ‘’¹³⁵⁶‘'

1175 906 1228 938 alii
1255 906 1415 949 quilibet,
1443 907 1473 939 in
1500 906 1686 950 praemissis
1712 907 1760 939 ius
1784 917 1839 940 seu
1866 906 1926 939 in-'

1175 959 1335 992 interesse
1363 960 1522 993 babentes
1549 961 1597 993 vel
1625 960 1748 994 babere
1778 971 1913 1004 quomo-

1175 1012 1301 1044 dolibet
1325 1013 1583 1055 praetendentes,
1607 1013 1675 1046 illis
1691 1024 1753 1046 non
1776 1024 1914 1047 consen-

1175 1065 1289 1106 serint,
1318 1076 1377 1098 nec
1402 1066 1442 1099 ad
1468 1076 1505 1098 ea
1526 1066 1641 1107 vocati,
1659 1066 1745 1099 citati
1764 1072 1795 1099 et
1812 1067 1925 1100 auditi

1176 1119 1312 1158 fuerint,
1339 1129 1398 1152 seu
1424 1120 1463 1152 de
1488 1120 1709 1163 subreptionis
1744 1121 1794 1153 vcl
1819 1121 1915 1154 obre-

1175 1171 1295 1214 ptionis
1311 1172 1401 1213 vitio,
1418 1183 1474 1205 scu
1493 1173 1684 1206 intentionis
1701 1177 1831 1207 nostrae
1848 1173 1926 1207 sive·

1174 1225 1237 1258 alio
1262 1235 1467 1268 quocumque
1493 1225 1620 1259 defectu
1647 1227 1774 1267 notari,
1801 1226 1912 1270 argui,

1175 1279 1224 1311 vel
1252 1278 1435 1321 impugnari
1463 1279 1553 1312 nullo
1579 1279 1675 1312 modo
1707 1289 1742 1312 ac
1769 1285 1914 1323 tempore

1175 1341 1291 1374 posse,
1329 1332 1385 1364 sed
1418 1332 1549 1364 easdem
1576 1338 1766 1375 praesentes
1790 1332 1915 1365 litteras

1175 1394 1304 1427 semper
1329 1390 1361 1417 et
1386 1390 1545 1428 perpetuo
1572 1384 1681 1418 firmas
1698 1412 1705 1425 ‚
1731 1385 1852 1418 validas
1885 1390 1916 1418 et
2151 1383 2165 1426 ’ἶ

1175 1437 1323 1470 efficaces
1349 1438 1488 1471 existere
1515 1444 1547 1471 et
1573 1439 1654 1479 fore,
1679 1449 1824 1482 suosque
1845 1439 1916 1482 ple·
2159 1440 2162 1477 J

1175 1491 1284 1524 narios
1321 1497 1351 1524 et
1388 1492 1533 1534 integros
1569 1491 1700 1525 effectus
1738 1491 1847 1525 sortiri
1884 1497 1927 1525 et'
2155 1483 2164 1532 ζ

1176 1544 1342 1585 obtinere,
1369 1555 1405 1578 ac
1441 1545 1526 1585 illis,
1552 1545 1591 1578 ad
1624 1556 1707 1589 quos
1733 1551 1859 1589 spectat
1883 1550 1916 1579 et

1176 1608 1233 1641 pro
1261 1604 1408 1642 tempore
1436 1598 1709 1644 quandocumque
1736 1598 1926 1642 spectabit,

1176 1651 1208 1684 in
1234 1651 1385 1684 omnibus
1422 1657 1453 1684 et
1489 1662 1547 1695 per
1582 1653 1690 1685 omnia
1723 1652 1913 1695 plenissime

1176 1704 1365 1747 suffragari,
1393 1711 1424 1738 et
1455 1705 1494 1737 ab
1528 1705 1573 1738 cis
1600 1706 1779 1748 respective
1806 1710 1915 1738 exacte
2158 1708 2176 1740 ἶ

1176 1769 1212 1791 ac
1237 1758 1428 1792 inconcusse
1455 1758 1630 1798 observari,
1653 1759 1765 1802 sicque
1791 1764 1823 1792 et
1840 1769 1915 1803 „non

1176 1813 1272 1845 aliter
1307 1812 1338 1844 in
1375 1812 1561 1855 praemissis
1599 1823 1658 1855 per
1694 1823 1915 1857 quoscumque

1177 1865 1302 1898 iudices
1322 1865 1505 1898 ordinarios
1542 1871 1573 1898 ct
1597 1866 1767 1909 delegatos
1784 1893 1791 1906 ,
1817 1866 1915 1899 etiam

1177 1929 1346 1952 causarum
1373 1918 1481 1961 palatii
1504 1918 1674 1962 apostolici
1693 1919 1867 1959 auditores,
1885 1925 1917 1952 et

1178 1972 1324 2004 eiusdem
1347 1971 1379 2004 S.
1407 1971 1444 2003 R.
1472 1970 1507 2004 E.
1535 1971 1718 2004 cardinales
1755 1971 1850 2005 etiam
1876 1972 1927 2005 de·

1178 2026 1279 2058 latere
1304 2025 1439 2068 legatos,
1466 2034 1641 2069 eorumque
1660 2025 1865 2068 vicelegatos,
1885 2030 1918 2059 et

1178 2078 1257 2112 alios
1275 2078 1440 2122 quoslibet
1465 2089 1668 2122 quacumque
1691 2078 1917 2122 praeeminen-

1178 2132 1220 2164 tia
1237 2138 1268 2165 et
1284 2137 1445 2176 potestate
1462 2132 1645 2176 {fungentes
1672 2137 1703 2165 et
1729 2132 1915 2173 functuros,

1177 2186 1305 2219 sublata
1325 2185 1371 2218 eis
1388 2190 1419 2218 ct
1436 2195 1548 2218 corum
1572 2185 1708 2219 cuilibet
1729 2185 1839 2229 quavis
1860 2185 1918 2219 ali-

1179 2245 1227 2272 ter
1239 2239 1405 2273 iudicandi
1422 2244 1453 2272 et
1467 2239 1704 2283 interpretandi
1720 2240 1868 2273 facultate
1885 2245 1917 2273 et

1177 2293 1376 2333 auctoritate,
1402 2292 1537 2325 iudicari
1560 2289 1602 2326 'et
1626 2293 1749 2326 definiri
1776 2293 1914 2333 debere,

1177 2358 1213 2380 ac
1238 2346 1363 2380 irritum
1389 2352 1420 2379 et
1455 2346 1551 2379 inane
1577 2346 1603 2379 si
1629 2356 1720 2379 secus
1739 2343 1843 2391 'super
1866 2346 1926 2380 his*

1177 2412 1194 2434 a
1220 2411 1404 2445 quoquam,
1432 2400 1542 2443 quavis
1578 2400 1787 2442 auctoritate,
1813 2400 1917 2434 scien-

1178 2460 1225 2487 ter
1250 2454 1298 2487 vel
1324 2453 1527 2496 ignoranter,
1554 2453 1729 2496 contigerit
1749 2453 1913 2488 attentari.

1221 2507 1235 2550 ᾖ
1258 2507 1291 2540 4.
1318 2505 1386 2540 Νοῐ]
1413 2505 1619 2539 obstantibus
1645 2507 1848 2550 praemissis,
1867 2509 2107 2564 ac’affl-‹agffiffi'fff‘

395 2613 443 2645 v-el
468 2618 657 2657 praetextu,
695 2612 791 2647 etiam
820 2613 978 2647 dictorum
1003 2613 1136 2657 privile·
1177 2613 1243 2647 riae
1265 2611 1471 2657 Apostolicae
1508 2613 1618 2656 regula
1645 2612 1684 2646 de
1718 2613 1785 2646 iure
1818 2623 1915 2657 quae·
