2182 3137
219 214 268 240 Αη.
288 214 316 241 c.
340 213 406 242 1733
456 206 520 241 584

247 750 358 770 Decretum
374 750 399 770 tle

218 783 259 804 quo
276 784 294 797 iu
306 778 397 798 rubi-wa,

412 265 491 298 latos
508 265 646 298 maiores
665 265 794 298 Ordinis
812 265 982 309 praedicti,
1001 276 1037 299 ac
1054 266 1148 299 etiam

411 316 492 349 lianc
516 317 664 351 Sanctam
694 318 810 352 Sedem
845 319 1010 363 appellare
1037 324 1068 353 et
1093 329 1148 352 re-

411 380 555 411 currere,
577 372 663 405 unde
690 372 849 414 regularis
876 372 1069 416 disciplinae
1096 373 1151 405 de-

412 424 620 465 trimentum,
648 425 908 459 immediatorum
934 427 1149 469 superiorum,

411 488 590 521 eorumque
617 479 851 512 iurisdictionis
877 486 1095 523 contemptus,
1116 490 1151 512 ac

411 541 475 563 non
495 542 567 564 raro
585 532 758 575 impunitas
785 532 1056 576 delinquentium,
1074 533 1150 566 alia-

411 594 472 626 que
498 585 691 628 multiplicia
718 585 921 619 incommoda
946 596 1152 629 consequun-

412 642 472 676 tur,
492 646 616 670 necnon
644 639 748 671 almae
773 637 868 671 Urbis
890 638 1063 672 tribunalia
1086 648 1150 672 non

411 689 536 723 levibus
561 690 746 724 afficiuntur
771 692 942 725 molestiis.

454 743 469 786 ἓ
494 742 525 775 2.
552 742 765 782 Quamobrem
799 745 884 778 idem
911 745 1062 779 Nicolaus
1090 746 1149 777 An-

412 796 530 838 tonius,
549 798 651 840 quiin
677 798 747 841 ipso
774 799 925 841 gubernii
952 799 999 831 sui
1019 799 1152 842 primor-

411 849 464 883 dio
488 850 550 882 sibi
576 850 662 884 omni
690 851 813 884 ratione
840 851 1050 884 adnitendum
1077 861 1152 894 pro-

411 903 521 946 posuit
541 909 576 936 ut
600 904 709 937 debita
735 905 935 938 subditorum
962 915 1037 947 erga
1062 916 1151 949 prae-

411 956 493 990 latos
518 957 704 991 obedientia
719 963 896 1001 exactaque
915 958 1073 1002 regularis
1096 958 1151 991 ob-

412 1011 572 1044 servantia
599 1011 629 1043 in
656 1011 741 1044 dicto
762 1011 882 1044 Ordine
909 1017 1151 1052 conserventur,

414 1068 455 1103 et,
469 1062 571 1096 sicubi
591 1063 782 1104 exciderint,
799 1065 1022 1104 restituantur,
1038 1075 1151 1109 oppor-

414 1121 525 1148 tunum
543 1116 690 1158 gliscenti
709 1118 794 1150 malo
813 1123 842 1150 et
861 1118 973 1151 abusui
995 1118 1151 1151 eiusmodi

413 1169 595 1203 remedium
621 1171 772 1203 adbiberi
798 1176 828 1204 et
852 1172 931 1204 alias
950 1172 980 1204 in
1000 1172 1154 1215 praemis-

413 1222 456 1256 sis
474 1223 651 1256 salubriter
668 1234 685 1256 a
705 1224 797 1256 nobis
822 1225 986 1267 provideri
1012 1235 1154 1258 suirirno-

412 1287 490 1320 pere
509 1277 686 1311 desiderat.
704 1277 776 1318 Nos,
796 1278 895 1321 ipsius
915 1278 1036 1311 Nicolai
1057 1280 1154 1312 Anto-

412 1330 456 1363 nii
475 1331 556 1363 votis
572 1331 631 1364 hac
650 1331 681 1363 in
702 1342 744 1373 re,
760 1337 915 1375 quantum
931 1343 1002 1365 cum
1017 1332 1153 1366 Domino

411 1394 604 1427 possumus,
630 1385 851 1418 favorabiliter
876 1396 1018 1419 annuere
1045 1387 1154 1420 volen-

412 1442 470 1477 tes,
496 1447 635 1482 eumque
661 1449 679 1471 a
704 1437 870 1481 quibusvis
896 1439 1154 1473 excommunica-

413 1490 522 1531 tionis,
538 1491 762 1534 suspensionis
780 1497 811 1525 et
828 1492 1000 1533 interdicti,
1015 1493 1152 1537 aliisque

412 1544 645 1578 ecclesiasticis
669 1545 848 1586 sententiis,
868 1547 1014 1579 censuris
1032 1552 1063 1580 et
1080 1558 1154 1590 poe-

411 1596 480 1638 nis,
507 1608 524 1630 a
549 1597 618 1630 iure
646 1599 694 1631 vcl
720 1598 759 1630 ab
786 1599 940 1639 bomine,
965 1599 1075 1642 quavis
1100 1611 1152 1633 oc-

412 1649 541 1683 casione
567 1651 616 1683 vel
641 1652 736 1684 causa
762 1651 852 1693 latis,
878 1652 902 1685 si
929 1652 1047 1696 quibus
1073 1664 1153 1696 quo-

411 1703 593 1737 modolibet
617 1704 791 1738 innodatus
809 1706 923 1745 existit,
942 1706 980 1739 ad
1003 1706 1151 1740 ellectum

411 1758 631 1800 praesentium
669 1758 834 1792 dumtaxat
859 1760 1149 1803 consequendum,

412 1811 526 1844 harum
564 1811 648 1845 serie
684 1811 888 1846 absolventes
913 1819 944 1846 et
969 1814 1152 1847 absolutum

412 1864 479 1898 sore
504 1869 683 1905 censentes,
702 1866 995 1909 supplicationibus
1013 1867 1079 1899 eius
1098 1877 1153 1900 no-

411 1918 498 1951 mine
523 1918 618 1951 nobis
644 1920 823 1963 superbae
848 1920 1015 1953 humiliter
1040 1931 1153 1964 porre-

412 1971 470 2003 ctis
505 1971 661 2013 inelinati,
680 1972 833 2006 omuibus
860 1978 892 2006 et
912 1973 1049 2017 singulis
1075 1974 1151 2008 dicti

412 2022 539 2057 Ordinis
571 2025 723 2058 fratribus
757 2036 792 2059 ac
822 2027 988 2069 personis,
1013 2027 1151 2061 cuiusvis

413 2077 588 2121 dignitatis,
606 2079 725 2122 gradus
743 2085 774 2112 et
790 2080 988 2113 conditionis
1006 2080 1152 2123 existant,

413 2131 665 2176 appellationem
680 2143 697 2165 a
711 2133 918 2166 correctione
931 2134 1071 2176 regulari
1083 2145 1154 2168 suo-

413 2195 484 2218 rum
510 2186 735 2229 superiorum,
762 2187 801 2220 ad
826 2187 961 2221 sormam
988 2194 1154 2222 enarrata-

412 2248 483 2272 rum
501 2238 781 2282 constitutionum,
798 2251 833 2274 ac
852 2240 910 2273 sub
926 2241 1039 2284 poenis
1058 2241 1090 2274 iu
1107 2241 1151 2275 eis

412 2292 584 2334 contentis,
610 2293 804 2327 auctoritate
829 2294 1019 2338 apostolica,
1041 2300 1153 2328 tenore

412 2345 656 2389 praesentium,
683 2346 920 2380 interdicimus.
956 2347 990 2380 In
1024 2348 1153 2381 casibus

412 2398 503 2439 vero,
521 2399 556 2432 in
576 2399 695 2443 quibus
716 2399 830 2432 iisdem
852 2400 1005 2433 fratribus
1025 2400 1063 2433 dc
1082 2401 1152 2435 iure

412 2452 461 2484 vel
487 2451 575 2484 iuxta
611 2452 856 2486 constitutiones
890 2452 1073 2497 praedictas
1098 2464 1153 2497 ap-

413 2507 538 2549 pellare
555 2511 609 2539 aut
625 2517 796 2540 recurrere
817 2507 905 2548 licet,
923 2507 954 2540 id
974 2518 1039 2542 non
1059 2508 1153 2541 aliter

414 2559 567 2603 deinceps
602 2559 673 2594 fleri
706 2571 803 2604 posse
837 2561 1030 2603 statuimus,
1057 2572 1152 2605 quam

413 2612 593 2656 gradatim,
620 2624 637 2647 a
662 2614 845 2658 gravamine
877 2614 1001 2650 scilicet
1030 2615 1151 2658 prioris

987 215 1168 242 BULLARIUM
1192 215 1350 242 Romnum

1194 267 1233 300 ad
1259 266 1501 310 provincialem,
1520 272 1552 300 et
1576 277 1593 300 a
1618 265 1806 310 provinciali
1826 266 1865 300 ad
1883 276 1936 310 ge-

1195 321 1348 361 neralem,
1377 320 1458 353 itaut
1482 330 1598 353 causae
1624 319 1852 364 appellationis
1877 330 1935 354 seu

1195 383 1345 406 recursus
1362 373 1556 414 liuiusmodi,
1571 379 1744 417 antequam
1761 373 1800 407 ab
1819 373 1934 407 eodem

1195 427 1304 469 priore
1320 427 1464 470 generali
1484 426 1633 470 cognitae
1651 432 1681 460 et
1696 427 1848 461 delinitae
1866 428 1935 460 sue-

1196 479 1280 519 rint,
1305 486 1394 513 extra
1431 479 1551 513 dictum
1577 480 1729 514 Ordinem
1762 480 1880 514 deferri
1906 486 1938 514 et

1196 533 1309 576 agitari
1329 539 1507 577 nequeant.
1529 535 1572 566 Ac
1590 539 1765 577 propterea
1787 534 1937 568 omnibus

1197 587 1360 620 Romanae
1382 587 1494 621 Curiae
1522 587 1739 621 tribunalibus
1764 598 1800 621 ac
1825 588 1938 622 iudici-

1196 640 1277 680 bus,
1310 645 1342 673 et
1375 640 1542 683 quibusvis
1579 640 1673 674 etiam
1706 641 1937 675 venerabilium

1197 693 1330 726 fratrum
1358 700 1544 727 nostrorum
1571 694 1601 727 S.
1636 694 1672 727 R.
1707 694 1739 728 E.
1776 696 1938 739 praefatae

1197 747 1408 780 cardinalium
1444 747 1781 791 Congregationibus,
1808 759 1937 782 necnon

1196 799 1287 832 Sedis
1313 800 1518 843 Apostolicae
1543 800 1686 843 nunciis,
1713 811 1800 835 nunc
1824 807 1856 836 et
1879 812 1938 846 pro

1198 857 1343 895 tempore
1370 853 1608 894 existentibus,
1635 864 1674 887 ne
1702 854 1837 887 trau-um
1863 854 1937 888 dicti

1196 904 1325 938 Ordinis
1352 906 1603 950 appellationem
1622 917 1678 940 seu
1705 917 1868 941 recursum
1887 907 1940 941 ad-

1197 959 1335 999 mittant,
1347 969 1524 1003 causasque
1537 960 1717 1003 praedictas
1730 965 1939 1004 cognoscant,

1197 1011 1259 1044 nisi
1285 1012 1377 1056 prius
1403 1012 1449 1045 eis
1476 1013 1621 1056 legitime
1646 1014 1840 1056 constiterit,
1866 1013 1938 1048 illas

1198 1075 1257 1107 per
1282 1064 1384 1098 dictos
1410 1066 1609 1109 superiores,
1628 1072 1807 1100 memorato
1824 1067 1938 1101 ordine

1197 1123 1337 1164 servato,
1355 1119 1501 1162 cognitas
1527 1124 1559 1152 et
1584 1119 1734 1154 delinitas
1754 1120 1862 1162 fuisse,
1879 1120 1939 1154 sub

1198 1174 1303 1214 poena
1327 1172 1486 1205 nullitatis
1511 1178 1656 1206 actorum
1675 1184 1711 1207 ac
1729 1174 1804 1207 inde
1823 1185 1940 1218 sequu‘

1199 1230 1318 1266 torum,
1346 1231 1386 1266 et,
1403 1226 1510 1269 quoad
1537 1226 1711 1269 religiosos
1735 1229 1940 1271 appellantes

1197 1279 1245 1311 vel
1272 1284 1479 1312 recurrentes
1512 1280 1565 1323 qui
1592 1281 1779 1324 praemissis
1815 1285 1941 1315 eontra-

1197 1331 1355 1373 venerint,
1373 1332 1434 1365 sub
1453 1333 1603 1375 gravibus
1621 1340 1733 1368 nostro
1753 1339 1785 1368 et
1801 1334 1940 1368 Romani

1198 1384 1361 1418 Pontificis
1375 1395 1434 1428 pro
1455 1390 1600 1429 tempore
1627 1386 1794 1420 existentis
1807 1388 1940 1422 arbitrio

1197 1438 1382 1482 infligendis
1398 1441 1525 1483 poenis,
1546 1441 1657 1474 eadem
1677 1442 1869 1475 auctoritate
1889 1442 1941 1476 ha-

1197 1502 1266 1524 rum
1293 1492 1376 1525 serie
1402 1493 1627 1536 probibemus

1241 1545 1310 1588 313.
1348 1546 1586 1587 neem-nentes,
1627 1547 1714 1591 ipsas
1750 1553 1939 1592 praesentes

1198 1597 1323 1631 litteras
1350 1609 1480 1643 semper
1515 1599 1644 1641 sirmas,
1669 1601 1790 1635 validas
1816 1606 1848 1635 et
1872 1601 1940 1635 effi-

1197 1662 1290 1685 caces
1307 1651 1444 1686 existere
1466 1659 1498 1686 et
1516 1653 1593 1694 sore,
1612 1664 1755 1698 suosque
1773 1655 1939 1698 plenarios

1197 1711 1228 1738 et
1253 1706 1398 1749 integros
1424 1705 1555 1741 effectus
1580 1708 1687 1741 sortiri
1714 1713 1746 1742 et
1770 1709 1937 1750 obtinere,

1198 1765 1229 1792 ct
1247 1760 1286 1792 ab
1311 1759 1385 1800 illis,
1404 1760 1441 1793 ad
1461 1771 1544 1804 quos
1567 1766 1696 1805 spectat
1721 1766 1753 1795 et
1777 1772 1837 1806 pro
1860 1767 1941 1796 tem-

1198 1823 1276 1856 pore
1302 1814 1578 1858 quandocumque
1605 1815 1777 1858 spectabit,
1804 1816 1940 1850 inviola-

1197 1866 1308 1900 biliter
1332 1867 1518 1907 observari,
1546 1873 1578 1900 et
1602 1868 1641 1901 iis
1668 1869 1846 1912 respective
1870 1870 1941 1913 ple-

1199 1920 1333 1953 nissime
1359 1919 1544 1963 suffragari,
1569 1922 1681 1965 sicque
1707 1927 1739 1956 et
1760 1933 1826 1956 non
1846 1922 1941 1957 aliter

1198 1973 1229 2005 iu
1255 1973 1442 2017 praemissis
1476 1985 1533 2018 per
1566 1986 1791 2020 quoscumque
1817 1976 1940 2010 iudices

1198 2026 1381 2060 ordinarios
1400 2032 1432 2060 et
1451 2028 1630 2071 delegatos,
1649 2030 1743 2062 ctiam
1770 2039 1940 2063 causarum

1198 2081 1308 2124 palatii
1335 2081 1506 2124 apostolici
1532 2082 1721 2123 auditores,
1749 2083 1884 2117 iudicari
1909 2089 1941 2117 et

1198 2134 1325 2167 definiri
1352 2135 1492 2175 debere,
1516 2146 1551 2169 ac
1588 2136 1714 2170 irritum
1738 2142 1770 2171 et
1795 2137 1892 2171 inane
1912 2137 1939 2171 si

1198 2197 1289 2221 secus
1315 2199 1413 2232 super
1439 2189 1489 2221 his
1516 2200 1533 2222 a
1557 2200 1730 2233 quoquam,
1758 2190 1867 2234 quavis
1884 2201 1940 2224 au-

1197 2241 1356 2283 ctoritate,
1374 2242 1514 2276 scienter
1538 2245 1588 2277 vel
1615 2243 1814 2287 ignoranter,
1835 2244 1939 2279 conti-

1198 2295 1282 2339 gerit
1303 2296 1470 2329 attentari.

1240 2349 1255 2392 g
1279 2348 1311 2381 li.
1338 2349 1408 2382 Non
1427 2350 1628 2383 obstantibus
1655 2350 1939 2386 constitutionibus
1950 2355 2130 2409 ‘'afflgiar-‘'im‘'

1197 2407 1228 2435 et
1251 2402 1511 2436 ordinationibus
1538 2403 1738 2446 apostolicis,
1754 2414 1790 2437 ac
1809 2403 1938 2438 Ordinis

1197 2454 1333 2498 praefati
1367 2455 1478 2489 aliisve
1511 2456 1700 2500 quibusvis,
1727 2457 1822 2491 etiam
1848 2457 1935 2492 iura-

1197 2513 1316 2551 mento,
1331 2508 1577 2542 confirmatione
1591 2509 1781 2552 apostolica,
1797 2511 1847 2544 vel
1862 2521 1939 2554 qua-

1196 2560 1242 2594 vis
1267 2561 1418 2596 firmitate
1451 2562 1514 2595 alia
1543 2562 1729 2605 roboratis,
1753 2564 1882 2597 statutis
1907 2568 1943 2598 et

1171 2646 1175 2657 ,
1197 2614 1503 2657 consuetudinibus,
1530 2615 1709 2661 privilegiis
1727 2627 1870 2662 quoque,
1890 2617 1939 2652 in-

1936 218 1989 246 An.
2009 219 2039 247 G.
2057 219 2126 250 1733

1976 1555 2104 1580 Clausutuo.
