2182 3137
239 281 290 307 Αη.
310 279 344 304 c„
364 278 429 306 ¹733
475 268 538 303 558

471 335 526 355 mv.
550 323 631 360 Quod
653 323 817 363 praedictus
840 323 977 353 definitor
999 323 1111 363 primus
1133 323 1170 353 sit

432 383 548 413 praeses
571 373 657 403 liuius
680 372 927 411 congregationis,
948 372 975 401 in
1000 382 1054 411 qua
1079 372 1170 410 impo-

432 427 480 451 nat
503 425 690 461 praeceptum
708 421 742 450 ad
761 421 965 460 impedimenta
989 420 1168 458 detegeuda;

431 475 593 509 cunctaque
616 470 670 499 alia
694 474 901 507 exerceantur,
930 479 1003 508 quae
1034 478 1170 498 exercere

431 519 515 548 (lebet
539 528 655 557 praeses
678 519 889 557 cuiuscumque
912 518 1044 557 capituli.

473 577 515 596 tv.
538 568 617 602 Quod
635 568 663 596 iu
683 567 826 606 praedicta
850 567 1076 604 congregatione
1100 567 1170 595 liant

432 616 571 645 scrutinia
603 616 796 653 eligibilitatis
826 625 917 654 usque
947 616 980 645 ad
1013 624 1168 644 numerum

433 665 568 704 quintum
592 664 776 702 eligibilium,
802 669 887 703 prout
910 665 938 694 in
962 665 1098 703 capitulis
1122 674 1170 702 gc-

434 713 593 743 ueralibus.

474 772 529 792 isi.
555 763 633 798 Quod
659 767 722 802 post
745 763 863 792 missam
882 762 1040 792 solemnem
1058 763 1089 791 de
1107 762 1171 800 Spi-

434 812 491 841 ritu
513 811 622 849 Samia,
647 816 674 841 et
694 816 788 842 cetera
807 811 993 851 praeambula
1010 820 1083 850 quae
1101 811 1173 840 tiuut

434 860 463 889 in
497 860 644 900 capitulis,
679 861 729 890 liat
760 860 863 890 electio
896 859 995 889 vicarii
1028 859 1173 897 generalis

435 913 500 938 ante
523 909 698 948 prandium3
723 918 779 948 qua
804 909 895 945 sacta,
920 908 1087 938 immediate
1112 911 1174 946 post

434 957 606 987 electionem
631 961 751 996 pergant
779 956 1034 996 processionaliter
1067 955 1095 985 in
1129 965 1175 984 ee·

436 1006 555 1035 elesiarii
573 1010 725 1036 cantantes
745 1006 779 1034 Te
797 1005 893 1039 Deum,
912 1005 1044 1044 quamvis
1061 1004 1174 1034 noviter

435 1055 546 1084 electus
569 1064 625 1084 non
649 1055 686 1084 sit
708 1055 737 1084 in
767 1055 867 1084 eadem
897 1054 994 1091 domo⁷
1018 1054 1046 1083 in
1071 1063 1126 1092 qua
1150 1053 1173 1082 si

436 1103 533 1141 suerit,
557 1103 592 1132 ab
615 1103 677 1142 ipso
700 1102 935 1133 benedictionem
958 1103 1114 1142 accipiant.

476 1161 542 1181 mu.
569 1152 648 1187 Quod
672 1161 791 1191 vespere
814 1152 919 1181 iterum
944 1156 1173 1189 congregentur,

436 1205 484 1239 et,
509 1201 532 1230 si
555 1200 691 1230 delinitor
713 1200 820 1239 aliquis
842 1200 951 1230 electus
974 1200 1060 1230 suerit
1082 1200 1111 1229 in
1135 1200 1176 1229 vi-

436 1249 547 1279 carium
564 1249 741 1287 generalem,
760 1250 948 1287 congregatio
964 1249 1053 1287 eligat
1068 1258 1174 1278 novum

437 1298 620 1328 definitorem
643 1298 809 1335 generalem
825 1298 962 1335 Ordinis3
979 1303 1018 1336 et,
1035 1298 1058 1327 si
1075 1307 1176 1328 occur-

437 1351 481 1377 rat
502 1346 620 1386 aliquod
643 1346 791 1385 negotium
816 1355 920 1385 urgens
944 1356 994 1386 pro
1018 1348 1078 1376 tota
1111 1346 1176 1376 reli-

436 1395 522 1433 gione
551 1399 600 1425 aut
630 1395 726 1435 aliqua
760 1395 882 1432 familia,
906 1395 1118 1425 determinetur
1140 1394 1175 1424 ab

437 1443 584 1482 omnibus,
609 1448 640 1473 ut
662 1444 752 1474 moris
775 1448 829 1474 est.

478 1502 555 1523 cvm.
579 1492 659 1528 Quod
689 1497 786 1532 postea
820 1492 973 1523 confirmet
1004 1492 1175 1522 electionem

438 1542 541 1572 vicarii
565 1542 732 1580 generalis3
756 1546 784 1571 et
806 1542 923 1580 deinde,
952 1541 976 1571 si
1005 1551 1068 1571 eam
1098 1541 1174 1579 fecit,

438 1591 591 1621 confirmet
613 1591 698 1621 etiam
722 1591 894 1621 electionem
913 1590 1075 1620 (lesinitoris
1097 1590 1177 1620 nori-

439 1644 483 1670 ter
504 1640 601 1670 electi.

477 1698 534 1718 mx.
558 1688 639 1724 Quod
662 1693 758 1728 postea
782 1689 969 1727 congregatio
986 1688 1173 1726 dissolvatur,

439 1739 597 1777 mutuoque
620 1738 823 1777 amplexentur
845 1737 977 1774 vocales,
1002 1737 1071 1776 quin
1095 1737 1174 1766 aliud

439 1788 500 1822 fiat,
524 1796 619 1826 neque
641 1786 811 1816 concionem
834 1786 960 1826 aliquam
995 1785 1101 1815 babere
1127 1786 1176 1816 de-

439 1835 506 1865 beat
529 1835 556 1865 in
581 1835 633 1865 bac
656 1835 896 1873 congregatione.
913 1835 941 1865 Si
958 1839 1053 1864 autem
1070 1835 1176 1873 aliquis

439 1884 640 1924 provincialia,
661 1885 704 1914 vel
723 1884 830 1914 vocalis
846 1884 930 1921 alter,
948 1883 1058 1913 electus
1075 1883 1177 1913 suisset

439 1934 468 1964 in
489 1933 629 1963 vicarium
652 1933 830 1971 generalem,
848 1933 881 1963 ad
898 1932 1095 1962 desmitorium
1113 1941 1177 1970 pro-

440 1981 552 2012 vinciae
577 1981 734 2021 pertinebit
760 1981 864 2011 electio
887 1981 947 2010 sive
975 1980 1175 2020 provincialis,

440 2030 500 2060 sive
523 2030 644 2060 alterius
666 2030 754 2060 officii
778 2030 854 2069 quod
878 2023 989 2060 electus
1011 2029 1163 2059 habuerat.

444 2109 450 2111 ,
480 2088 526 2109 Lx.
550 2079 630 2114 Quod
653 2079 677 2108 si
700 2079 774 2108 sacto
798 2078 884 2108 tertio
913 2078 1055 2109 scrutinio
1083 2078 1178 2107 adhue

441 2137 498 2159 non
524 2128 611 2158 suerit
634 2127 736 2158 electio
759 2127 912 2165 canonica,
936 2127 1052 2157 omissis
1074 2126 1179 2157 scruti-

442 2177 510 2214 niis,
528 2177 575 2207 ille
597 2177 777 2215 intelligatur
799 2177 826 2207 vi
851 2176 936 2207 liuius
959 2176 1179 2207 constitutionis

442 2226 563 2265 electus,
582 2235 634 2266 pro
656 2236 712 2266 quo
736 2227 823 2256 suerit
845 2226 937 2256 maior
959 2235 1098 2256 numerus
1120 2226 1180 2254 sus-

443 2275 614 2313 t'ragiorum,
635 2284 721 2315 quam
739 2285 790 2315 pro
806 2275 862 2305 alio
878 2280 928 2305 aut
943 2275 1018 2305 aliis.
1038 2275 1066 2304 Si
1083 2279 1178 2304 autem

443 2333 495 2363 pro
517 2323 629 2353 duobus
651 2324 783 2363 aequalis
805 2333 945 2354 numerus
971 2323 1177 2362 suffragiorum

442 2376 575 2411 repertus
598 2372 695 2409 suerit,
723 2372 874 2412 maiorque
903 2382 989 2411 quam
1022 2381 1073 2411 pro
1102 2372 1178 2410 aliis,

443 2425 512 2450 tunc
544 2421 691 2461 antiquior
723 2421 752 2451 in
782 2421 962 2461 professione
995 2420 1180 2461 reputabitur

443 2469 583 2499 canonice
605 2470 725 2500 electus.

311 2540 434 2562 Definnms
483 2527 541 2548 1,x1.
565 2518 646 2554 Quod
679 2518 849 2549 definitores
881 2518 1031 2557 generales
1063 2517 1181 2548 Ordinis

250 2568 354 2616 gfsssfessx'w
372 2568 585 2606 ordi-perpetuo
607 2567 700 2597 solum
722 2571 807 2597 erunt
828 2577 892 2605 sex,
916 2571 944 2597 et
964 2567 994 2597 in
1018 2571 1076 2597 toto
1099 2566 1181 2596 Ordi-

445 2624 480 2645 ne
512 2624 574 2645 eam
608 2615 869 2655 praeeminentiam
898 2620 1054 2655 ceteraque
1083 2615 1180 2646 onmia

446 2667 531 2702 prout
567 2663 595 2694 iu
632 2665 739 2695 nostris
780 2663 1037 2696 constitutionibus
1072 2664 1178 2695 habere

1010 273 1193 299 nummatum
1219 274 1378 299 ROMANUM

1956 272 2003 298 Λη.
2024 271 2053 298 C.
2076 271 2142 309 1733
2166 273 2167 276 ’

1212 323 1338 360 debent;
1362 322 1531 352 definitores
1555 331 1622 352 vero
1643 321 1795 360 generales
1823 320 1948 351 familiae
2166 322 2167 326 ’

1212 372 1358 408 similiter,
1391 372 1465 401 intra
1499 371 1639 400 familiam
1673 375 1796 407 tantum,
1828 374 1856 400 et
1886 374 1950 410 post

1213 421 1379 450 definitores
1401 420 1551 458 generales
1572 419 1701 450 Ordinis.

1253 480 1320 500 ιλιι.
1345 470 1424 505 Quod
1458 470 1514 499 (luo
1545 470 1615 499 socii
1649 470 1859 509 cuiuscumque
1886 479 1951 509 pro·
1989 477 2145 499 namneum-

1215 520 1326 549 vinciae.
1346 520 1379 548 ad
1396 519 1553 558 capitulum
1571 519 1707 557 generale
1724 524 1809 548 erunt
1825 519 1949 549 ministri
1962 510 2037 551 '02¹le
2063 510 2144 530 ''mm''

1214 568 1341 598 actuales
1374 568 1525 597 domorum
1559 568 1782 606 capitularium,
1815 577 1889 606 quae
1921 568 1949 597 in
1963 557 2146 609 ssJJl‚¹.''¹¹''c⁵2¹‡¹.'f.','l‡

1214 617 1343 656 capitulo
1366 617 1510 654 generalis
1543 616 1661 646 Ordinis
1692 617 1801 646 electae
1830 616 2023 653 suerint,‘'¹'¹¹¹'

1215 666 1288 695 itaut
1310 665 1444 695 minister
1466 665 1569 694 domus
1593 665 1673 704 prius
1701 665 1810 694 electae
1833 665 1870 694 sit
1893 665 1953 703 pri-

1216 724 1280 743 mus
1303 714 1418 752 socius,
1443 717 1471 743 et
1499 714 1633 743 minister
1665 713 1809 753 posterius
1842 713 1953 743 electae

1215 763 1318 792 domus
1352 762 1389 792 sit
1421 762 1568 792 secundus
1600 762 1709 799 socius,
1741 762 1825 792 cuius
1847 771 1954 792 munus

1217 811 1309 841 solum
1333 811 1371 840 sit
1393 820 1569 840 concurrere
1599 815 1680 840 extra
1703 810 1820 840 domum
1843 810 1956 849 capitu-

1217 859 1307 888 larem
1330 859 1359 888 in
1383 859 1445 888 loco
1468 859 1603 898 proximo
1625 858 1659 888 ad
1682 858 1774 897 illam,
1792 863 1822 888 ut
1841 862 1955 897 praesto

1217 912 1246 937 et
1269 908 1296 936 in
1323 912 1457 947 promptu
1475 907 1512 937 sit
1528 907 1562 936 ad
1586 908 1639 937 lioc
1656 911 1698 945 ut,
1719 907 1743 936 si
1766 916 1838 946 opus
1854 907 1954 943 suerit,

1217 954 1252 985 ob
1274 955 1418 985 desectum
1441 955 1566 985 alicuius
1598 955 1706 985 vocalis
1738 964 1807 985 suae
1840 955 1956 995 provin-

1218 1004 1290 1042 ciae,
1310 1004 1482 1042 suffragium
1506 1004 1625 1041 habeat,
1649 1004 1812 1044 supplendo
1834 1013 1885 1044 pro
1908 1013 1953 1039 eo,

1218 1053 1275 1082 nisi
1298 1053 1401 1091 vocali,
1425 1053 1474 1092 qui
1497 1053 1623 1091 deficiat,
1647 1053 1773 1083 liberum
1797 1053 1883 1083 suerit
1905 1053 1954 1082 ad-

1218 1111 1282 1132 esse
1304 1102 1455 1141 capitulo;
1476 1102 1585 1141 quippe
1601 1102 1704 1132 borum
1728 1102 1865 1140 suffragia
1889 1111 1958 1141 sup-

1220 1152 1292 1191 pleri
1316 1161 1371 1181 non
1395 1150 1513 1181 debent.

1258 1209 1337 1230 Lxm.
1361 1200 1441 1235 Quod
1463 1199 1487 1229 si
1511 1209 1563 1239 per
1585 1204 1719 1237 mortem,
1742 1199 1956 1238 infirmitatem,

1219 1254 1269 1279 aut
1291 1249 1377 1279 aliam
1400 1249 1507 1279 iustam
1530 1258 1660 1287 causam,
1677 1250 1813 1279 minister
1834 1249 1959 1280 alicuius

1219 1298 1323 1328 domus
1345 1297 1517 1337 capitularis
1533 1307 1589 1327 non
1610 1297 1701 1337 possit
1719 1297 1863 1328 interesse
1880 1297 1960 1337 capi-

1220 1348 1292 1384 tuto,
1313 1351 1382 1377 tune
1404 1347 1602 1376 definitorium
1624 1347 1760 1385 generale
1776 1355 1845 1376 suae
1861 1355 1962 1386 respe-

1220 1396 1313 1426 ctivae
1335 1395 1462 1425 familiae
1485 1395 1609 1433 seligere
1639 1395 1729 1434 possit
1751 1395 1868 1426 domum
1891 1395 1962 1425 alte-

1220 1455 1303 1483 ram,
1327 1445 1410 1475 cuius
1434 1444 1569 1474 minister
1596 1444 1719 1474 actualis
1750 1448 1904 1474 concurrat
1926 1444 1961 1474 ad

1220 1494 1403 1534 capitulum,
1428 1503 1544 1532 semper
1572 1497 1604 1523 ut
1633 1494 1729 1523 socius
1751 1493 1908 1523 secundus.
1931 1493 1961 1523 Si

1220 1548 1316 1573 autem
1345 1542 1496 1580 contingat
1522 1546 1680 1581 utrumque
1702 1541 1813 1572 socium
1837 1551 1888 1582 pro
1910 1542 1962 1572 ali-

1221 1593 1279 1632 qua
1302 1591 1447 1631 privincia
1469 1591 1556 1621 simul
1579 1591 1703 1621 delicere
1717 1615 1725 1629 ,
1755 1590 1890 1621 minister
1912 1591 1963 1621 tlo-

1220 1650 1284 1671 mus
1307 1641 1388 1680 prius
1410 1641 1520 1670 electae
1542 1649 1557 1669 a
1580 1639 1745 1670 definitorio
1767 1639 1795 1669 in
1819 1639 1869 1670 illo
1892 1649 1960 1670 casu

1219 1691 1274 1720 erit
1295 1689 1392 1720 socius
1414 1689 1535 1728 primus.

1259 1747 1335 1768 thv.
1350 1738 1432 1774 Quod
1449 1741 1619 1777 procurator
1631 1737 1960 1777 generalisllispaniae,
1999 1745 2028 1767 ua
2052 1750 2153 1774 proem-

1221 1788 1271 1827 qui
1294 1797 1352 1816 non
1376 1787 1551 1826 aliquarum,
1571 1786 1621 1816 sed
1645 1786 1774 1816 omnium
1798 1786 1962 1826 provincia·
1972 1773 2152 1827 ἷῗῑζῖῃῃῑξξῗωιι

1222 1846 1286 1866 rum
1310 1836 1435 1866 t'amiliae
1459 1845 1545 1872 snae,
1570 1839 1599 1865 et
1622 1835 1820 1874 procuratoris
1842 1839 1871 1866 et
1893 1835 1963 1866 desi-

1221 1885 1320 1915 nitorii
1353 1885 1498 1923 generalis
1534 1893 1649 1923 semper
1685 1883 1786 1914 habuit
1819 1893 1962 1924 procurae

1223 1934 1409 1972 mandatum,
1433 1934 1568 1973 idemque
1596 1942 1610 1962 a
1633 1933 1800 1963 definitorio
1831 1933 1962 1972 generali

1222 1983 1349 2013 familiae
1374 1992 1443 2013 suae
1473 1986 1592 2022 propter
1620 1981 1736 2020 negotia
1759 1981 1889 2012 eiusdem
1912 1981 1962 2012 de-

1223 2032 1343 2062 finitorii
1366 2031 1473 2061 habere
1495 2031 1602 2069 debet,
1619 2030 1654 2060 ab
1673 2030 1773 2060 eodem
1796 2030 1963 2061 definitorio

1222 2089 1337 2120 semper
1370 2079 1494 2118 eligatur
1527 2079 1562 2108 de
1595 2078 1723 2108 triennio
1749 2079 1779 2108 in
1803 2078 1962 2112 triennium

1223 2129 1301 2159 iuxta
1324 2132 1439 2158 nostras
1461 2127 1699 2158 constitutiones.

1261 2177 1420 2213 va.Qu0d
1433 2177 1456 2206 si
1471 2176 1824 2216 samiliaintra-llispana,
1843 2175 1962 2216 quando
2001 2183 2074 2205 Modus
2105 2187 2128 2205 nn

1222 2226 1248 2256 ei
1265 2226 1402 2265 competit
1419 2225 1580 2265 capitulum
1596 2225 1730 2263 generale
1742 2225 1961 2262 intermedium,
1973 2209 2151 2259 lllss'fdssflffils'mii

1223 2273 1295 2303 illud
1311 2272 1459 2302 celebrare
1476 2281 1532 2302 non
1550 2272 1652 2311 possit,
1670 2272 1748 2302 illius
1762 2271 1962 2301 definitorium
1973 2264 2047 2312 ’,ξῇξῖῠή
2075 2266 2151 2290 ““’““”’“
2163 2278 2170 2304 μ

1223 2322 1360 2360 generale
1382 2321 1471 2359 eligat
1493 2321 1661 2351 ministrum
1683 2320 1776 2351 nostri
1800 2323 1963 2350 conventus

1223 2371 1338 2401 romani
1361 2372 1392 2400 S.
1411 2369 1504 2400 Caroli
1527 2369 1563 2399 ad
1586 2379 1711 2409 sequens
1734 2369 1915 2406 triennium;
1934 2371 1963 2399 et

1223 2419 1361 2450 similiter
1379 2419 1499 2456 familia,
1517 2428 1590 2458 quae
1607 2418 1787 2458 praedictum
1803 2417 1963 2457 capitulum

1225 2466 1374 2498 celebrare
1396 2468 1453 2497 iam
1471 2467 1597 2497 instante
1614 2471 1742 2506 tempore
1759 2471 1896 2506 nequeat,
1913 2474 1964 2506 per

1223 2526 1310 2547 suum
1330 2515 1528 2546 delinitorium
1543 2516 1678 2554 generale
1694 2515 1781 2554 eligat
1796 2515 1963 2545 ministrum

1223 2564 1339 2603 collegii
1372 2564 1465 2595 nostri
1487 2564 1523 2594 de
1545 2563 1735 2604 Propagandi}
1758 2563 1829 2594 Fide
1851 2563 1886 2594 ad
1910 2563 1965 2593 im—

1223 2614 1380 2644 mediatum
1404 2613 1575 2643 triennium.
1957 2633 1960 2636 Δ

1263 2671 1338 2694 wa.
1363 2661 1442 2699 Quod
1459 2662 1595 2703 superior
1617 2661 1763 2701 generalis
1783 2660 1910 2699 Ordinis,
1928 2669 1962 2692 ex
1995 2664 2102 2690 Quaedam
2111 2661 2151 2691 erl·

2057 531 2145 552 innuisti-i
