2182 3137
71 175 168 211 Ange.
193 175 261 202 1730

95 925 204 946 Vatidat'm
220 924 258 944 liu-

75 957 120 972 vuin
135 951 258 978 privilegiu-

75 983 133 1002 rum,
156 983 182 998 ac
203 980 256 997 retu-

76 1010 146 1025 rorum
162 1010 174 1025 a
198 1004 260 1024 Suni-

76 1032 116 1052 niis
123 1030 259 1051 Pontificibus

77 1057 166 1078 cuilibet
177 1057 259 1078 illorum

78 1089 234 1106 concessorum.

103 2282 106 2286 .
116 2255 225 2286 Exemplio
243 2258 269 2278 ab

102 2285 242 2303 tnnnuatione
253 2299 258 2307 ,

89 2310 270 2358 {Zujss‘fiffi'c‘j'an'
283 2312 461 2346 eorumque
486 2302 628 2346 aliquem
655 2301 693 2335 ad
725 2307 931 2346 praesentem
957 2313 1025 2335 mo-

892 171 1034 194 (timu-:Ns
1061 171 1103 194 ΧΠ
1130 172 1179 194 ΡΡ.

265 234 376 256 corum
404 222 613 262 huiusmodi,
640 225 736 264 prout
765 220 884 251 nostris
924 219 1011 251 sami-

266 275 402 310 liaribus
416 274 576 308 continuis
589 271 876 311 commensalibus,
890 271 1010 304 eisdem

267 328 476 362 conclavistis
515 333 546 360 et
582 337 694 360 eorum
735 325 869 358 cuilibet
909 324 1010 368 gratis

268 383 383 415 dentur
408 380 629 414 concedantur
654 384 685 412 et
710 378 941 421 expediantur:
976 387 1012 409 ac

269 436 364 469 etiam
383 436 509 468 litterae
524 434 614 478 ipsae
632 433 662 466 in
681 434 784 466 Forma
807 432 928 471 Brevis,
947 437 1011 464 tam

266 489 306 522 tle
332 488 488 531 capienda
511 487 718 531 possessione
745 485 877 519 nomine
905 484 1010 518 dietae

267 543 421 575 Gamerae
448 541 674 585 Apostolicae,
701 551 795 584 quarn
834 538 914 572 alias
931 566 938 579 ,
966 538 1010 570 uti

268 595 332 628 illis
358 604 457 638 super
472 593 722 637 provisionibus
748 592 935 636 quorun·1vis
956 592 1012 624 be-

267 647 460 681 nefieiorum
485 646 780 679 ecclesiasticorum
815 645 883 678 dari
921 650 1012 688 pote-

269 706 356 740 runt,
370 699 522 732 similiter
536 699 634 742 gratis
650 699 776 738 dentur,
793 697 1013 731 concedantur

267 759 298 787 et
322 753 549 796 expediantur,
576 764 613 785 ae
638 752 722 793 dari,
741 751 875 785 concedi
903 756 935 784 et
960 761 1013 784 ex-

268 806 374 850 pediri
399 806 533 839 omnino
560 806 709 846 debeant,
738 805 834 838 etiam
856 804 1013 849 praecipi-

269 870 339 893 mus
365 865 396 892 et
421 859 625 893 mandamus.

313 912 328 956 g
346 911 399 945 10.
421 913 464 945 Ac
481 912 604 945 eisdem
620 911 828 945 conclavistis
851 915 1011 945 eteorum

270 966 424 1007 cuilibet,
450 971 485 998 ut
518 966 580 999 alia
606 965 723 998 similia
760 966 806 997 vel
845 964 1014 998 dissimilia

271 1019 404 1058 indulta,
431 1019 612 1063 privilegia,
632 1019 799 1051 facultates
826 1023 858 1051 et
884 1018 1012 1061 gratias,

271 1073 428 1106 hactenus
453 1073 499 1105 eis
525 1078 557 1105 et
581 1082 693 1105 eorum
720 1072 854 1105 cuilibet
880 1081 1015 1115 pernes

273 1131 305 1159 et
339 1126 502 1159 Romanos
537 1125 710 1159 Pontifices
740 1125 1015 1169 praedecessores

275 1185 401 1214 nostros
427 1184 458 1212 et
482 1178 599 1212 Sedem
633 1179 812 1222 praefatam
845 1189 1013 1219 concessa,

277 1447 423 1480 sentibus
447 1446 561 1479 haberi
587 1447 738 1479 volumus
764 1457 823 1489 pro
843 1446 1017 1489 expressis,

277 1553 319 1586 lia
338 1553 387 1586 vel
406 1553 584 1594 generalia,
608 1552 724 1595 quibus
742 1563 801 1595 per
818 1557 1016 1595 praesentes,

276 1616 313 1638 ac
337 1605 565 1649 praesentibus
591 1615 651 1649 per
673 1605 727 1639 illa
754 1605 885 1638 minime
911 1605 943 1637 in
963 1605 1041 1638 ali-=

277 1669 341 1703 quo
359 1658 585 1703 praeiudicare
604 1658 817 1699 intendimus,
838 1659 918 1691 itaut
932 1664 1018 1703 quot-

276 1710 431 1756 cumque¹
450 1716 483 1744 et
501 1712 749 1756 qualiacumque
773 1712 899 1752 suerint,
918 1723 1018 1745 unum

277 1765 368 1799 alteri
394 1765 553 1808 derogare
578 1775 642 1799 non
663 1771 868 1807 censeantur,
890 1766 944 1799 sed
965 1776 1020 1799 eos

278 1825 309 1853 et
332 1829 446 1853 eorum
468 1819 649 1863 quemlibet
673 1819 737 1852 illis
762 1820 855 1853 simul
881 1830 916 1852 ae
946 1831 1018 1853 cum
1042 1839 1043 1847 κ

278 1873 505 1919 praesentibus
536 1872 712 1916 praedictis
748 1873 946 1907 cumulative
971 1874 1019 1907 vel

278 1926 500 1970 singulariter,
527 1932 626 1970 prout
651 1925 773 1960 eisdem
814 1927 1021 1960 conclavistis

279 1986 310 2014 et
335 1990 448 2014 eorum
474 1979 610 2013 cuilibet
635 1979 737 2023 magis
762 1979 940 2023 expediens
976 1981 1020 2013 vi-

275 2034 419 2077 debitur,
446 2033 506 2066 srui
533 2039 564 2067 et
589 2034 730 2077 gaudere
756 2044 853 2078 posse
881 2034 1022 2067 decerni-

279 2098 349 2121 mus
369 2087 568 2131 (dummodo
587 2092 694 2120 tamen
710 2087 938 2131 praesentibus
957 2098 1021 2120 non
1044 2106 1045 2116 κ

280 2141 537 2185 adversentur),
565 2140 715 2174 similiter
747 2141 959 2174 concedimus
993 2147 1024 2175 et

281 2194 502 2238 indulgemus.

325 2249 340 2293 g
365 2248 417 2281 11.
442 2248 613 2282 Postremo
639 2248 773 2281 eosdem
812 2249 1024 2282 conclavistas

285 2360 350 2388 tum
375 2355 554 2398 proprium,
579 2366 635 2389 seu
660 2355 785 2389 litteras
811 2366 910 2399 super
935 2367 1026 2399 prae-

284 2408 441 2448 sentibus,
470 2408 494 2440 si
528 2408 706 2450 videbitur,
732 2409 966 2449 conficiendas,
994 2410 1024 2442 in

285 2462 370 2495 dieta
393 2460 527 2494 Camera
552 2462 791 2503 insinuandum,
818 2468 872 2495 aut
902 2463 1025 2496 admitti

285 2520 316 2549 et
340 2514 508 2558 registrari
534 2516 711 2558 petendum
750 2516 882 2549 minime
911 2517 1025 2558 teneri,

321 2579 330 2605 1
353 2577 420 2605 Male
441 2576 506 2604 edit.
523 2577 605 2605 Main.
621 2577 686 2613 legit
701 2578 902 2614 quodcumque
922 2579 961 2614 (a.
977 2578 1026 2614 τ.).

373 2632 449 2662 Bull.
473 2632 554 2662 Rom.
595 2650 606 2651 e
633 2633 694 2664 Vol.
716 2633 825 2662 XXIII.
972 2632 987 2660 4

1056 230 1115 251 nee
1141 219 1231 251 illum
1257 229 1313 252 seu
1341 220 1422 259 illas,
1451 219 1574 252 etiamsi
1603 225 1706 251 motus
1729 230 1800 262 pro-

1055 271 1148 314 prius
1175 277 1207 303 et
1231 272 1358 305 litterae
1396 273 1582 305 huiusmodi
1610 273 1693 305 infra
1719 273 1800 315 togi-

1057 323 1169 356 timum
1198 328 1323 367 tempus
1356 325 1559 365 insinuatus,
1585 326 1743 358 admissus
1769 332 1800 358 et

1056 376 1251 420 registratus
1282 387 1347 410 non
1386 378 1501 419 suerit,
1528 389 1583 412 seu
1622 379 1696 412 illae
1723 379 1800 411 insi-

1055 436 1182 470 nuatae,
1209 430 1369 463 admissae
1403 442 1458 463 seu
1500 432 1692 475 registratae
1734 444 1798 465 non

1057 484 1188 524 suerint,
1215 489 1392 527 propterea
1434 484 1539 516 minus
1576 485 1714 518 validum
1741 496 1799 519 seu

1056 536 1179 570 validas
1204 537 1342 577 censeri,
1378 537 1433 569 sed
1460 548 1533 570 suos
1560 539 1726 581 plenarios
1757 540 1800 572 es·

1057 591 1157 623 sectus
1183 590 1292 623 sortiri
1319 590 1459 629 debere,
1494 602 1530 623 ac
1568 598 1689 623 motum
1728 603 1802 635 pro-

1057 643 1161 686 prium
1188 649 1218 676 et
1244 643 1370 676 litteras
1404 643 1615 683 huiusmodi,
1641 650 1672 676 et
1698 644 1729 676 in
1756 645 1802 677 eis

1057 701 1209 729 contenta
1228 706 1463 739 quaecumque,
1489 697 1547 728 sub
1570 696 1733 739 quibusvis
1752 707 1802 729 re-

1056 749 1300 787 vocationibus,
1325 749 1612 792 suspensionibus,
1640 749 1802 783 limitatio-

1058 803 1164 843 nibus,
1188 802 1495 842 modificationibus,
1521 803 1660 835 decretis
1680 808 1710 835 et
1728 813 1802 836 con-

1057 855 1283 889 stitutionibus
1303 855 1493 899 apostolicis
1515 855 1669 889 similium
1689 856 1803 898 gratia-

1058 921 1128 943 rum
1154 909 1373 950 revocatoriis,
1392 910 1442 943 vel
1457 920 1538 953 quae
1557 920 1610 943 eas
1628 909 1805 942 limitarent

1058 964 1106 996 vel
1134 963 1395 1002 moderarentur,
1423 973 1506 1006 quae
1535 974 1550 995 a
1575 962 1671 995 nobis
1697 967 1729 995 et
1761 962 1805 995 di-

1035 1017 1107 1049 *cta
1133 1016 1215 1049 Sede
1242 1027 1301 1059 pro
1329 1021 1493 1060 tempore,
1519 1021 1551 1048 et
1575 1027 1610 1049 ex
1638 1015 1804 1059 quibusvis

1059 1070 1187 1109 causis,
1213 1070 1310 1102 etiam
1349 1068 1613 1112 urgentissimis,
1639 1069 1736 1101 etiam
1772 1068 1805 1101 in

1060 1123 1201 1156 savorem
1227 1122 1311 1162 fidei,
1338 1133 1374 1154 ae
1400 1122 1499 1155 divini
1525 1123 1629 1155 cultus
1655 1132 1807 1164 augmen-

1036 1219 1037 1223 ,
1061 1182 1136 1215 tum,
1162 1176 1258 1208 etiam
1279 1175 1565 1215 consistorialiter,
1581 1176 1630 1208 vel
1649 1176 1710 1209 alia
1729 1186 1806 1219 qua-

275 1233 306 1265 in
333 1243 390 1265 suo
415 1231 534 1265 robore
569 1237 599 1265 et
626 1231 775 1265 firmitate
813 1243 883 1264 cum
922 1227 1037 1275 prae-³

275 1285 418 1319 sentibus
456 1291 559 1325 stare,
584 1296 620 1318 ac
646 1286 777 1318 illorum
803 1285 948 1318 omnium
985 1283 1039 1335 et*¹

274 1339 478 1382 singulorum
516 1344 667 1379 tenores,
694 1339 830 1382 perinde
857 1349 892 1371 ac
924 1338 949 1371 si
977 1339 1015 1371 de
1038 1341 1039 1345 ’

274 1393 373 1426 verbo
400 1393 438 1426 ad
465 1393 596 1425 verbum
623 1392 736 1425 inserti
772 1393 897 1433 forent,
925 1402 1017 1436 prae·
1039 1401 1040 1405 ¹

1059 1230 1103 1262 vis
1130 1230 1320 1263 auctoritate
1347 1230 1505 1263 hactenus
1524 1230 1571 1262 vel
1590 1229 1805 1273 imposterum

1060 1284 1296 1323 emanaverint,
1322 1283 1454 1316 minime
1473 1284 1754 1327 comprehensum
1776 1288 1807 1316 et

1061 1338 1318 1381 comprehensas
1360 1348 1453 1377 esse,
1481 1343 1534 1378 et,
1574 1337 1700 1381 quoties
1732 1337 1805 1370 illae

1062 1391 1278 1431 emanabunt,
1306 1390 1401 1424 toties
1428 1402 1500 1424 eum
1522 1396 1554 1424 et
1575 1401 1628 1424 eas
1647 1390 1678 1422 in
1697 1390 1807 1433 pristi-

1063 1454 1138 1477 num
1176 1449 1293 1477 statum
1334 1444 1519 1477 restitutum
1560 1444 1738 1487 repositum
1777 1448 1808 1475 et

277 1511 373 1544 quam
399 1499 611 1543 imposterum
646 1499 857 1532 concedenda
894 1490 1041 1542 specia-l

1063 1499 1210 1542 plenarie
1236 1498 1485 1541 reintegratum,
1506 1504 1537 1531 et
1558 1498 1734 1537 restitutas,
1761 1508 1808 1530 re-

1063 1553 1185 1595 positas
1227 1557 1259 1584 et
1293 1551 1441 1595 plenarie
1478 1551 1714 1594 reintegrata&
1751 1561 1806 1584 seu

1063 1605 1310 1643 restituendum,
1339 1604 1568 1648 reponendum
1606 1609 1636 1637 et
1661 1604 1808 1647 plenarie

1064 1657 1347 1700 reintegrandum,
1375 1663 1405 1690 et
1441 1656 1676 1697 restituendas,
1713 1667 1808 1700 repo-

1041 1736 1042 1744 i
1064 1712 1188 1745 nendas
1215 1716 1246 1744 et
1271 1710 1418 1754 plenarie
1454 1710 1704 1754 reintegrandas
1737 1720 1808 1744 esse

1065 1765 1204 1798 censeri.

1109 1819 1124 1862 ξ
1148 1818 1201 1851 12.
1230 1818 1267 1851 Et
1293 1818 1438 1862 iusuper,
1466 1829 1537 1851 eum
1565 1818 1700 1851 dilectus
1726 1817 1810 1851 silius

1042 1899 1043 1903 ,
1065 1872 1223 1915 Iosephus
1239 1871 1417 1912 Ferrettus,
1435 1871 1611 1912 Romanus,
1630 1871 1810 1904 litterarum

1066 1926 1320 1970 apostolicarum
1355 1926 1548 1969 expeditor,
1577 1931 1738 1968 tamquam
1765 1924 1812 1958 di-

1067 1985 1192 2013 ctorum
1233 1979 1503 2012 conclavistarum
1541 1984 1752 2022 procurator,
1779 1979 1811 2012 in

1067 2033 1256 2078 praemissis
1281 2033 1429 2066 sedulam
1455 2044 1516 2077 pro
1536 2033 1581 2065 eis
1602 2043 1737 2076 operam
1761 2042 1813 2066 na-

1069 2087 1198 2127 vaverit,
1213 2091 1397 2130 propterea,
1420 2091 1451 2119 et
1468 2086 1603 2119 aliorum
1623 2086 1812 2119 meritorum

1068 2150 1198 2173 suorum
1236 2145 1267 2173 et
1301 2139 1537 2183 obsequiorum
1575 2138 1668 2172 nobis
1702 2145 1734 2172 et
1766 2139 1814 2172 di·

1068 2199 1137 2227 ctae
1159 2193 1234 2227 Sedi
1260 2194 1483 2237 impensorum
1509 2193 1641 2233 intuitu,
1664 2193 1812 2226 volentes

1069 2248 1174 2291 ipsum
1209 2247 1405 2290 specialibus
1443 2246 1604 2279 favoribus
1639 2251 1671 2279 et
1702 2246 1814 2288 gratiis

1069 2300 1241 2344 prosequi,
1269 2299 1373 2333 eidem
1400 2299 1558 2342 loseplio,
1586 2299 1661 2332 licet
1687 2299 1755 2342 ipse
1781 2299 1815 2333 in

1070 2354 1215 2387 conclavi
1241 2353 1408 2397 praedicto
1436 2364 1500 2386 non
1520 2352 1745 2394 intervenerit,
1773 2353 1816 2386 ni-

1071 2407 1248 2440 hilominus
1273 2406 1425 2439 omnibus
1451 2411 1480 2438 et
1509 2405 1645 2448 siugulis
1673 2406 1817 2449 supradi-

1071 2461 1129 2494 ctis
1156 2459 1289 2502 gratiis,
1316 2458 1496 2503 privilegiis
1532 2463 1563 2490 et
1589 2458 1813 2499 facultatibus,

1049 2544 1050 2547 ,
1072 2513 1346 2552 immunitatibus,
1373 2511 1593 2553 libertatibus,
1622 2512 1814 2553 honoribus,

1071 2566 1326 2613 praerogativis,
1353 2565 1644 2610 piacen'iinentiis,
1671 2565 1815 2609 indultis,

1717 161 1757 193 ⁶27)
1806 169 1855 194 An.
1874 168 1902 195 C.
1928 169 1996 197 ¹730

1849 1826 1948 1846 Eximio
1976 1833 2008 1846 m-

1822 1859 1866 1873 ruiu
1883 1854 2008 1878 ''stV'it'sslss-

1823 1886 1867 1900 rum
1884 1880 1910 1899 ,ni
1932 1886 2008 1904 praru.

1825 1934 1932 1953 iiam-uui.
