2182 3137
212 225 260 250 An.
278 223 306 249 c.
331 222 397 250 ¹733
441 214 508 248 594

233 285 346 305 cunco-si.)
365 285 392 304 in·

212 312 334 333 :tulgi-ntim-
367 312 392 330 eli·

211 345 252 364 qua
271 344 290 358 tu
303 339 392 359 rubrica,

248 2469 398 2498 'ri-:insumpto-

214 2501 260 2518 rum
275 2497 334 2518 tides.

447 273 462 316 g
486 273 514 305 t.
534 272 653 315 Itaque,
675 273 713 306 ad
737 272 915 316 augendam
934 272 1075 306 fidelium
1094 283 1140 306 re-

405 325 559 367 ligionem
598 330 629 357 et
661 325 841 358 animarum
874 327 1009 359 salutem
1037 328 1139 360 caele-

404 379 507 411 stibus
532 379 692 412 Ecclesiae
720 380 881 412 thesauris
906 381 958 423 pia
982 380 1138 413 charitate

404 432 529 471 intenti,
555 443 590 465 ac
616 433 654 465 de
681 433 916 475 omnipotentis
943 434 997 465 noi
1020 433 1140 466 miseri-

404 486 512 518 cordia
539 492 569 518 et
594 487 760 519 beatorum
787 487 870 520 Petri
898 493 928 519 et
954 487 1041 520 Pauli
1068 498 1140 531 apo-

404 541 560 572 stolorum
588 540 656 572 eius
683 541 877 574 auctoritate
904 541 1034 580 conlisi,
1069 552 1139 574 nec-

404 604 469 626 non
507 594 696 627 dilectorum
736 595 874 628 filiorum
912 595 1069 628 vincentii
1099 595 1137 627 de

404 646 589 688 Comitibus,
615 648 764 688 ministri,
785 654 815 681 et
833 648 1004 681 Salvatoris
1030 648 1140 681 Salan-

405 700 493 741 dari,
519 702 737 744 procuratoris
775 701 976 744 generalium
1009 701 1138 734 Ordinis

405 752 539 786 fratrum
564 753 722 787 Minorum
743 754 844 788 sancti
871 754 1031 788 Franclsci
1060 754 1140 788 Con-

404 807 600 840 ventualiuni
633 813 891 852 nuncupatorum
929 808 1140 852 supplicatio-

403 860 499 893 nibus
524 861 656 894 nomine
682 861 775 894 nobis
802 872 901 906 super
925 862 988 894 lioc
1015 861 1141 895 humili-

405 920 452 946 ter
477 915 635 957 porrectis
660 915 818 956 inclinati,
844 916 996 949 omnibus
1022 921 1053 948 et
1078 916 1141 948 sin-

404 968 486 1009 gulis
527 969 698 1011 utriusque
739 979 834 1002 sexus
870 969 1140 1002 christifidelibus

404 1030 479 1052 vere
502 1021 746 1063 poenitentibus
764 1026 796 1054 et
813 1022 968 1055 confessis
995 1033 1031 1054 ac
1053 1024 1141 1055 sacra

404 1075 631 1107 communione
669 1075 819 1113 resectis,
845 1076 898 1119 qui
932 1075 1072 1119 aliquam
1105 1087 1139 1108 ex

405 1127 551 1159 ecclesiis
576 1129 710 1160 fratrum
737 1129 814 1160 dicti
840 1128 968 1161 Ordinis
1002 1135 1063 1161 tam
1092 1129 1142 1161 ba-

405 1184 517 1212 ctenus
543 1180 660 1213 erectis
687 1192 781 1223 quam
808 1182 839 1214 in
864 1187 1027 1225 posterum
1047 1192 1142 1225 quan-

406 1233 585 1276 documque
611 1234 787 1275 erigendi&
815 1241 846 1267 et
869 1235 1063 1278 ubicumque
1100 1237 1142 1268 lo-

406 1297 516 1318 corum
542 1287 765 1327 existentibus,
793 1288 823 1320 in
846 1288 876 1321 S.
898 1289 1005 1321 Didaci
1024 1289 1143 1322 conses-

406 1340 501 1379 soris,
530 1351 587 1373 xut
613 1341 810 1381 novembris,
838 1348 870 1374 et
897 1342 928 1375 S.
951 1342 1059 1376 Clarae
1086 1343 1143 1375 vir-

406 1392 490 1435 ginis
517 1393 722 1435 Assisiensis,
747 1405 790 1428 xu
817 1395 942 1437 augusti
967 1395 1055 1428 sestis
1081 1396 1144 1429 die-

405 1446 472 1485 bus,
488 1456 505 1478 a
522 1446 636 1489 primis
656 1447 797 1490 vesperis
815 1459 917 1491 usque
935 1449 974 1482 ad
993 1460 1143 1482 occasum

405 1499 481 1532 solis
508 1499 631 1532 dierum
656 1500 861 1541 huiusmodi,
888 1502 1024 1545 singulis
1049 1502 1142 1535 annis

407 1553 522 1586 devote
547 1553 766 1596 visitaverint,
792 1561 823 1588 et
847 1556 891 1588 ibi
917 1567 974 1599 pro
1000 1557 1144 1589 christia-

408 1617 524 1640 norum
550 1608 731 1651 principum
758 1609 945 1648 concordia,
974 1610 1143 1643 haeresum

407 1661 635 1705 extimatione,
653 1672 689 1694 ac
706 1667 836 1695 sanctae
851 1663 962 1695 matris
983 1663 1144 1697 Ecclesiae

407 1714 600 1747 exaltatione
627 1715 694 1757 pias
730 1716 769 1748 ad
795 1716 896 1748 Deum
922 1727 1034 1759 preces
1061 1716 1140 1750 etl'u-

407 1767 523 1808 derint,
542 1778 605 1811 quo
624 1768 674 1801 die
693 1769 935 1812 praedictorum
953 1770 983 1802 id
1003 1771 1141 1813 egerint,

406 1822 601 1864 plenariam3
627 1823 824 1856 monialibus
857 1835 933 1858 vero
967 1825 1141 1868 supradicti

407 1874 546 1916 Ordinis,
573 1886 609 1908 ac
634 1877 705 1909 aliis
730 1876 762 1909 in
784 1887 894 1910 earum
913 1878 1060 1921 quolibet
1076 1889 1144 1911 mo—

407 1929 549 1962 nasterio
575 1939 660 1962 nunc
686 1934 718 1963 et
741 1941 799 1973 pro
826 1936 973 1974 tempore
999 1932 1144 1975 degenti-

406 1981 476 2024 bus,
502 1993 576 2016 vere
601 1983 723 2026 pariter
746 1984 987 2027 poenitentibus
1013 1991 1045 2018 et
1069 1997 1144 2019 eon-

407 2036 498 2070 fessis
531 2047 566 2070 ac
602 2039 694 2071 sacra
729 2038 957 2072 communione
993 2039 1143 2082 resectis,

408 2090 461 2134 qui
498 2101 588 2124 suam
624 2092 802 2136 respective
838 2093 1008 2126 ecclesiam
1034 2093 1066 2126 in
1093 2094 1144 2127 die

407 2143 489 2177 sesto
513 2144 543 2177 S.
571 2145 680 2178 Didaci
705 2145 916 2186 visitaverint,
936 2152 1031 2187 et‚‘ut
1056 2157 1145 2190 prae-

408 2197 532 2239 fertur,
559 2199 744 2240 oraverint,
780 2200 957 2243 plenariam
994 2200 1144 2234 similiter

408 2251 552 2285 omnium
578 2259 785 2296 peccatorum
816 2265 946 2288 suorum
972 2254 1143 2297 indulgen-

409 2305 484 2338 tiam
510 2311 542 2339 et
566 2307 795 2341 remissionem
820 2308 1076 2342 misericorditer
1112 2309 1143 2341 in

407 2357 546 2392 Domino
571 2360 791 2393 concedimus.
815 2360 1042 2394 Praesentibus
1069 2371 1144 2404 per-

408 2412 516 2454 petuis
543 2412 658 2446 suturis
683 2414 884 2458 temporibus
908 2414 1066 2448 valituris,

452 2465 522 2508 §2
562 2466 713 2500 Volumus
751 2473 857 2501 autem
892 2473 927 2501 ut
959 2468 1144 2502 earumdem

409 2519 627 2561 praesentium
646 2520 828 2554 litterarum
847 2521 1069 2565 transumptis,
1087 2532 1144 2554 seu

409 2572 572 2616 exemplis,
598 2573 693 2606 etiam
720 2574 897 2618 impressis
925 2585 1022 2609 manu
1048 2575 1145 2608 aticu-

409 2626 456 2658 ius
480 2627 596 2660 notarii
622 2628 743 2672 publici
768 2628 1020 2673 subscriptisset
1036 2628 1144 2672 sigillo

986 222 1170 248 BULLARIUM
1193 223 1351 250 Romnum

1173 2260 1254 2296 ,tum
1271 2254 1344 2297 (per
1361 2255 1447 2297 quod
1464 2254 1679 2287 habilitantnr
1695 2254 1739 2286 uti
1759 2254 1925 2297 regentiae

1926 224 1976 251 An.
1991 223 2019 252 C.
2043 224 2108 254 ¹738

1181 284 1340 317 personae
1367 273 1398 306 in
1425 273 1643 306 ecclesiastiea
1663 273 1818 317 dignitate
1840 283 1917 306 con-

1182 327 1310 360 stitutae
1336 327 1490 367 munitis,
1523 327 1633 360 eadem
1669 337 1802 370 prorsus
1838 326 1917 360 tides

1182 381 1386 421 adliibeatur,
1406 391 1486 424 quae
1505 380 1716 413 adhiberetur
1733 380 1811 424 ipsis
1830 391 1918 423 prae·

1182 435 1327 468 sentibus
1347 434 1370 466 si
1392 434 1495 466 forent
1513 433 1673 466 exhibitae
1691 434 1739 467 vel
1754 440 1915 467 ostensae.

1226 487 1338 519 Datum
1356 487 1488 527 Romae,
1511 487 1595 530 apud
1618 487 1649 519 S.
1670 487 1797 520 Mariam
1818 487 1918 520 Maio-

1184 551 1264 579 rem,
1293 541 1352 572 sub
1378 541 1499 573 annulo
1524 540 1707 581 piscatoris,
1735 550 1919 574 nnccxxxut

1183 594 1233 627 die
1256 604 1286 627 xi
1313 594 1461 636 augusti,
1488 593 1698 637 pontificatus
1734 593 1838 627 nostri
1864 603 1920 626 an-

1183 657 1225 680 no
1252 658 1294 681 ιν.

1219 708 1276 735 Dat.
1299 709 1342 736 (lie
1364 709 1391 736 tt
1413 709 1521 744 augusti
1545 708 1626 743 1733,
1648 708 1744 744 pontif.
1766 715 1836 735 anno
1857 714 1891 734 ιν.

1470 764 1504 797 F.
1532 764 1617 797 card.
1646 763 1828 797 Omvizntus.

1521 915 1577 949 CV.

1187 986 1405 1028 Confirmatur
1439 986 1600 1018 decretum
1635 996 1730 1029 super
1764 985 1921 1019 habilita-

1230 1039 1315 1072 tione
1340 1040 1441 1072 trium
1465 1040 1687 1081 regyentiaruin
1711 1038 1839 1082 colleyii
1853 1066 1861 1078 ‚
1893 1042 1921 1070 et

1229 1092 1470 1136 dispensatione
1489 1103 1585 1136 super
1601 1092 1722 1125 duobus
1739 1092 1837 1124 annis
1855 1095 1922 1124 [αη-

1230 1150 1298 1178 tum
1323 1146 1359 1179 de
1383 1150 1485 1179 aetate
1508 1147 1710 1191 praescripsti
1740 1157 1812 1179 cum
1835 1144 1922 1178 verbi

1230 1199 1289 1232 Dei
1313 1200 1602 1243 praedicatoribus,
1630 1210 1688 1243 pro
1714 1199 1833 1233 Ordine
1855 1199 1924 1242 fra-

1232 1257 1318 1286 trum
1343 1253 1507 1286 Minorum
1532 1254 1637 1286 sancti
1660 1253 1830 1287 Francisci
1853 1263 1924 1286 eon-

1229 1307 1431 1340 trementium
1455 1311 1730 1351 nuncupatorum.

1393 1388 1528 1416 Clemens
1550 1389 1629 1422 Papa
1648 1388 1717 1420 ΧΠ,

1323 1433 1360 1460 ad
1379 1433 1517 1460 futuram
1536 1433 1583 1460 rei
1601 1433 1789 1460 memoriam.

1230 1503 1245 1546 ἓ
1268 1503 1299 1536 t.
1326 1503 1434 1548 Nuper
1452 1504 1575 1537 anobis
1590 1508 1781 1537 emanarunt
1797 1503 1923 1536 litterae
1947 1511 2041 1558 ¹:³1‘}⁰{³⁰
2053 1516 2120 1559 prase-

1189 1557 1309 1590 tenoris
1335 1557 1517 1601 sequentis:
1935 1544 2034 1587 iiiiii?
2063 1544 2119 1560 Μ’

1231 1610 1377 1645 effluens
1401 1610 1458 1643 Pr.
1485 1610 1558 1651 ΧΠ,
1584 1610 1626 1643 cul
1655 1614 1846 1655 perpetuam
1877 1610 1926 1643 rei

1187 1664 1386 1696 memoriam.
1410 1663 1453 1696 Ex
1472 1663 1616 1696 iniuncto
1641 1664 1744 1704 nobis,
1767 1669 1828 1697 etc.
1856 1663 1926 1706 (Ce-

1188 1721 1256 1749 tera
1283 1717 1384 1759 quere
1408 1724 1452 1750 est
1476 1718 1626 1761 superius
1650 1728 1743 1751 num.
1770 1728 1844 1759 xLu,
1868 1728 1925 1761 pa·
2139 1710 2163 1760 ξ

1186 1771 1267 1814 (lina
1291 1771 1396 1815 ⁶277),
2140 1763 2159 1802 ss

1231 1826 1245 1868 ἓ
1270 1825 1300 1858 ⁶2.
1324 1825 1370 1867 Et,
1389 1825 1469 1858 sicut
1486 1836 1544 1869 pro
1564 1831 1654 1869 parte
1673 1826 1748 1859 dicti
1765 1825 2116 1881 Vincentiinffffuffiaedgcopffi-
2144 1826 2149 1834 “’

1188 1879 1326 1911 ministri
1341 1879 1503 1921 generalis
1518 1879 1612 1912 nobis
1626 1889 1732 1923 nuper
1745 1878 1926 1923 expositum
1957 1873 1962 1880 “
2110 1873 2116 1881 ’
2154 1883 2155 1886 ’

1188 1933 1262 1972 suit,
1286 1932 1363 1976 ipse,
1390 1932 1580 1975 regentibus
1607 1938 1638 1966 et
1662 1932 1839 1966 lectoribus
1866 1932 1924 1966 de-

1188 1991 1369 2020 monstrare
1391 1991 1558 2029 emptam,
1583 1986 1615 2019 in
1642 1986 1826 2030 expetenda
1844 1986 1925 2019 eius-

1187 2040 1275 2074 modi
1298 2039 1484 2084 provisione
1509 2040 1555 2073 nil
1581 2040 1615 2073 in
1637 2040 1745 2073 animo
1772 2039 1925 2074 habuisse

1188 2104 1282 2137 quam
1308 2093 1384 2127 dicti
1402 2093 1531 2127 Ordinis
1551 2093 1757 2135 beneficium,
1777 2099 1925 2136 quartum

1188 2148 1354 2181 decretum
1392 2158 1409 2180 a
1446 2152 1520 2180 tunc
1557 2147 1712 2180 existente
1737 2146 1924 2182 definitorio

1187 2201 1316 2235 Ordinis
1341 2201 1529 2234 huiusmodi
1555 2211 1640 2234 anno
1664 2210 1828 2235 MDCvam
1858 2200 1925 2234 edi-

1188 2307 1316 2349 collegii
1331 2312 1516 2350 sequentes,
1533 2306 1695 2347 videlieet,
1708 2307 1924 2347 Venetiarum‚

1190 2360 1423 2400 Panormitam,
1456 2360 1710 2400 Mediolanensis‚
1742 2360 1927 2394 Ferrarien-

1188 2414 1240 2454 sis,
1266 2414 1430 2454 Perusina,
1461 2414 1651 2448 Florentina
1680 2420 1712 2448 et
1740 2413 1926 2456 Ianuensis,

1188 2468 1295 2511 quoad
1320 2467 1392 2501 illos
1419 2473 1525 2501 tamen
1551 2473 1699 2510 regentes
1726 2467 1781 2511 qui
1809 2478 1927 2501 novem

1188 2531 1345 2554 annorum
1381 2521 1485 2565 spatio
1521 2521 1716 2555 lecturarum
1743 2531 1868 2555 cursum
1893 2520 1927 2553 in

1188 2574 1258 2608 aliis
1284 2575 1397 2608 studiis
1423 2574 1543 2614 tertiae,
1569 2575 1726 2608 secundae
1747 2580 1777 2608 et
1801 2574 1926 2618 primae
2176 2581 2182 2627 ]

1188 2628 1300 2662 classis
1325 2627 1543 2672 absolverint)
1573 2639 1630 2672 per
1654 2638 1713 2662 nos
1738 2627 1925 2662 confirmari
2176 2630 2182 2678 1

2179 2691 2182 2709 l
