2182 3137
177 214 231 240 An.
249 213 279 241 c,
295 214 367 239 ’1736
413 206 479 238 274

374 263 511 302 sequenti
534 263 582 292 die
604 262 721 300 exigere
743 262 882 301 incipiet;
915 261 1021 291 deinde
1052 269 1118 300 pro-

373 312 459 341 cedet
482 313 544 341 una
565 321 632 341 cum
655 310 948 351 abbate[monasterii
970 314 998 340 et
1019 319 1118 339 mona-

371 359 437 389 chis
459 361 495 390 ad
518 361 685 397 ecclesiam,
710 365 742 390 ut
763 369 862 399 supra.

411 418 450 439 iv.
476 410 550 439 Ante
572 418 654 439 aram
677 410 839 439 maximam
872 407 1008 438 omnibus
1039 408 1116 438 ordi·

373 458 463 488 natim
487 458 662 496 genuflexis,
685 457 775 488 abbas
797 467 848 488 seu
871 458 997 487 vicarius
1021 457 1117 487 visita-

375 511 430 544 tor,
457 507 528 536 item
562 507 752 544 genuflexus,
776 506 812 536 ad
843 510 957 545 portam
990 505 1115 536 mediam

375 554 470 584 orabit
492 554 729 594 aliquantulum:
752 555 859 584 deinde
876 554 1020 584 intonabit
1041 555 1117 594 psal-

373 612 452 632 mum
475 611 579 633 chvnl
601 603 723 633 Laurlate
738 603 886 633 Dominum
901 604 933 632 dc
946 604 1041 637 caelis,
1057 608 1116 640 etc„

373 661 460 690 quem
484 653 540 681 unzi
564 661 629 681 cum
652 651 767 682 duobus
782 652 974 691 sequentibus
997 652 1116 691 psalmis

375 700 511 729 monachi
535 699 700 729 alternatim
724 704 845 736 canent,
871 705 899 730 et
922 701 1001 729 dicto
1020 700 1117 730 Gloria

374 748 463 783 Patri,
481 749 575 786 surgit
597 748 686 778 abbas
708 759 759 778 seu
782 749 909 779 vicarius
927 750 1071 786 visitator,
1089 754 1116 778 et

374 798 451 826 sacta
483 797 518 826 ad
550 798 641 827 altare
675 799 854 835 reverentia,
890 807 1049 827 conversus
1081 798 1115 826 ad

374 846 533 875 monachos
569 846 740 883 genuflexos
778 847 846 876 facit
878 846 1092 876 absolutionem
1107 870 1114 883 7

373 895 489 924 dicens:

454 944 528 973 Deus
551 946 716 974 misereatur
737 946 831 982 vestrl,
849 950 871 973 et
887 945 1005 973 dividunt
1028 945 1117 974 debita

376 997 465 1022 cestra
487 997 511 1022 et
533 994 635 1022 tribuat
659 994 731 1023 cobis
753 994 948 1022 absolutionem
970 998 994 1021 et
1010 995 1116 1022 veniam

375 1043 496 1070 omnium
516 1042 911 1081 peccatorumvestrorum.ln
933 1043 1041 1071 nomine
1064 1042 1117 1071 Ρα-

374 1091 425 1119 tris
445 1092 463 1126 †
485 1095 510 1119 et
531 1090 602 1120 Filii
623 1093 641 1127 ’ὶ-
663 1096 687 1120 et
709 1090 834 1129 Spiritus
854 1090 960 1120 Sancti.

454 1138 586 1168 Fratres:
611 1139 714 1175 Autem
729 1143 757 1168 et
774 1144 909 1177 surgunt,
924 1139 1045 1178 eiusque
1059 1148 1118 1168 ma—

375 1196 446 1216 num
468 1187 627 1217 ordinatim
647 1188 830 1226 osculantur,
847 1193 876 1218 et
891 1188 999 1218 abeunt
1015 1189 1043 1217 in
1060 1188 1118 1218 661-

379 1236 422 1265 135
444 1246 522 1266 suas.

416 1294 444 1314 V.
471 1285 607 1314 Visitator
630 1286 757 1324 primum
782 1286 878 1316 locum
911 1286 1022 1316 tenebit
1051 1296 1116 1315 611111

378 1335 459 1363 socio
478 1344 542 1372 suo,
560 1335 609 1373 qui
628 1335 778 1364 secretarii
793 1345 900 1365 munus
918 1341 1012 1373 geret,
1029 1336 1117 1365 etiam

378 1388 446 1413 ante
470 1383 606 1413 abbatem
630 1384 811 1413 monasterii.
836 1386 910 1414 Cum
934 1389 1033 1414 autem
1056 1385 1117 1414 osli-

379 1431 424 1461 cio
447 1440 498 1461 suo
522 1432 641 1461 functus
664 1432 759 1469 fuerit,
782 1432 844 1471 ipse
867 1437 895 1462 et
911 1433 1008 1463 socius
1023 1433 1119 1462 locum

376 1480 456 1509 iuxta
473 1480 646 1518 dignitatem
662 1490 743 1509 suam
761 1481 805 1510 vel
821 1482 1027 1520 antiquitatem
1056 1491 1121 1520 pro-

377 1528 512 1558 fessionis
536 1529 665 1559 habebit.

417 1587 455 1607 vr.
479 1580 580 1608 Primo
604 1579 781 1609 visitationis
813 1579 871 1617 die,
896 1580 1021 1609 cantatis
1048 1580 1121 1609 divi-

378 1627 422 1655 nis
445 1627 569 1665 officiis,
594 1637 627 1657 ac
658 1629 813 1658 terminata
835 1637 887 1667 per
908 1628 1041 1658 abbatem
1065 1629 1121 1658 loci

379 1680 428 1705 aut
450 1677 514 1706 eius
536 1677 678 1706 vicarium
701 1679 786 1706 sacra
807 1678 938 1715 liturgia,
962 1681 1120 1716 antequam

378 1726 465 1755 detur
487 1736 500 1754 a
525 1725 692 1755 celebrante
715 1725 891 1763 benedictio,
908 1726 1043 1756 omnibus
1062 1736 1121 1756 mo-

378 1774 481 1804 nachis
502 1774 658 1804 ordinatim
681 1775 866 1813 genuflexis,
892 1776 1024 1805 visitator
1055 1776 1122 1805 dili-

377 1828 480 1862 genter
493 1823 621 1853 visitabit
639 1828 727 1853 totam
746 1824 899 1854 ecclesiam
914 1834 920 1854 :
944 1834 977 1854 ac
994 1825 1121 1863 primum

379 1882 460 1903 aram
484 1873 656 1910 maximam,
681 1872 729 1902 ubi
751 1873 912 1912 repositum
936 1878 979 1903 est
999 1874 1122 1903 sanctis-

378 1922 485 1952 simum
518 1922 720 1952 Eucharistiae
752 1926 984 1957 sacramentum,
1017 1923 1121 1953 deinde

379 1972 510 2011 reliqua,
534 1972 556 2000 si
580 1981 654 2010 quae
676 1976 779 2007 erunt,
813 1971 931 2006 altaria,
956 1982 991 2000 an
1025 1972 1121 2001 onmia

379 2021 486 2050 munda
503 2021 573 2057 sint,
587 2025 615 2050 et
629 2021 769 2050 decenter
784 2025 885 2050 ornata
904 2025 930 2050 et
950 2022 1121 2060 composita,

379 2080 435 2110 qua
459 2070 625 2100 visitatione
646 2069 790 2107 absoluta,
807 2079 943 2100 reversus
958 2071 993 2100 311
1009 2075 1122 2109 portam

381 2120 518 2157 mediam,
543 2124 568 2149 et
593 2120 669 2149 facta.
691 2119 776 2149 altari
799 2119 978 2155 reverentia,
1003 2120 1052 2149 dat
1074 2119 1124 2149 be-

380 2169 590 2206 nedictionem,
614 2169 736 2198 dicens:

462 2218 612 2247 Benedicat
634 2227 680 2247 rnos
702 2218 875 2257 vulnipotens
897 2218 979 2255 Deus,
1004 2219 1086 2249 Pater
1106 2222 1123 2256 †

381 2273 404 2296 et
427 2267 521 2296 Filius
542 2269 560 2303 †
583 2271 608 2296 et
628 2266 754 2306 Spiritus
775 2269 793 2303 ’ξ’
815 2266 942 2296 Sanctus.

461 2316 598 2345 Fratres:
622 2316 721 2345 Amen.

463 2364 602 2394 Visitator
625 2365 813 2404 prosequitur
840 2365 915 2394 113116
948 2365 1125 2396 admonitio-

383 2423 468 2443 nem:
492 2413 664 2443 Auctoritate
686 2414 742 2443 Dei
763 2414 897 2452 totiusque
930 2413 1044 2443 Ordinis
1077 2425 1124 2444 no-

381 2463 432 2492 stri
447 2487 454 2500 ‚
478 2463 623 2502 praecipio
653 2462 729 2492 vobis
757 2464 788 2491 in
816 2463 917 2492 virtute
937 2467 1046 2492 sanctae
1066 2464 1125 2492 obe-

381 2512 513 2548 dientiae,
538 2516 583 2549 ut,
608 2520 669 2540 cum
692 2511 882 2550 unusquisque
903 2516 1023 2540 vestrum
1044 2512 1076 2540 de
1097 2521 1125 2540 o-

380 2561 489 2589 mnibus
514 2565 538 2590 et
560 2560 678 2599 singulis
697 2561 824 2599 personis
845 2570 876 2590 ac
896 2560 977 2590 rebus
991 2583 998 2597 ,
1021 2561 1056 2590 ad
1078 2561 1126 2590 hoc

380 2610 580 2638 monasterium
602 2609 797 2649 spectantibus,
819 2610 1004 2648 interrogatus
1025 2610 1123 2648 fuerit,

969 213 1147 235 L'tILLARlUM
1174 212 1328 235 ROMANUM

1160 260 1268 298 debeat,
1291 260 1441 289 secundum
1462 261 1657 290 conscientiam
1685 270 1757 300 pure
1777 265 1803 290 et
1824 271 1901 290 vera-

1159 309 1228 338 citer
1250 309 1388 345 revelare,
1421 309 1526 338 secluso
1556 310 1630 338 omni
1660 310 1740 346 odio,
1762 311 1855 348 favore
1876 313 1900 338 et

1159 358 1278 396 affectu:
1301 367 1350 386 nec
1372 357 1446 386 ullus
1467 362 1589 386 vestrum
1610 362 1689 387 extra
1705 358 1901 387 monasterium

1159 406 1296 434 discedere
1313 410 1474 444 praesumat
1495 407 1554 435 sine
1584 407 1714 445 expressa
1745 408 1839 435 nostra
1868 405 1902 434 li-

1159 455 1260 483 centia.

1239 503 1311 533 Tum
1334 508 1461 541 surgunt
1482 504 1601 541 fratres,
1618 509 1646 534 et
1663 504 1768 533 vadant
1790 504 1820 534 in
1842 504 1902 534 cel-

1160 551 1202 580 las
1224 561 1303 581 51135.
1327 552 1478 590 visitator,
1502 553 1632 592 deposita
1649 553 1735 590 stola,
1758 553 1789 582 in
1811 552 1902 582 sacri-

1160 600 1245 629 stiam
1269 601 1347 630 vadit
1368 611 1433 630 cum
1450 602 1539 638 socio,
1556 601 1659 631 abbate
1678 601 1857 639 monasterii,
1874 606 1903 631 et

1161 649 1306 687 praesecto
1328 650 1479 686 ecclesiae,
1497 660 1547 680 seu
1564 651 1701 686 sacrista,
1720 659 1843 689 eamque
1857 650 1901 680 di-

1161 697 1288 735 ligenter
1310 699 1424 734 visitat,
1449 699 1662 728 considerando
1685 708 1722 728 an
1744 699 1853 729 munda
1874 703 1903 728 et

1161 746 1320 785 composita
1344 747 1404 777 sint
1427 757 1493 777 vasa
1524 758 1624 784 sacra,
1649 752 1761 786 vestes,
1784 747 1853 778 libri
1875 752 1903 777 et

1161 796 1258 824 omnia
1282 797 1432 826 utensilia.

1240 845 1348 875 Deinde
1372 847 1503 885 procedit
1528 847 1660 876 visitator
1682 856 1748 876 cum
1771 847 1852 876 socio
1874 851 1904 876 et

1160 892 1264 922 abbate
1287 894 1344 923 loci
1366 895 1401 923 ad
1424 894 1528 924 cellam
1560 895 1653 934 ipsius
1675 894 1806 930 abbatis,
1839 895 1902 934 qui,

1162 942 1256 979 primo
1289 942 1374 972 offert
1406 943 1551 973 visitatori
1584 944 1691 982 scripta
1721 943 1840 973 nomina
1875 948 1904 973 et

1160 990 1255 1019 officia
1278 991 1460 1028 singulorum
1484 992 1694 1021 monachorum
1714 997 1742 1022 et
1765 1001 1904 1031 persona-

1161 1048 1226 1067 rum
1248 1039 1335 1068 etiam
1358 1041 1564 1079 saecularium,
1588 1042 1638 1080 qui
1661 1041 1839 1071 monasterio
1860 1042 1906 1070 in-

1160 1087 1310 1125 serviunt;
1333 1089 1461 1118 secundo
1482 1089 1590 1119 librum
1608 1090 1727 1127 regulae
1748 1095 1777 1120 et
1797 1090 1905 1120 consti-

1163 1137 1309 1167 tutionum
1326 1138 1460 1175 Ordinis,
1484 1138 1581 1174 tertio,
1598 1138 1706 1168 librum
1723 1143 1904 1169 secretorum

1162 1196 1236 1225 quae
1259 1187 1308 1216 alii
1330 1187 1496 1217 visitatores
1518 1188 1545 1217 ei
1574 1188 1750 1218 monasterio
1779 1188 1906 1227 relique-

1163 1240 1252 1273 runt,
1276 1240 1393 1275 quart0,
1416 1236 1509 1266 libros
1531 1242 1725 1276 proventuum
1748 1241 1775 1266 et
1797 1246 1906 1276 expen-

1162 1293 1260 1313 sarum
1291 1285 1463 1314 monasterii
1490 1290 1518 1315 et
1546 1286 1700 1315 ecclesiae.
1724 1285 1835 1321 Quibus
1857 1295 1906 1325 pe-

1163 1333 1268 1369 ractis,
1293 1334 1426 1363 visitator
1449 1334 1484 1363 ad
1507 1334 1611 1364 cellam
1638 1334 1693 1364 sibi
1715 1335 1903 1372 destinatam,

1163 1392 1214 1421 per
1235 1383 1330 1421 ipsum
1354 1383 1487 1413 abbatem
1510 1384 1579 1422 loci,
1603 1389 1653 1414 aut
1675 1385 1849 1414 monachum
1868 1384 1906 1414 ab

1164 1441 1197 1460 eo
1213 1432 1410 1469 designatum,
1425 1432 1577 1462 advocabit
1589 1433 1720 1471 singulos
1735 1433 1906 1469 monachos,

1164 1486 1191 1510 et
1223 1481 1443 1520 inquisitionem
1477 1481 1626 1512 inchoabit
1647 1492 1661 1511 a
1684 1482 1850 1512 iunioribus
1878 1486 1907 1512 et

1164 1530 1277 1559 desinet
1299 1531 1329 1560 in
1352 1531 1447 1569 ipsum
1470 1530 1617 1570 abbatem,
1640 1532 1691 1570 qui
1722 1531 1759 1561 de
1781 1531 1906 1569 singulis

1164 1579 1220 1617 ipsi
1242 1579 1344 1608 reddet
1365 1579 1521 1609 rationem.
1538 1579 1617 1615 Quae
1635 1584 1732 1609 autem
1750 1588 1765 1609 a
1782 1579 1906 1618 singulis

1165 1627 1317 1657 monachis
1340 1629 1520 1663 ret'eruntur,
1545 1637 1596 1666 per
1622 1627 1735 1657 socium
1759 1632 1788 1657 et
1810 1637 1909 1658 secre-

1167 1677 1270 1706 tarium
1295 1677 1472 1706 visitationis
1495 1677 1524 1706 in
1546 1681 1628 1706 631ῑὴ
1649 1676 1850 1714 notabuntur,
1875 1677 1905 1706 in

1165 1735 1289 1764 quorum
1313 1726 1371 1755 fine
1394 1726 1595 1764 unusquisque
1611 1735 1717 1755 nomeu
1737 1735 1822 1755 suum
1838 1725 1907 1755 sub-

1165 1775 1290 1812 scribat,
1315 1775 1378 1811 vel,
1402 1775 1426 1804 si
1449 1774 1578 1804 scribere
1601 1775 1756 1812 nescierit,
1778 1775 1841 1813 ipse
1863 1784 1908 1805 se-

1164 1823 1308 1853 cretarius
1340 1824 1404 1853 eius
1435 1833 1540 1853 nomen
1573 1823 1738 1853 subscribat
1759 1823 1794 1853 de
1815 1824 1907 1863 ipsius

1164 1873 1312 1903 mandato.

1205 1930 1254 1951 vu.
1279 1921 1424 1952 Postridie
1447 1922 1581 1952 visitator
1603 1931 1669 1951 cum
1692 1922 1849 1952 secretario
1865 1921 1907 1951 lu-

1167 1969 1272 1999 strabit
1286 1994 1293 2008 ,
1319 1970 1412 2008 primo
1434 1970 1523 2000 cellas
1546 1971 1676 2000 omnium
1698 1971 1841 2005 srat1·um;
1864 1979 1908 2000 se-

1167 2019 1272 2056 cundo,
1296 2020 1367 2049 alias
1390 2019 1563 2050 monasterii
1579 2020 1755 2055 mansiones,
1774 2024 1805 2050 ut
1823 2019 1908 2050 scho-

1167 2068 1234 2103 lam,
1259 2068 1480 2106 bibliothecam,
1505 2069 1676 2107 hospitium,
1700 2069 1905 2107 infirmariam,

1167 2117 1347 2155 vestiariam,
1370 2117 1535 2154 cellarium,
1559 2118 1715 2156 coquinam
1738 2123 1767 2147 et
1786 2118 1909 2148 refecto-

1167 2167 1244 2196 rium
1258 2190 1266 2203 ,
1290 2166 1495 2206 praesentibus
1517 2166 1621 2196 abbate
1643 2166 1698 2196 loci
1726 2175 1819 2205 eoque
1848 2175 1909 2196 mo-

1167 2216 1261 2245 nacho
1283 2215 1332 2254 qui
1356 2215 1446 2245 cellae
1468 2215 1547 2244 illius
1569 2224 1669 2244 curam
1691 2214 1819 2244 habebit.

1208 2274 1267 2294 vm.
1290 2264 1388 2294 Tertio
1420 2269 1448 2293 et
1481 2269 1628 2303 postremo
1659 2264 1722 2301 die,
1746 2265 1909 2294 convocata

1168 2313 1256 2342 totius
1278 2313 1447 2342 monasterii
1466 2313 1692 2351 congregatione
1714 2313 1744 2342 in
1760 2313 1856 2342 locum
1872 2313 1907 2342 ad

1167 2361 1195 2391 id
1220 2366 1365 2400 paratum,
1389 2361 1520 2390 visitator
1535 2361 1654 2390 brevem
1674 2361 1912 2391 adhortationem

1168 2411 1256 2440 saciet
1279 2410 1313 2440 ad
1337 2409 1551 2449 procurandam
1574 2409 1693 2448 regulae
1715 2414 1744 2440 et
1766 2410 1908 2440 constitu-

1169 2460 1280 2490 tionum
1303 2459 1533 2497 observantiam,
1557 2463 1585 2489 et
1603 2459 1660 2498 legi
1682 2459 1770 2489 saciat
1792 2468 1844 2498 per
1864 2468 1911 2488 se-

1168 2509 1324 2539 cretarium
1357 2510 1466 2538 monita
1501 2509 1602 2539 relicta
1632 2508 1825 2538 monasterio:
1849 2517 1911 2537 mo-

1168 2563 1294 2598 neatque
1316 2568 1418 2589 omnes
1440 2563 1468 2588 et
1489 2558 1631 2596 singulos,
1657 2562 1689 2588 ut
1710 2567 1740 2587 se
1758 2557 1794 2587 ad
1809 2556 1910 2596 poeni·

1169 2608 1288 2638 tentiam
1301 2607 1548 2646 negligentiarum
1561 2606 1723 2637 faciendam
1738 2606 1911 2645 disponant:

1905 213 1958 239 An.
1980 212 2098 241 &1732
