2182 3137
417 206 479 239 2272

383 263 456 298 lites
482 263 544 297 hoc
571 264 630 297 iter
657 264 824 307 suscipere
857 261 1021 301 adstricti,
1047 261 1122 294 dum

384 318 449 349 itur
475 315 685 360 rediturque,
713 321 792 359 quot
827 324 1017 353 aerumnas,
1044 319 1124 357 quot

384 369 459 402 inde
486 369 688 402 incommoda
714 368 891 412 patiantur,
921 368 1004 400 haud
1031 367 1122 400 facilc
1145 388 1146 396 η

969 213 1148 238 BULLARIUM
1175 212 1282 236 ROMA&
1289 212 1329 236 ΕΜ

1167 260 1305 294 consilio
1342 266 1371 293 et
1406 269 1562 299 assensu,
1589 260 1709 293 dictum
1747 260 1901 304 oppidum

1167 314 1370 353 Divionense,
1396 322 1523 345 necnon
1551 313 1730 346 districtum
1758 320 1789 346 et
1815 314 1905 347 terri·
1942 326 1999 348 cuae
2029 327 2098 345 neven.

1915 358 1984 371 nvn-is·
2027 352 2098 372 Emta-

1169 368 1249 401 toria
1275 366 1412 409 intcgra¹
1432 366 1715 400 archidiaconatus
1734 367 1958 400 Divionen-ffl„
1986 385 2032 398 μη.
2063 379 2098 399 aa.

188 215 236 242 An.
257 215 284 242 C⁴
304 215 366 242 1731
1913 212 1961 239 An.
1984 212 2011 239 C.
2031 212 2093 240 2731

1917 406 1965 426 tuat
1978 407 2088 426 ‹troc-cenia-

217 434 318 455 Ludwvici
336 433 369 454 XV

186 467 223 487 ron
235 471 242 479 κ
259 466 324 487 price
338 475 343 481 .

229 1918 308 1937 Novum
330 1919 372 1942 epi-

188 1947 298 1970 scopatum

383 427 430 456 est
456 422 550 455 dictis
576 423 711 454 referre:

427 475 498 519 §Q
534 475 656 513 Quibus
692 475 789 517 malis(
820 485 879 507 uos
914 484 973 517 pro
1012 478 1124 506 nostro

384 529 539 572 pastorali
559 528 664 562 officio
691 538 863 561 occurrere
889 527 1071 570 cupientes,
1091 537 1125 559 ac

384 581 519 624 provide
545 581 792 614 considerantes
814 579 988 614 dioecesim
1009 579 1125 621 Lingo-

384 644 520 668 nenscm
555 640 618 666 tam
654 635 685 666 in
723 633 927 677 longitudine
964 644 1058 677 quam
1093 632 1122 664 in

384 687 551 721 latitudine
592 687 851 730 amplissin'iam,
891 686 1123 728 regionemque

384 740 633 779 Divionenscm,
661 740 851 783 populorum
889 745 919 772 et
945 738 1123 770 incolarum

384 793 475 837 copia
501 794 592 826 valde
620 794 789 836 repletam,
816 804 831 825 a
857 792 982 825 civitate
1009 791 1125 833 Lingo-

384 847 476 880 nensi
515 857 586 879 esse
623 847 704 879 adeo
738 851 910 884 remotam,
947 851 980 877 ut
1010 846 1124 877 unicus

384 906 493 944 pastor
519 906 639 933 tantam
665 900 844 932 animarum
882 899 1123 932 multitudinem

385 956 421 987 ea
447 965 510 997 qua
534 964 594 997 par
618 959 668 986 cst
692 953 860 995 diligentia
887 962 1000 994 regere
1033 951 1124 983 mini-

385 1018 434 1040 me
455 1007 555 1050 possit
573 1019 579 1046 ;
600 1007 727 1039 attentis
747 1005 951 1049 potissimum
971 1004 1124 1047 precibus

385 1061 529 1093 eiusdem
569 1060 718 1093 Ludovici
756 1058 863 1101 regis,
890 1058 963 1101 qui,
991 1068 1123 1090 suorum

384 1114 587 1146 subditorum
617 1112 711 1146 saluti
738 1118 769 1144 et
794 1111 997 1145 inden·1nitati
1020 1110 1125 1143 inten-

386 1172 443 1206 tus,
459 1168 564 1199 solum
585 1166 639 1198 Dei
660 1167 780 1198 cultum
799 1170 995 1206 sanctaeque
1013 1163 1124 1195 matris

384 1219 546 1252 Ecclesiae
569 1219 796 1251 exaltationem
829 1228 906 1261 prae
942 1216 1044 1249 oculis
1071 1216 1126 1248 ha-

385 1272 484 1311 bens,
511 1271 710 1314 aptissimum
737 1281 805 1304 esse
831 1269 1010 1303 remedium
1038 1268 1125 1301 duxit

386 1325 555 1367 regionem
586 1325 810 1357 Dix'ioncnsem
848 1323 1049 1367 praedictam
1085 1322 1124 1354 ab

385 1378 496 1411 eadem
523 1377 663 1410 dioecesi
689 1377 884 1420 Lingonensi
918 1386 1068 1420 separare
1096 1382 1127 1408 et

386 1431 642 1470 dismembrare,
668 1431 855 1474 dictumque
889 1430 1046 1473 oppidum
1078 1429 1127 1461 Di-

387 1485 541 1517 vionense
569 1484 598 1516 in
626 1483 804 1523 civitatem,
845 1494 881 1516 ac
917 1482 1125 1524 collegiatam

386 1538 559 1571 ecclesiam
601 1537 632 1569 S.
670 1536 827 1580 Stephani
865 1535 1051 1568 huiusmodi
1093 1535 1123 1567 in

386 1591 618 1629 cathedralem,
638 1589 746 1633 ibique
773 1590 881 1622 sedem
906 1589 1124 1632 episcopalem

387 1643 513 1686 erigere
550 1650 581 1676 et
617 1643 800 1682 collocare,
839 1641 1058 1684 praeficiendo
1097 1641 1123 1673 ei

386 1707 504 1730 novum
531 1696 736 1739 episcopum,
759 1695 812 1738 qui
840 1700 906 1726 tum
932 1695 1031 1727 verbo
1059 1699 1124 1726 tum

386 1750 533 1792 exemplo
560 1749 636 1782 boni
662 1748 773 1792 operis
801 1748 946 1781 ciusdem
979 1747 1124 1789 regionis

386 1803 509 1835 incolas
536 1807 568 1834 et
592 1803 731 1845 populos
757 1801 919 1834 fructuose
954 1810 1068 1843 regere
1094 1805 1126 1832 et

385 1857 570 1898 gubernare
597 1866 661 1888 non
688 1855 831 1888 desinat:

429 1910 443 1952 ἓ
479 1908 510 1942 3.
549 1908 603 1941 llis
640 1908 737 1951 igitur
772 1908 907 1951 aliisque
946 1908 984 1940 dc
1021 1906 1124 1939 causis

333 1964 526 1996 en—animum
553 1968 701 1995 nostrum
728 1962 949 2001 moventibus,
975 1972 1007 1993 rc
1034 1960 1123 2003 prins

189 2001 232 2021 nu.
250 2001 271 2017 ut
295 2004 315 2017 iu
339 2004 372 2018 ru-

385 2016 416 2049 in
442 2015 701 2058 Congregatione
728 2015 959 2047 venerabilium
989 2015 1123 2046 fratrum

385 2074 569 2102 nostrornm
589 2069 732 2101 eiusdem
751 2069 782 2101 S.
803 2069 839 2100 R.
861 2067 894 2100 E.
915 2067 1123 2099 cardinalium

386 2122 481 2155 rebus
508 2121 788 2154 consistorialibns
824 2121 1029 2164 praeposit-[1¹
1057 2122 1125 2163 plu-

386 2175 449 2208 ries
475 2180 600 2208 mature
627 2174 779 2214 discussa,
805 2174 866 2217 piis
894 2174 1038 2207 eiusdem
1066 2175 1125 2206 Lu-

385 2229 488 2262 dovici
515 2228 714 2270 1·cgis,cuius
740 2228 905 2270 praeclara
932 2227 961 2260 in
989 2228 1125 2260 catholi-

385 2292 453 2315 cam
479 2281 574 2314 sidem
601 2286 632 2313 ct
657 2280 774 2313 Sedcin
801 2281 1021 2323 Apostolicain
1059 2291 1124 2313 me-

386 2335 446 2368 rita
470 2335 501 2367 in
528 2334 596 2367 dics
629 2334 741 2376 augeri
779 2333 1016 2376 conspicimus,
1043 2334 1125 2366 desi-

386 2387 485 2420 deriis
512 2397 656 2419 annuere
675 2387 830 2426 volenteS,
851 2396 887 2418 cx
910 2389 995 2418 certa
1021 2386 1125 2419 scien-

387 2441 561 2484 tia,de‹1ue
582 2440 780 2484 apostolicae
798 2440 967 2483 potestatis
985 2440 1126 2483 plenitu-

386 2494 483 2532 dine,
509 2504 545 2526 ac
581 2493 817 2526 venerabilium
855 2493 951 2525 etiam
990 2493 1125 2526 fratrum

387 2551 570 2579 nostrornm
589 2546 773 2589 praedictae
788 2545 1124 2579 S.R.E.cardinalium

424 2610 434 2637 1
458 2607 528 2635 Edit.
550 2607 628 2635 llain.
651 2607 716 2644 legit
732 2608 916 2644 praepositae
936 2609 973 2644 (a.
990 2609 1038 2644 aa).

1170 421 1212 454 sis
1238 430 1296 464 per
1321 419 1540 452 venerabilem
1559 419 1689 451 fratrem
1716 425 1860 452 nostrum
1878 430 1905 452 e-

1171 475 1338 517 piscopum
1356 473 1559 512 AEducnscm,
1574 484 1590 506 a
1608 473 1786 506 venerabili
1809 473 1904 506 etiam

1169 528 1266 560 fratre
1293 532 1401 559 nostro
1422 526 1670 569 archiepiscopo
1688 526 1903 569 Lugdunensi‚

1169 580 1207 612 ad
1242 579 1304 612 hoc
1329 579 1496 621 negotium
1524 579 1762 612 terminandum
1789 579 1827 612 ab
1853 581 1906 612 ea-

1169 632 1241 665 dem
1266 632 1347 665 Sede
1372 632 1554 675 Apostolica
1585 632 1617 664 in
1650 632 1904 666 commissarium

1170 687 1294 724 electo,
1321 685 1589 727 sobac-legatum,
1617 685 1800 728 assignata,
1826 685 1906 719 deli-

1169 738 1377 778 neaita²,cu1n
1400 738 1549 771 omnibus
1575 738 1640 771 suis
1665 738 1848 771 confinibus
1873 744 1906 772 ct

1170 791 1328 831 terminis,
1356 801 1438 834 quae
1465 791 1496 823 in
1521 791 1725 825 latitudinem
1752 797 1782 824 et
1807 792 1906 834 longi-

1170 845 1311 877 tudinem
1338 855 1396 887 per
1421 845 1626 887 septuaginta
1660 845 1803 888 quinque
1838 845 1907 878 mil·

1168 898 1258 931 liaria
1283 898 1391 931 italica
1409 908 1443 931 sc
1462 899 1648 939 extendunt,
1668 905 1698 931 et
1717 899 1800 931 intra
1825 909 1906 942 quae

1169 951 1341 984 ducentum
1367 957 1398 983 et
1418 952 1594 994 nonaginta
1619 952 1804 995 parochiae,
1832 963 1907 985 cen-

1169 1009 1232 1036 tum
1259 1010 1289 1037 et
1316 1004 1444 1046 triginta
1472 1003 1613 1037 fidelium
1639 1005 1738 1038 millia
1764 1006 1908 1049 eomple-

1168 1062 1302 1097 etentes,
1330 1063 1551 1097 numerantur,
1572 1058 1611 1090 ab
1630 1058 1794 1090 ordinaria
1812 1059 1906 1092 iuris-

1169 1109 1309 1142 dictione
1329 1109 1405 1142 dicti
1424 1110 1568 1154 episcopi
1594 1110 1808 1153 Lingonensis
1827 1111 1906 1154 (inis

1170 1168 1273 1195 tamen
1296 1163 1463 1205 sexaginta
1481 1163 1723 1206 parochialibus
1750 1165 1905 1205 ecclesiis,

1169 1227 1248 1260 quas
1275 1216 1461 1260 praedictos
1495 1216 1671 1260 episcopus
1696 1217 1908 1259 Lingonensis

1169 1270 1201 1302 in
1234 1275 1306 1302 actu
1339 1269 1385 1302 sui
1419 1272 1596 1303 consensus
1629 1281 1728 1313 super
1759 1271 1820 1304 hoc
1846 1271 1907 1304 sibi

1170 1324 1320 1367 expresse
1346 1324 1536 1364 reservarit,
1564 1324 1726 1357 dumtaxat
1750 1325 1906 1368 exceptis,

1170 1387 1251 1419 quae
1272 1376 1330 1409 sub
1356 1377 1500 1410 eiusdem
1526 1377 1671 1420 episcopi
1692 1378 1908 1420 Lingonensis

1170 1429 1393 1463 iurisdictione
1418 1435 1450 1463 ct
1475 1431 1703 1474 superioritate
1737 1441 1908 1465 remanere

1170 1483 1340 1526 debeant),
1368 1483 1407 1516 de
1445 1484 1514 1516 eius
1553 1494 1705 1527 expresso
1732 1495 1906 1525 consensu,

1171 1537 1347 1581 apostolica
1384 1537 1575 1571 auctoritate
1609 1548 1816 1581 separamus,
1843 1538 1909 1571 dis-

1170 1592 1395 1630 membramus
1423 1601 1632 1633 segregamus
1659 1596 1690 1623 et
1715 1591 1906 1631 diridimus;

1169 1645 1324 1688 illudque,
1350 1655 1386 1677 ac
1412 1644 1479 1677 eius
1505 1646 1647 1684 clerum,
1674 1655 1799 1678 necnon
1826 1645 1908 1678 dile-

1170 1703 1254 1730 ctum
1272 1696 1372 1729 filium
1388 1696 1653 1730 archidiaconum
1669 1697 1907 1739 Divionensem,

1169 1749 1516 1792 archidiaconatusque
1549 1750 1675 1782 titulum
1708 1755 1739 1783 et
1772 1750 1909 1793 dignita-

1170 1809 1251 1843 tem,
1279 1803 1317 1836 de
1344 1803 1487 1836 eiusdem
1515 1803 1661 1836 moderni
1688 1803 1907 1837 archidiaconi

1169 1867 1340 1897 consensu,
1358 1856 1396 1888 ab
1422 1857 1558 1889 ecclesia
1584 1856 1779 1898 Lingonensi
1802 1857 1839 1890 ad
1862 1857 1910 1889 in-

1171 1910 1372 1953 frascriptam
1387 1910 1607 1943 cathedralem
1623 1910 1831 1943 ecclesiamS.
1845 1910 1910 1944 Ste—

1169 1963 1266 2006 phani
1286 1963 1508 1996 Divionensem
1524 1963 1619 2004 (itaut
1637 1963 1794 2007 deinceps
1812 1964 1910 1997 infra-

1168 2017 1307 2061 scripta⁸
1329 2016 1486 2049 dioecesis
1512 2017 1715 2050 Divionensis
1739 2019 1774 2050 ca
1799 2023 1909 2051 aucto-

1170 2071 1263 2102 ritate
1282 2071 1413 2113 polleat,
1427 2070 1464 2102 iis
1481 2070 1660 2103 honoribus
1679 2075 1711 2102 ct
1729 2070 1908 2113 privilegus

1169 2123 1318 2165 gaudeat,
1345 2134 1383 2155 ca
1408 2123 1517 2155 munia
1542 2123 1647 2163 obeat,
1666 2133 1783 2165 easque
1805 2124 1909 2157 cccle-

1169 2175 1254 2216 sias,
1290 2175 1464 2218 pracdictis
1492 2181 1596 2208 tamen
1635 2175 1720 2208 dicto
1753 2175 1908 2219 episcopo

1169 2228 1364 2271 Lingonensi
1384 2234 1417 2261 ut
1434 2228 1617 2271 praefertur
1634 2228 1801 2261 reservatis
1823 2229 1909 2261 sinii-

1169 2283 1244 2314 liter
1269 2282 1434 2314 dumtaxat
1460 2281 1623 2324 exceptis,
1652 2281 1755 2325 iisque
1793 2281 1908 2315 additis

1169 2345 1248 2379 quas
1265 2335 1274 2351 ⁴
1299 2335 1374 2368 olim
1400 2335 1503 2368 dictae
1530 2335 1722 2378 collegiatae
1752 2335 1908 2369 ccclesiae

1206 2434 1213 2459 1
1240 2432 1309 2458 Edit.
1332 2431 1412 2459 Maia.
1433 2432 1497 2466 legit
1516 2432 1626 2467 iuteyre
1645 2435 1685 2459 (n.
1703 2432 1754 2463 τ.).

1203 2476 1219 2502 2
1237 2475 1284 2502 Ed.
1298 2476 1334 2502 M.
1353 2475 1415 2502 hab.
1426 2477 1618 2511 assignatam,
1632 2477 1806 2504 delineatam
1814 2477 1907 2509 (nfra).

1203 2521 1219 2547 3
1234 2520 1262 2546 Ni
1275 2520 1381 2553 legend.
1394 2520 1428 2546 sit
1440 2521 1588 2555 episcopus
1598 2521 1807 2555 infrascriptae
1818 2521 1907 2554 (aaz).

1202 2565 1218 2591 [ι
1236 2564 1352 2591 Pessime
1369 2564 1433 2591 edit.
1449 2564 1530 2591 Main.
1549 2565 1612 2600 legit
1627 2566 1754 2600 exceptis
1769 2565 1817 2599 iis,
1834 2573 1908 2601 quae

1169 2609 1287 2643 additis,
1310 2617 1378 2644 quos
1401 2612 1438 2644 (a.
1459 2610 1508 2643 τ.>.
