2182 3137
173 206 222 231 Aa.
244 204 273 231 c.
294 204 362 231 1⁷30
407 195 472 229 206

199 267 220 296 fn
237 268 261 287 aa
280 270 357 287 uesta<
415 255 430 297 g
455 253 507 287 10.
534 255 578 286 Ac
603 258 775 296 praeterea
799 254 950 287 omnibus
984 259 1015 287 et
1048 255 1114 287 sin-

176 293 455 349 {2¹¹⁵,3’3202'22111‘iigulis
481 306 512 339 in
532 307 744 341 universitate
762 318 779 340 a
796 307 942 351 praefato
960 307 1113 351 Philippo

173 347 357 393 ξιῗῖἰιῖιῗεῗῗῖἷὲἷῗ
370 371 445 402 rege
479 365 513 392 ut
549 360 735 403 praefertur
767 362 876 393 erecta
913 366 944 393 et
981 361 1114 394 fundata

174 402 356 454 {ssfssfflfflssl'ffifiss
370 419 400 445 et
440 424 458 446 a
492 413 586 446 nobis
627 424 687 456 per
722 419 913 456 praesentes
945 414 1039 447 etiam
1080 420 1114 447 nt

174 452 557 508 t¹S{'³⁰2¹„a‘.}1³;5.¹.Tpraeferun-
589 466 770 510 approbata
804 467 991 500 huiusmodi
1025 477 1113 500 nunc

173 508 231 524 ‘'⁶¹⁸''
369 524 400 550 ct
432 529 492 562 pro
519 522 665 562 tempore
691 519 901 552 existentibus
934 520 1109 562 praefatis,

369 571 422 613 qui
442 571 579 613 singulis
604 582 662 614 per
682 571 884 614 praeinserta
910 577 1030 606 statuta
1056 572 1112 604 hn-

371 624 509 656 iusmodi
529 625 656 657 statutis
675 624 788 657 diebus
806 635 881 657 vere
901 625 1110 668 poenitentes

368 683 400 708 et
436 677 576 709 confessi
609 688 644 710 ac
676 679 767 710 sacra
804 678 1034 710 communione
1062 688 1111 710 re-

368 729 444 761 fecti
468 729 500 761 in
525 730 650 772 capella
671 740 728 763 seu
755 730 896 763 oratorio
922 730 1109 762 huiusmodi

368 783 437 824 pias
455 783 494 815 ad
513 782 610 815 Deum
636 793 695 826 pro
720 788 847 816 sanctae
869 783 980 815 matris
1001 783 1111 815 Eccle-

369 835 436 867 siae
455 835 659 875 exaltatione,
678 835 847 868 haeresum
874 836 1108 879 extimatione,

370 889 609 921 haereticorum
630 894 661 921 et
679 889 855 922 infidelium
874 889 1106 928 conversione,

367 940 552 984 principum
586 941 836 974 christianorum
874 952 953 984 pace
978 947 1010 974 et
1035 951 1108 972 con-

366 994 489 1034 cordia,
509 1005 545 1027 ac
563 995 695 1026 Romani
710 994 872 1027 Pontificis
887 1004 945 1036 pro
960 998 1108 1036 tempore

365 1048 534 1081 existentis
560 1048 662 1080 salute
687 1057 802 1090 preces
827 1046 1021 1086 effuderint,
1048 1046 1110 1088 ple-

365 1099 490 1131 nariam
509 1099 652 1131 omnium
680 1104 887 1141 peccatorum
909 1109 1040 1131 suornm
1060 1109 1109 1130 vc-

366 1153 451 1185 niam
478 1158 509 1185 et
542 1153 766 1185 remissionem
792 1153 904 1185 eadent
933 1152 1109 1194 apostolica

364 1206 556 1238 auctoritate
581 1206 676 1238 etiam
709 1210 870 1249 perpetuo
903 1205 1108 1238 concedimus

364 1265 396 1291 ct
421 1259 608 1301 elargimur.

195 1321 217 1357 3⁰
234 1322 353 1350 ausuro-
409 1313 423 1355 ἓ
449 1311 502 1344 11.
530 1311 679 1352 Necnon,
706 1317 740 1343 nt
764 1311 797 1344 in
823 1312 927 1344 dictae
952 1311 1108 1344 universi-

169 1347 351 1402 fj'ffxfssnfjssi'ss'fissij
365 1365 437 1397 tatis
462 1376 480 1397 a
504 1364 652 1407 praefato
686 1364 838 1407 Philippo
863 1375 940 1406 rege
961 1370 994 1396 ut
1019 1374 1109 1407 prae-

170 1399 274 1419 u'ncedn'
365 1419 466 1451 fertur
491 1423 616 1451 erectae
643 1423 675 1449 et
712 1418 866 1450 fundatae
900 1422 932 1449 et
969 1428 986 1450 a
1011 1417 1107 1450 nobis

365 1482 424 1514 per
448 1476 640 1514 praesentes
665 1470 761 1503 etiam
787 1476 821 1502 ut
845 1471 1031 1513 praefertur
1054 1481 1108 1513 ap-

366 1524 523 1567 probatae
555 1523 771 1567 typographia
796 1534 908 1557 omnes
934 1529 966 1556 et
997 1523 1108 1566 singu-

365 1578 414 1610 lae
440 1577 668 1610 conclusiones
695 1577 727 1609 in
753 1580 789 1609 ea
815 1577 1050 1620 proponendae
1076 1581 1108 1610 et

363 1631 578 1671 definiendae,
608 1641 737 1664 necnon
770 1631 939 1673 privilegia
969 1632 997 1663 ei
1031 1642 1107 1664 con-

362 1694 463 1721 cessa,
489 1695 526 1716 ac
550 1684 756 1726 praeinserta
794 1690 912 1716 statuta
949 1684 1048 1724 edita,
1076 1690 1107 1717 et

365 1748 424 1780 pro
450 1738 538 1770 bono
566 1737 711 1769 eiusdem
733 1737 949 1769 univcrsitatis
976 1749 991 1770 a
1018 1748 1107 1780 prae·

364 1791 430 1823 fato
463 1790 616 1833 Philippo
649 1800 726 1832 rege
759 1796 793 1822 ut
829 1791 1013 1833 praefertur
1037 1802 1106 1824 erc-

364 1843 433 1875 clae
459 1849 489 1875 et
523 1843 673 1875 fundatae
699 1849 730 1875 et
754 1854 770 1875 a
795 1844 890 1876 nobis
921 1855 981 1886 per
1013 1855 1106 1887 prae-

363 1901 473 1928 sentes
501 1895 597 1927 etiam
626 1901 660 1927 ut
686 1896 868 1938 praefertur
893 1897 1103 1939 approbatae,

362 1959 398 1981 ac
423 1948 635 1987 scholarium,
664 1949 833 1988 lectorum,
865 1950 1105 1991 magistrorum,

360 2006 634 2044 praeceptorum,
661 2001 853 2041 doctorum,
880 2003 1077 2036 bidellorun]
1096 2030 1103 2042 ,

362 2054 566 2097 aliorumque
592 2054 819 2087 ministrorum
846 2055 1033 2088 huiusmodi
1059 2066 1106 2088 re-

360 2105 483 2148 gimine
509 2116 569 2149 pro
608 2111 755 2149 tempore
792 2107 919 2140 edenda
951 2108 1105 2147 decreta,

359 2159 483 2201 absque
508 2158 576 2191 ullo
603 2159 677 2198 alio,
695 2170 791 2202 quam
808 2159 896 2192 illius
914 2161 1104 2194 scholastici

360 2219 447 2241 nunc
472 2214 503 2242 et
528 2220 588 2252 pro
615 2214 764 2252 tempore
783 2211 948 2243 existentis
967 2213 1106 2254 permis-

359 2272 406 2302 su,
429 2262 480 2295 edi
508 2269 539 2295 et
564 2263 676 2305 praelo
696 2263 765 2296 dari
783 2263 919 2306 possint,
942 2264 1103 2298 licentiam

361 2315 575 2358 impartimur.

214 2387 348 2407 smmum
404 2369 420 2411 ᾗ
444 2368 498 2400 12.
529 2368 642 2408 Porro,
662 2374 697 2400 ut
721 2370 843 2402 salubri
870 2375 902 2402 et
928 2370 1014 2403 felici
1035 2371 1105 2403 uni-

166 2414 255 2459 ffflssiss'ss
289 2419 348 2460 5351}ss
361 2421 522 2453 versitatis
547 2433 564 2454 a
601 2422 748 2465 praefato
779 2423 930 2466 Philippo
964 2434 1040 2466 rege
1071 2429 1105 2456 ut

166 2466 546 2517 ssffffiffifff‘gf'c2,iss'praefertur
571 2481 700 2509 erectae
727 2482 759 2509 et
782 2477 936 2511 fundatae
955 2482 985 2512 et
1010 2490 1027 2511 a
1051 2489 1105 2511 no-

167 2519 236 2543 ¹⁸⁸³¹·
259 2524 410 2559 eumqu‘’bis
435 2538 494 2570 per
519 2535 709 2571 praesentes
728 2529 824 2562 etiam
855 2535 890 2562 ut
920 2532 1104 2574 praefertur

168 2546 259 2564 iudicem
270 2546 289 2565 in
298 2551 349 2565 cau-

168 2578 195 2590 m
209 2572 235 2591 ²⁴³
247 2577 292 2592 ‘²¹²¹
304 2577 350 2598 ⁸¹³²*
361 2580 562 2623 approbatae
588 2581 775 2615 huiusmodi
806 2583 956 2625 regimini
988 2593 1105 2616 consu-

954 206 1136 230 BULLARIUM
1162 207 1318 231 ROMANUM

1909 301 1985 322 stituit.

1157 313 1306 352 tempore
1332 310 1524 343 existentem
1550 311 1742 353 praefatum,
1760 312 1792 344 in
1818 312 1898 345 eius-

1157 362 1230 394 dem
1257 363 1477 396 universitatis
1514 374 1531 396 a
1568 365 1713 407 praefato
1745 365 1897 409 Philippo

1155 424 1231 457 rege
1258 421 1293 447 ut
1317 416 1499 459 praefertur
1528 423 1657 450 erectae
1687 423 1717 450 et
1746 418 1897 451 fundatae

1156 473 1189 500 ct
1207 478 1224 500 a
1240 469 1335 501 nobis
1354 479 1413 512 per
1430 475 1619 512 praesentes
1637 470 1732 503 etiam
1757 476 1792 502 ut
1809 481 1899 513 prae·

1156 520 1258 553 fertur
1294 522 1494 565 approbatae
1520 523 1751 556 cancellarium
1785 528 1816 556 et
1845 533 1898 555 re-

1155 578 1298 614 ctorem,
1337 585 1437 617 penes
1475 586 1571 618 quem
1606 576 1759 608 universa
1794 575 1897 618 ipsius

1153 624 1372 658 universitatis
1408 637 1426 658 a
1457 627 1604 668 praefato
1629 627 1783 669 Philippo
1820 636 1896 668 rege

1154 682 1189 708 ut
1221 679 1403 720 praefertur
1428 685 1558 712 erectae
1584 685 1617 712 et
1642 680 1793 712 fundatae
1822 684 1853 712 et
1878 689 1896 710 a

1154 729 1248 761 nobis
1274 740 1333 772 per
1358 736 1550 772 praesentes
1569 730 1664 762 etiam
1694 735 1728 762 ut
1752 730 1898 772 praefer·

1154 785 1204 811 tur
1240 781 1439 823 approbatae
1472 781 1658 813 huiusmodi
1691 790 1777 820 cura,
1810 779 1897 821 regi-

1153 842 1240 872 men,
1268 833 1506 866 administratio
1539 844 1575 866 ac
1610 833 1804 871 iurisdictio,
1831 838 1895 865 tam

1153 884 1253 917 civilis
1279 897 1375 929 quam
1401 887 1592 926 criminalis,
1620 892 1650 919 et
1685 891 1749 918 tam
1783 885 1896 928 guber-

1152 937 1258 970 nativa
1283 950 1378 982 quain
1404 941 1624 980 oeconomica,
1650 939 1696 971 uti
1722 949 1836 971 verum
1863 943 1896 970 et

1153 988 1332 1031 legitimum
1367 994 1453 1026 illius
1486 995 1683 1036 praesulem,
1710 997 1835 1035 patrem
1862 995 1894 1023 et.

1153 1044 1294 1076 iudicem
1311 1072 1318 1084 ‚
1352 1046 1509 1088 privative
1535 1045 1641 1088 quoad
1668 1052 1894 1087 quoscumque

1153 1097 1252 1136 alios,
1287 1098 1384 1139 plene
1418 1098 1559 1130 resideat
1584 1098 1653 1139 (ita
1677 1097 1764 1139 quod
1796 1095 1894 1128 liceat

1152 1150 1351 1182 scholastico
1376 1160 1461 1182 nunc
1487 1156 1517 1183 et
1546 1160 1607 1193 pro
1643 1154 1793 1191 tempore
1828 1146 1895 1179 exi-

1152 1203 1248 1234 stenti
1275 1203 1420 1245 praefato
1446 1203 1555 1235 omnia
1590 1208 1621 1235 et
1654 1201 1785 1243 singula
1810 1200 1895 1232 eius-

1154 1255 1226 1287 dem
1254 1257 1475 1290 universitatis
1510 1268 1527 1289 a
1562 1257 1709 1299 praefato
1738 1254 1893 1297 Philippo

1152 1318 1229 1351 rege
1256 1316 1289 1342 ut
1323 1312 1504 1353 praefertur
1529 1316 1658 1343 erectae
1683 1315 1715 1342 et
1740 1309 1893 1341 fundatae

1153 1368 1185 1395 et
1219 1374 1237 1395 a
1270 1365 1365 1396 nobis
1402 1375 1462 1407 per
1497 1369 1687 1408 praesentes
1726 1364 1823 1397 etiam
1857 1368 1894 1395 ut

1152 1417 1336 1459 praefertur
1361 1419 1557 1461 approbatae
1585 1418 1672 1451 bona
1697 1424 1729 1450 et
1766 1418 1836 1449 iura
1860 1415 1893 1449 in

1152 1471 1297 1504 eiusdem
1317 1472 1534 1505 universitatis
1547 1483 1563 1505 a
1578 1473 1723 1515 praefato
1739 1472 1893 1515 Philippo

1151 1536 1227 1568 rege
1253 1531 1287 1558 nt
1312 1526 1498 1569 praefertur
1523 1532 1650 1559 erectae
1677 1532 1708 1559 et
1739 1526 1892 1559 fundatae

1151 1590 1187 1612 ac
1205 1590 1221 1611 a
1240 1580 1333 1612 nobis
1347 1590 1406 1622 per
1419 1585 1609 1622 praesentes
1628 1580 1724 1612 etiam
1751 1586 1787 1612 ut
1801 1590 1894 1623 prae-

1152 1633 1254 1666 fertur
1277 1634 1476 1676 approbatae
1500 1633 1674 1665 utilitatem
1704 1638 1736 1666 et
1764 1644 1893 1667 conser-

1150 1687 1322 1725 vationem,
1347 1696 1475 1718 necnon
1502 1692 1726 1728 augmentum,
1754 1687 1894 1720 admini-

1150 1746 1253 1772 strare
1281 1746 1311 1771 ct
1337 1739 1527 1778 defendere,
1547 1744 1578 1771 et
1596 1750 1653 1772 seu
1671 1740 1891 1774 administrari

1151 1798 1181 1825 et
1205 1793 1336 1825 defendi
1364 1793 1483 1831 facere,
1507 1803 1634 1825 necnon
1661 1793 1776 1834 studia,
1797 1794 1893 1827 scho-

1150 1847 1209 1885 las,
1228 1846 1410 1885 scholares,
1428 1846 1614 1888 magistros,
1630 1848 1781 1886 lectores
1800 1859 1893 1890 prae-

1149 1905 1320 1942 ceptores,
1348 1899 1525 1938 doctores,
1552 1899 1708 1939 bideHOS,
1745 1900 1893 1944 aliosque

1149 1951 1316 1983 ministros
1342 1951 1421 1983 inibi
1448 1962 1506 1994 pro
1534 1957 1679 1994 tempore
1714 1952 1890 1986 existentes

1150 2004 1310 2046 dirigere,
1336 2004 1486 2045 visitare,
1512 2005 1678 2047 corrigere
1704 2010 1736 2037 et
1760 2006 1891 2048 punire,

1149 2067 1277 2089 necnon
1303 2067 1524 2100 quascumque
1546 2057 1618 2089 lites
1636 2062 1668 2089 et
1685 2068 1807 2098 causas,
1827 2063 1893 2091 tarn

1149 2110 1258 2142 civiles
1280 2120 1375 2152 quam
1401 2110 1598 2149 criminales,
1625 2109 1743 2142 dictam
1764 2110 1891 2143 univer-

1149 2162 1275 2194 sitatem
1290 2172 1306 2194 a
1320 2162 1466 2204 praefato
1480 2162 1633 2205 Philippo
1648 2172 1726 2204 rege
1755 2167 1790 2194 ut
1802 2173 1891 2205 prae-

1150 2216 1252 2247 fertur
1279 2221 1422 2248 erectam
1448 2221 1480 2247 et
1504 2216 1669 2248 fundatam
1698 2221 1729 2247 et
1754 2225 1771 2248 a
1795 2215 1891 2248 nobis

1147 2279 1206 2311 per
1230 2274 1422 2311 praesentes
1449 2268 1545 2301 etiam
1569 2274 1603 2300 nt
1628 2269 1811 2311 praefertur
1835 2279 1892 2312 ap-

1147 2321 1318 2364 probatam
1345 2326 1535 2363 tangentes,
1562 2322 1657 2354 etiam
1684 2321 1769 2354 inter
1800 2322 1892 2355 scho-

1148 2374 1241 2413 lares,
1268 2375 1420 2414 tectores,
1440 2374 1625 2416 magistros,
1644 2380 1889 2418 praeceptores,

1148 2427 1319 2466 doctores,
1346 2426 1501 2467 bidellos,
1541 2427 1687 2470 aliosque
1725 2427 1891 2461 ministros

1147 2479 1324 2521 praefatos,
1344 2484 1508 2512 eteorum
1534 2480 1723 2523 quemlibet,
1750 2491 1786 2513 ac
1810 2481 1889 2513 alias

1147 2542 1183 2564 ex
1209 2533 1272 2564 una
1297 2538 1329 2564 et
1353 2532 1455 2565 attera
1475 2532 1622 2576 partibus
1640 2544 1725 2566 nunc
1743 2533 1891 2566 introdu-

1147 2590 1215 2617 ctas
1242 2590 1274 2617 et
1298 2586 1496 2628 pendentes,
1516 2592 1547 2619 et
1564 2597 1624 2630 pro
1642 2592 1790 2630 tempore
1815 2597 1891 2630 quo-

1907 213 1958 239 An.
1978 212 2008 239 C.
2025 212 2102 240 1730*

1155 256 1273 297 lamus,
1301 256 1387 289 illius
1413 257 1644 291 scholasticum
1669 269 1756 291 nune
1781 264 1814 292 et
1836 270 1897 303 pro
1909 274 2015 296 crantibus
2039 279 2094 295 cou-
2140 283 2144 291 ·
