2182 3137
202 198 251 225 An.
273 197 300 224 cv
321 196 389 224 1730
438 187 480 222 76

396 245 525 275 niensium
540 254 586 273 seu
603 243 852 282 determinamlimt,
871 247 933 273 ante
946 253 998 283 per
1016 244 1135 284 aliquem

396 294 430 322 ad
451 294 498 322 lior
520 294 687 331 (lesiynulnm
711 293 740 321 in
759 293 872 331 publici?
891 293 1032 323 andienliri
1055 295 1135 323 lolius

392 342 529 379 generalis
551 341 667 379 capituli
686 345 886 380 proponuntur,
909 343 964 371 nisi
990 342 1058 371 talia
1080 343 1135 372 sint

394 400 462 428 qnae
483 390 581 419 ibidem
605 400 654 418 non
671 390 763 419 deceat
776 390 927 428 publicari.
952 390 1027 426 Quae
1045 396 1135 420 antem

394 439 499 476 fuerint
527 447 578 476 per
599 438 703 467 eosdem
725 439 862 476 ordinata,
886 443 998 474 statuta,
1022 440 1134 478 definita

393 496 440 515 seu
462 487 650 521 determinata,
669 486 766 516 nllinni
789 487 832 516 die
854 488 970 527 capituli
992 489 1021 517 in
1042 489 1135 518 eudem

394 535 532 564 audientis?
562 545 612 573 prr
637 540 744 574 patrem
765 536 920 573 generalem
942 546 989 566 seu
1011 545 1061 576 per
1083 538 1135 567 ali-

394 594 471 622 quem
505 584 699 622 definitorum,
735 594 813 622 quem
845 585 902 624 ipse
936 587 1132 624 assignaverit,

391 632 581 670 perleguntur.
617 632 715 661 Omnia
746 642 811 661 vero
843 643 911 672 qnae
944 634 974 663 in
1013 634 1134 673 capitulo

391 681 515 719 generali
535 682 642 720 fuerint
664 685 791 719 tractate,
809 682 893 716 dicta,
910 692 958 712 seu
973 683 1134 712 determina-

393 734 431 767 ta,
455 730 482 759 in
505 734 606 759 secreto
625 731 737 768 penitus
760 735 917 769 teneantur,
941 732 1023 761 donee
1042 734 1133 771 ipsum.

393 778 545 817 capitulum
577 779 611 807 sit
642 779 762 817 finitum.
786 779 818 809 Si
850 783 941 809 tamen
972 780 1039 810 talia
1065 783 1131 817 sint,

393 836 461 865 qaue
482 827 588 855 utililas
602 828 670 865 petit
692 837 739 856 seu
762 828 885 857 honestas
907 829 1031 858 admonet
1053 833 1081 858 nt
1105 830 1133 858 in

393 876 518 904 notitiam
549 875 696 905 mullorum
729 885 781 905 non
813 877 947 915 veniant,
975 877 1133 906 nullatenus

392 922 530 961 aliquibus
562 924 729 962 temporibus
760 925 926 955 revelentur.
957 925 1012 961 Qui
1043 930 1133 955 (tutem

392 973 560 1001 contrarium
584 973 693 1011 fecerit,
717 973 803 1002 debite
822 974 970 1012 puniatur.

630 1056 891 1078 EXTRAVAGANTES.

212 1142 250 1166 Qui
268 1141 381 1162 mlum,
431 1127 450 1148 1.
475 1119 538 1149 Non
561 1119 674 1159 possint
695 1119 763 1157 eligi
780 1119 809 1149 in
826 1120 995 1150 definitores
1011 1121 1132 1160 capituli

198 1169 380 1218 JffiinfllgmsslsticiO
391 1168 535 1206 generalis
564 1177 660 1208 neque
684 1172 782 1208 patres
804 1169 926 1208 capituli
950 1169 1056 1208 privati
1080 1170 1133 1200 im-

392 1217 516 1247 mediate
532 1217 737 1256 praecedentis
752 1218 894 1257 deputati,
912 1228 1006 1258 neque
1025 1220 1132 1259 aliquis

393 1266 523 1296 omnium
544 1266 729 1296 visitatorum
752 1268 936 1305 generalium
959 1278 1042 1298 suam
1065 1270 1133 1299 visi-

392 1316 532 1346 tationem
554 1315 583 1345 in
607 1315 684 1346 dicto
707 1316 837 1353 generali
869 1317 997 1356 capitulo
1031 1318 1131 1348 termi-

391 1366 544 1403 nantium,
569 1365 619 1404 qui
641 1365 779 1395 similiter
811 1375 870 1395 non
903 1370 1040 1405 poterunt
1064 1368 1130 1406 eligi

391 1414 421 1444 in
444 1414 596 1453 deputatos
619 1414 738 1453 capituli
762 1415 869 1453 privati
901 1416 1030 1445 triennio
1062 1426 1132 1447 suae

391 1463 579 1501 visitationis,
604 1472 657 1493 nec
680 1463 805 1503 denique
829 1463 905 1494 ullus
934 1473 969 1494 ex
999 1465 1133 1496 delinito-

391 1512 476 1542 ribus
492 1513 610 1551 capituli
627 1513 772 1551 generalis
787 1513 955 1544 immediate
969 1515 1131 1554 praeteriti,

391 1565 423 1591 ut
437 1568 554 1591 suorum
573 1571 726 1592 munerum
743 1566 772 1592 et
787 1563 949 1593 officiorum
966 1563 1078 1602 possint
1090 1573 1134 1594 re-

392 1610 516 1640 sidentia
532 1612 540 1628 ²
563 1611 667 1641 subiici
684 1616 712 1641 et
728 1612 873 1642 rationem
896 1612 1028 1643 reddere.
1054 1612 1132 1648 Quae

393 1659 489 1689 omnia
518 1670 533 1689 a
555 1661 636 1689 sacra
660 1661 893 1699 Congregatione
926 1661 1131 1701 episcoporum

393 1712 421 1738 et
444 1709 620 1747 regularium
647 1713 714 1739 sunt
741 1709 898 1749 approbata
929 1713 957 1740 et
983 1710 1132 1741 observari

393 1758 538 1787 mandata.

240 1832 261 1853 tn
287 1833 382 1859 quotibet
432 1815 462 1836 11.
490 1807 532 1836 Ex
566 1807 703 1846 professis
736 1807 823 1837 unius
856 1811 884 1838 et
913 1808 1042 1838 eiusdem
1072 1818 1132 1839 mo-

197 1852 328 1905 mqnajtklrw
345 1857 514 1906 du-nasterii
531 1867 587 1886 non
609 1858 698 1896 possit
721 1867 784 1887 esse
807 1867 860 1887 nec
883 1858 951 1896 eligi
974 1858 1031 1888 nisi
1055 1869 1131 1890 unus

197 1889 380 1939 'sigilii-“Etissi'pfsss
392 1905 572 1935 solummodo
595 1906 742 1945 delinitor,
761 1916 857 1946 neque
873 1907 954 1946 prior
977 1911 1005 1937 et
1026 1900 1131 1947 procu-

197 1942 231 1960 ω’
391 1959 470 1984 rator
485 1955 572 1984 unius
588 1954 766 1991 monasterii,
791 1956 925 1995 quamvis
946 1956 1128 1986 diversorum

390 2003 635 2033 monasteriorum
653 2004 774 2043 professi
798 2004 827 2033 in
850 2004 1020 2034 definitores
1042 2005 1128 2035 simul

391 2051 459 2089 eligi
492 2052 602 2091 pariter
634 2052 761 2082 valeant.
786 2052 885 2087 Quoad
918 2053 1128 2083 monasterium

389 2109 458 2129 vero
479 2099 508 2130 S.
526 2100 738 2130 Bartholomaei
763 2105 913 2131 remaneat
944 2102 974 2131 in
1006 2111 1058 2132 suo
1088 2102 1130 2132 vi-

389 2158 458 2187 gore
481 2154 509 2179 et
531 2149 558 2178 vi
581 2149 799 2179 constitutionis
827 2151 998 2190 dispositio:
1023 2161 1129 2191 nempe

390 2197 466 2236 quod
499 2197 574 2227 ultra
609 2198 733 2236 priorem
758 2202 785 2228 et
809 2203 1025 2237 procuratorem
1059 2200 1128 2238 eligi

389 2246 482 2286 possit
503 2247 533 2276 in
556 2247 739 2277 definitorem
769 2248 843 2277 alter
870 2249 1030 2279 monachus
1058 2250 1128 2279 dicti

389 2296 561 2325 monasterii
583 2296 613 2325 S.
630 2296 855 2332 Bartholomaci,
874 2297 923 2335 qui
946 2298 982 2327 sit
1006 2307 1128 2336 persona

389 2344 525 2374 notabilis
548 2349 576 2374 et
597 2345 736 2381 discreta,
760 2345 822 2375 loco
845 2349 873 2375 et
897 2355 1018 2376 numero
1041 2347 1128 2377 unius

390 2398 613 2431 procuratorum
645 2394 675 2424 in
709 2394 877 2424 definitores
910 2395 1125 2433 eligendorum,

389 2446 476 2480 prout
498 2443 526 2471 in
550 2442 614 2481 ipsa
637 2442 847 2472 constitutione
870 2443 1047 2482 disponitur.

195 2508 320 2530 Defiuttores
344 2514 379 2530 ca·
430 2499 470 2519 111.
496 2490 668 2520 Ilclinitores
691 2491 810 2529 capituli
827 2491 973 2529 generalis
990 2501 1047 2522 non
1064 2502 1128 2531 pos-

194 2536 379 2585 gflg¹limgg¹¹00ffi³0¹i¹g
390 2538 449 2568 sint
470 2539 499 2568 in
522 2549 555 2569 co
577 2539 645 2577 eligi
668 2539 696 2569 in
715 2539 880 2570 visitatores
896 2541 1057 2578 generales,
1076 2551 1128 2571 nec

429 2595 439 2620 1
461 2593 500 2620 An
520 2596 593 2622 recta
612 2593 690 2622 lectio
710 2593 813 2623 iudicet
832 2594 918 2624 lector
936 2593 1008 2624 scius
1028 2594 1127 2631 (mr.)-

982 195 1167 221 BULLARIUM
1189 195 1346 222 ROMANUM

1921 198 1975 226 An.
1996 198 2025 228 C.
2041 199 2110 229 1730

1179 251 1286 276 exeant
1308 255 1323 276 a
1351 245 1519 276 dessnitorio
1542 245 1651 286 provisi
1674 245 1740 277 aliis
1762 245 1866 277 officiis
1888 251 1917 278 et
1927 266 1952 281 ρο
1972 260 1991 281 ῑῃ
2015 261 2111 288 capitulo
2158 238 2164 272 .'

1179 295 1351 325 muneribus
1374 300 1491 335 praeter
1523 295 1572 325 illa
1606 295 1713 335 quibus
1738 295 1915 335 gaudebant,
1928 288 2020 340 ξζὲξξῇῗ
2061 293 2111 314 ³¹⁰⁰

1178 344 1294 382 quando
1316 344 1484 374 definitores
1507 344 1592 374 electi
1615 344 1756 382 suerunt;
1781 348 1918 383 poterunt

1179 396 1274 422 tamen
1307 392 1374 431 eligi
1409 393 1438 422 in
1458 391 1623 432 'deputatos
1655 393 1773 433 capituli
1798 393 1915 432 privati.

1178 441 1237 471 lloc
1259 441 1335 471 idem
1359 442 1531 472 observetur
1553 442 1583 472 in
1606 442 1728 482 capituli
1747 442 1851 482 privati
1870 442 1919 472 de-

1179 489 1305 528 putatis,
1327 490 1474 529 videlieet,
1501 494 1533 520 ut
1554 491 1590 521 de
1613 491 1711 530 aliquo
1734 491 1830 521 officio
1852 500 1919 531 pro-

1179 538 1269 568 videri
1293 547 1350 567 non
1371 539 1483 577 possint
1504 539 1534 568 in
1557 539 1658 570 eodem
1681 539 1822 579 capitulo.

1216 595 1255 617 iv.
1270 587 1476 618 Procuratores
1491 588 1661 618 definitores
1677 588 1803 618 habeant
1818 591 1917 619 votum

1177 635 1206 665 in
1235 636 1379 666 electione
1410 637 1542 676 priorum
1574 637 1726 667 domorum
1749 646 1890 667 novarum
1907 660 1915 676 ,

1177 693 1242 713 cum
1272 694 1330 714 non
1363 685 1476 724 possint
1508 686 1588 716 exire
1617 695 1631 715 a
1661 685 1829 716 definitorio
1851 685 1917 715 aliis

1177 733 1281 763 officiis
1305 734 1437 773 provisi,
1461 735 1511 764 sed
1534 735 1685 765 dumtaxat
1707 743 1773 764 cum
1805 734 1915 764 eisdem

1176 781 1283 821 quibus
1305 787 1372 812 ante
1394 783 1566 813 electionem
1592 783 1831 823 perfruebantur.

1216 839 1242 860 v.
1265 830 1297 860 In
1320 832 1452 870 sequenti
1485 831 1605 861 sabbato
1640 836 1703 871 post
1735 832 1860 862 electum
1889 835 1993 867 etnam
2010 852 2047 873 pro
2064 847 2111 869 pm.

1177 879 1381 910 confirmatum
1407 884 1517 919 patrem
1541 881 1718 919 generalem,
1741 884 1818 911 totus
1840 880 1917 912 Ordo
1927 874 2027 923 ffffiffl
2055 876 2112 896 ⁰⁹¹⁰·

1177 927 1305 957 celebret
1327 929 1445 958 missam
1468 929 1628 959 solemnem
1645 929 1848 959 defunctorum
1864 938 1917 969 pro

1177 976 1321 1006 catholico
1344 986 1411 1015 rege
1430 977 1568 1016 Philippo
1583 977 1607 1007 II
1630 978 1722 1007 felicis
1745 978 1915 1009 memoriae.

1217 1035 1255 1055 v1.
1278 1026 1454 1056 Procurator
1470 1027 1641 1056 monasterii
1657 1026 1686 1057 S.
1703 1027 1917 1058 Bartholomaei
1980 1042 2112 1064 Procurator

1177 1083 1234 1104 non
1258 1074 1295 1104 sit
1317 1074 1453 1105 definitor
1476 1085 1510 1105 ex
1533 1075 1716 1112 necessitate,
1737 1076 1788 1106 sed
1810 1076 1919 1115 poterit
1928 1069 1982 1116 {aas
1999 1069 2112 1116 ῗᾚὴῗῖἓῖ

1177 1123 1245 1162 eligi
1268 1124 1291 1153 si
1314 1123 1491 1154 electoribus
1513 1124 1542 1154 id
1573 1125 1730 1155 convenire
1756 1124 1916 1164 videbitur,
1928 1122 2021 1170 fg'jfam
2037 1122 2112 1143 defini-

1177 1172 1252 1202 sicut
1274 1172 1453 1202 declaratum
1475 1173 1530 1203 fuit
1552 1183 1566 1203 a
1590 1174 1671 1204 sacra
1687 1173 1917 1213 congregatione

1176 1221 1379 1260 episcoporum
1402 1226 1430 1252 et
1452 1221 1643 1260 regularium.

1217 1280 1265 1300 vn.
1289 1271 1332 1301 Ad
1354 1272 1514 1309 regulanda
1537 1271 1673 1310 suffragia
1695 1271 1847 1302 electionis
1868 1271 1917 1302 de·
1961 1289 1990 1309 ηε
2006 1289 2111 1314 suffragi„

1177 1320 1325 1350 finitorum
1342 1320 1401 1350 sint
1418 1325 1607 1360 scrutatores,
1625 1325 1653 1350 et
1668 1321 1807 1351 assistant
1828 1321 1916 1351 simul
1927 1316 2113 1364 {ffefffi-‘ssjffiwssgssffi

1176 1378 1242 1398 cum
1266 1369 1398 1408 praeside
1420 1370 1541 1409 capituli
1559 1374 1639 1408 pater
1654 1369 1799 1408 generalis
1817 1369 1918 1399 imme·
1927 1370 2025 1391 unorum.

1176 1416 1254 1446 diate
1272 1417 1424 1447 absolutus
1447 1427 1479 1447 ac
1501 1427 1602 1448 omnes
1624 1421 1652 1448 et
1682 1417 1789 1455 singuli
1817 1417 1918 1447 visita-

1177 1470 1253 1495 tores
1283 1466 1454 1504 generales3
1479 1466 1576 1505 aliquo
1610 1475 1679 1496 vero
1702 1466 1747 1496 vel
1770 1465 1918 1506 aliquibus

1176 1514 1295 1545 illorum
1317 1515 1534 1548 deficientibus.
1552 1515 1727 1554 subrogetur
1748 1515 1794 1545 vel
1816 1515 1918 1546 subro-

1175 1569 1281 1602 gentur
1312 1564 1443 1603 deputati
1475 1564 1596 1604 capituli
1619 1564 1725 1603 privati
1753 1564 1916 1595 secundum

1176 1621 1296 1643 suorum
1329 1612 1574 1642 monasteriorum
1604 1612 1820 1652 antiquitatem.
1844 1612 1916 1643 Visi-

1177 1666 1253 1692 tator
1275 1662 1425 1701 antiquior
1447 1662 1588 1692 Castellae
1611 1661 1741 1701 publicet
1768 1665 1797 1692 et
1823 1661 1918 1692 nomi-

1175 1714 1225 1740 net
1253 1711 1360 1740 electos
1392 1711 1423 1740 in
1455 1710 1647 1746 definitores,
1669 1714 1696 1740 et
1719 1710 1749 1740 in
1783 1709 1918 1740 absentia.

1175 1759 1254 1789 illius
1276 1759 1373 1789 socius
1392 1759 1593 1795 convisitator,
1609 1763 1637 1789 et
1652 1759 1682 1789 in
1697 1759 1851 1799 utriusque
1866 1758 1915 1789 de-

1175 1810 1263 1847 fectu,
1287 1808 1468 1848 subsequens
1487 1809 1620 1839 visitator
1642 1808 1803 1848 antiquior.

1214 1867 1274 1888 vni.
1299 1858 1431 1896 Eligendi
1465 1857 1495 1887 in
1527 1858 1694 1887 definitores
1728 1857 1853 1887 debeant
1880 1857 1917 1887 ad
1929 1863 2113 1894 copqiuonesm-

1175 1907 1271 1937 minus
1294 1907 1427 1936 extitisse
1454 1906 1499 1936 vel
1526 1907 1639 1945 priores
1671 1905 1716 1935 vel
1748 1905 1916 1936 visitatores
1927 1890 2112 1947 iiiiiiria‘iissiriiigss

1174 1956 1348 1995 generales,
1372 1956 1432 1985 sive
1455 1955 1579 1985 lectores
1602 1954 1717 1985 iubilati
1739 1954 1800 1984 sive
1833 1963 1917 1993 prae·
1928 1949 1956 1964 ’Ἲς
1973 1943 2110 1965 ⁶¹⁰⁶²¹⁰¹¹⁸¹²²'

1173 2005 1317 2035 dicatores
1349 2004 1447 2043 regiae
1480 2004 1640 2034 maiestatis
1663 2012 1728 2033 cum
1751 2003 1891 2033 exercitio
1905 2027 1914 2042 ,

1173 2054 1218 2084 vel
1240 2054 1371 2093 deputati
1395 2053 1500 2093 privati
1523 2053 1655 2092 capituli.

1399 2129 1591 2159 Cons'mrnrio
1613 2128 1686 2159 VIII.

1215 2201 1290 2230 Tunc
1311 2204 1474 2230 censeantur
1495 2201 1604 2230 onznino
1624 2201 1705 2239 firma
1727 2208 1914 2238 quaecumque
1935 2208 2011 2239 'Quae
2027 2208 2112 2230 ordina-

1171 2250 1356 2279 ordinationes
1383 2249 1428 2279 vel
1457 2253 1557 2278 stutulcz
1584 2249 1614 2278 in
1638 2248 1764 2287 generali
1790 2247 1912 2287 capitulo
1925 2235 2110 2292 Uffiissgfflzbggi

1170 2302 1260 2338 sacta,
1284 2309 1346 2329 cnm
1367 2309 1382 2328 α
1405 2298 1506 2328 (luobus
1526 2299 1652 2337 proasinn’
1673 2297 1846 2337 sequentibus
1867 2307 1912 2327 ca·
1924 2290 1968 2309 ΒΜ
1987 2288 2075 2310 ⁰¹⁰⁰*

1169 2349 1268 2388 pilulis
1289 2357 1415 2387 expresse
1436 2352 1562 2377 revocata
1585 2357 1635 2376 non
1658 2348 1776 2386 fuerint,
1799 2347 1912 2377 interim

1171 2402 1261 2427 minen
1280 2397 1407 2436 plenarie
1429 2396 1612 2426 observentur.
1630 2396 1704 2425 Ideni
1727 2405 1831 2435 qnoque
1850 2405 1912 2425 cen-

1171 2455 1259 2474 semus
1280 2446 1312 2474 ‹Ie
1334 2455 1502 2483 quacumque
1524 2445 1735 2484 dispensatione,
1754 2445 1789 2474 ad
1802 2444 1913 2473 relaxa-

1170 2495 1266 2523 tionem
1293 2494 1392 2531 rigsorz's
1416 2493 1530 2523 Ordinis
1550 2494 1719 2533 pertinente,
1741 2493 1828 2523 alicui
1855 2502 1911 2522 nto-

1172 2542 1353 2571 nusteriornm
1376 2552 1423 2572 seu
1443 2551 1579 2581 personae
1601 2541 1714 2572 Ordinis
1731 2551 1784 2580 per
1805 2541 1913 2580 capilu—

1171 2590 1228 2621 Ium
1247 2590 1375 2629 yenerale
1398 2593 1523 2624 concessa
1545 2591 1586 2622 vel
1603 2590 1785 2624 concedemlci.
1813 2589 1913 2621 Tamen

2164 2739 2168 2750 ff
2160 2718 2165 2726 ⁴
2164 2652 2173 2675 J«
2160 2547 2182 2643 »ξνςιςςι
2161 2367 2182 2531 &ms-⁴
2166 2342 2176 2358 κ
2159 2287 2175 2322 ἢκ,
2164 2154 2182 2275 -JeQd—...n
