2182 3137
60 237 110 262 An.
127 237 156 264 C.
181 236 247 263 ¹734

352 285 421 315 CAP.
438 284 513 315 Xlll.
543 302 577 306 ——
602 284 695 320 Quoad
718 284 891 314 laureandos.

73 352 156 372 Laurea
170 351 242 371 dmm.
294 344 313 364 1.
338 335 406 365 Cum
440 334 532 364 seticis
565 334 777 364 recordationis
804 333 992 362 Innocentius

59 382 242 429 22:2¹„ssj1ss'm'cissg‘ff
254 383 308 413 Pr.
336 384 383 413 xtt
407 384 539 413 ministro
562 383 692 421 generali
715 383 806 412 nostri
828 382 920 412 Tertii
943 382 993 411 Or-

59 432 161 452 cffllffldss-
253 432 330 461 dinis
354 442 404 471 pro
428 436 556 471 tempore
583 432 719 461 existenti
742 431 920 461 concesserit
953 432 992 460 sa-

253 481 403 518 eultatem,
427 481 568 520 privative
591 480 684 519 quoad
708 489 807 510 omnes
823 480 907 517 alios,
925 489 992 509 con-

252 530 364 560 serendi
397 530 564 559 doctoratus
597 540 647 559 seu
679 529 840 567 magisterii
863 529 990 558 lauream

252 580 392 609 fratribus
408 581 435 609 in
456 580 532 609 dicto
548 579 655 609 Ordine
672 579 822 618 professis,
843 579 892 618 qui
907 583 989 608 antea

253 629 466 668 philosophiam
503 638 553 667 per
587 633 654 663 1168,
679 633 706 658 61
738 637 825 667 super
855 627 990 657 omnibus

251 678 468 708 Sententiarum
493 678 575 708 libris
599 687 711 707 sacram
741 677 915 715 theologiam
938 686 991 716 per

251 727 323 757 alios
345 732 470 767 quatuor
493 736 583 756 annos
607 726 795 770 laudabiliter
816 726 940 764 legerint
963 730 990 755 et

252 775 417 813 docuerint,
438 780 523 815 prout
539 775 626 805 latius
642 775 670 804 in
694 784 746 804 suo
761 775 845 805 Brevi
868 774 921 804 sub
944 775 990 804 die

252 833 309 854 xvii
332 825 400 854 maii
423 833 559 854 nnuxcn:
578 829 608 854 ut
632 825 658 854 id
683 829 782 854 exacte
800 824 988 854 observetur:

291 882 320 902 11.
344 873 515 910 statuimus,
533 873 608 912 quod
631 873 684 902 sub
703 873 802 912 primis
826 873 918 902 tribus
940 882 990 902 an-

249 921 305 960 nis,
328 925 356 951 et
378 921 496 961 quidem
520 921 618 960 procul
643 922 730 951 dubio
754 921 949 958 naturalibus,
974 931 988 951 a

250 970 359 1001 lectore
383 971 584 1010 philosophiae
609 971 763 1001 tradantur
786 972 899 1009 integra
919 971 990 1009 logi-

249 1029 280 1049 ca
295 1043 303 1057 ‚
327 1024 390 1050 octo
423 1019 490 1050 libri
513 1020 548 1049 de
577 1020 694 1059 physico
717 1020 840 1056 auditu,
864 1020 931 1049 libri
955 1020 988 1049 de

249 1073 316 1098 ortu
339 1073 367 1098 et
388 1069 522 1107 interitu,
541 1069 576 1098 de
599 1069 678 1099 caelo
696 1073 724 1099 et
740 1069 860 1106 mundo,
881 1069 915 1099 de
932 1069 990 1098 ele-

250 1118 357 1148 mentis
373 1141 380 1154 ‚
403 1118 437 1147 de
460 1119 558 1148 anima
581 1123 608 1148 et
631 1119 665 1148 de
689 1119 924 1157 metliaphysica:
948 1119 988 1148 ita

250 1171 278 1196 et
299 1167 328 1197 in
353 1167 447 1206 primo
469 1177 503 1197 ex
527 1172 651 1207 quatuor
667 1177 718 1207 pro
741 1169 824 1197 sacra
844 1168 989 1206 theologia

250 1217 403 1246 tradantur
425 1216 459 1246 ab
482 1217 544 1246 eius
567 1217 675 1246 lectore
700 1221 838 1247 tractatus
854 1217 887 1247 de
905 1221 989 1256 proe-

250 1264 387 1294 mialibus
409 1274 509 1295 sacrae
532 1266 710 1304 theologiae,
734 1266 769 1296 de
798 1266 846 1295 1161
875 1266 989 1305 (1111(1111-

250 1318 307 1344 tate
329 1318 357 1344 et
380 1314 620 1353 perfectionibus,
645 1315 804 1353 attributis,
822 1315 855 1345 de
878 1315 988 1345 visione

249 1361 357 1400 beata,
380 1363 415 1393 de
446 1363 591 1400 scientia,
616 1364 781 1402 voluntate,
806 1364 989 1403 providentia

249 1416 277 1442 et
300 1412 568 1452 praedestinatione
592 1413 652 1449 Dei,
670 1417 697 1442 et
719 1413 753 1442 de
773 1413 909 1452 mysterio
927 1413 989 1443 Tri·

248 1461 372 1499 nitatis,
396 1462 425 1491 in
450 1462 577 1491 secundo
600 1462 633 1491 de
656 1463 787 1500 angelis,
812 1463 847 1492 de
875 1462 988 1492 actibus

249 1510 396 1548 humanis,
420 1511 453 1540 de
477 1511 554 1540 vitiis
577 1515 604 1540 et
627 1511 764 1550 peccatis,
785 1521 817 1541 ac
840 1511 873 1541 de
896 1512 987 1549 gratia

248 1564 277 1590 et
299 1560 527 1597 iustificatione,
562 1560 591 1589 111
616 1561 702 1590 tertio
725 1561 760 1590 de
784 1561 920 1598 mysterio
942 1561 989 1590 lu-

248 1609 425 1639 carnationis
447 1614 475 1639 et
497 1609 530 1639 de
553 1610 710 1639 virtutibus
733 1610 924 1648 tlieologicis3
958 1611 986 1641 in

248 1662 352 1698 quarto
384 1658 501 1688 demum
531 1659 565 1688 de
598 1660 789 1689 sacramentis
817 1660 846 1689 in
869 1669 986 1698 genere,

247 1708 282 1736 de
305 1707 486 1746 poenitentia
512 1717 545 1737 ac
573 1708 607 1737 de
637 1712 819 1738 sacramento
849 1709 989 1739 Euchari-

246 1755 330 1793 stiae,
347 1759 386 1792 et,
405 1755 498 1785 donec
518 1756 638 1795 praefati
655 1765 755 1786 omnes
771 1761 913 1787 tractatus
930 1767 986 1787 non

247 1803 356 1834 suerint
378 1803 562 1834 studentibus
585 1804 696 1841 traditi,
720 1809 831 1844 septem
856 1805 925 1835 anni
948 1806 987 1835 le-

246 1856 347 1883 cturae
370 1853 502 1893 requisiti
526 1853 559 1883 ad
578 1853 708 1883 lauream
732 1854 892 1892 magisterii
915 1854 988 1885 obti-

247 1902 374 1932 nendam
397 1911 454 1932 non
477 1903 679 1940 intelligantur
701 1903 847 1943 completi.

287 1959 328 1981 111.
352 1951 382 1981 Si
405 1951 503 1991 plures
534 1951 563 1981 in
598 1961 655 1981 uno
687 1952 811 1990 collegio
833 1953 912 1987 sint,
937 1953 986 1992 qui

248 2000 365 2031 eosdem
388 2001 548 2038 scholares,
566 2006 597 2031 ut
613 2002 758 2040 congruit,
777 2012 889 2032 sacram
908 2003 988 2033 theo-

247 2049 353 2088 logiam
376 2050 520 2085 doceant,
544 2055 687 2081 tractatus
709 2061 797 2091 supra
821 2052 986 2090 designatos

246 2099 286 2128 ita
310 2098 365 2129 sibi
388 2099 536 2136 dividant,
560 2104 591 2130 ut
615 2100 650 2130 de
673 2105 795 2140 utroque
817 2110 918 2131 eorum
942 2111 987 2132 ve-

246 2157 310 2178 rum
332 2148 388 2185 sit,
411 2149 440 2178 in
464 2153 589 2188 quatuor
623 2151 708 2180 annis
741 2159 829 2189 super
862 2155 987 2190 quatuor

247 2196 465 2227 Sententiarum
490 2197 579 2228 libros
602 2198 718 2236 legisse,
743 2203 774 2228 ut
796 2200 837 2228 eis
860 2199 986 2229 conferri

247 2246 349 2286 possit,
373 2247 495 2277 servatis
520 2247 585 2277 aliis
615 2249 776 2286 servandis,
800 2249 898 2280 laurea
927 2258 987 2278 ma-

248 2295 371 2334 gisterii.

287 2353 325 2375 iv.
349 2344 379 2375 Si
401 2345 560 2376 lectoribus
583 2346 678 2376 desint
700 2347 848 2377 studentes
871 2347 987 2386 religio-

246 2394 282 2432 si,
317 2394 374 2424 (luo
406 2395 509 2424 saltem
542 2395 676 2435 discipuli
711 2396 895 2435 saeculares,
928 2406 985 2427 non

248 2446 345 2473 tamen
368 2443 532 2482 pauciores,
556 2444 597 2473 eis
616 2445 769 2475 conserant
796 2445 830 2475 ad
855 2445 985 2475 lauream

248 2493 493 2532 consequendam.
511 2493 566 2523 Sed
584 2493 619 2523 de
634 2494 862 2534 adimplemento
878 2495 987 2524 utrius-

248 2551 304 2582 que
326 2542 455 2572 tecturae
488 2541 522 2571 ad
558 2551 689 2572 normam
723 2552 809 2583 supra
838 2543 984 2582 traditam,

248 2591 323 2621 ultra
347 2591 431 2621 fidem
455 2591 581 2621 iuratam
604 2602 619 2621 a
639 2592 735 2632 priore
759 2596 786 2622 ct
808 2592 921 2623 duobus
937 2602 988 2632 pa-

249 2639 341 2671 tribus
365 2638 578 2680 principalibus
602 2644 761 2671 conventus
785 2640 832 2671 ubi
849 2641 985 2680 legerint,

113 881 240 903 Diambutio

56 910 192 930 tractatuum.

876 235 1016 259 CLEMENS
1044 237 1060 260 X
1066 236 1089 259 11
1113 236 1163 260 1³1².

1652 225 1735 259 573
1782 235 1831 260 An.
1851 233 1879 259 c.
1903 235 1969 261 ¹734

1038 285 1122 314 fidem
1147 285 1271 315 iuratam
1293 294 1306 314 a
1331 284 1529 324 provinciali,
1553 293 1608 323 qua
1642 283 1775 322 indigent

1037 333 1086 372 qui
1102 333 1227 370 legerint
1244 334 1351 363 nostris
1367 333 1523 371 religiosis,
1538 332 1643 362 habere
1656 331 1772 362 debent.

1036 382 1104 411 CAP.
1128 382 1200 411 xlv.
1223 401 1261 404 —
1285 382 1377 417 Quoad
1399 384 1600 411 eronu'nalorcs
1620 381 1772 419 qenerules.

1075 439 1093 459 1.
1117 430 1185 460 Cum
1210 431 1244 460 ad
1267 431 1373 469 gradus
1396 431 1555 460 litterarios
1585 429 1774 469 promovendi

1037 484 1115 513 sunt,
1140 480 1354 509 examinatores
1378 490 1434 509 11011
1459 480 1516 509 sint
1534 489 1584 509 nec
1602 479 1699 518 plures
1722 488 1774 508 nec

1037 528 1188 566 pauciores
1211 538 1297 567 quain
1329 529 1430 566 viginti
1465 534 1493 558 et
1526 538 1600 558 unus
1616 552 1623 564 ,
1647 538 1772 567 nempe,

1036 576 1109 606 ultra
1134 582 1282 615 regentem
1307 587 1357 616 pro
1381 582 1510 616 tempore
1537 578 1581 607 Ss.
1606 578 1724 607 Cosmae
1746 582 1774 607 et

1035 625 1166 655 Damiani
1189 625 1224 655 de
1247 625 1323 655 Urbe
1338 649 1345 662 ‚
1369 630 1478 665 septem
1512 636 1562 666 pro
1594 626 1772 666 provinciiS,

1050 676 1180 711 lomana,
1204 674 1381 712 Marchiana,
1405 675 1560 714 Aprutinst,
1584 676 1774 715 Neapolitana

1035 728 1062 753 et
1085 723 1272 761 Calabrensi,
1297 728 1362 753 octo
1385 734 1436 763 pro
1460 725 1617 764 provinciis
1640 725 1774 754 Mediola-

1035 772 1130 807 nensi,
1149 772 1337 809 Bononiensi,
1357 772 1511 811 111-11161151,
1536 773 1644 803 Veneta
1666 778 1693 803 et
1711 774 1774 803 Dal-

1035 821 1166 859 matina,
1191 831 1223 851 ac
1246 821 1376 860 quinque
1399 831 1450 861 pro
1474 822 1622 861 provincia
1644 822 1753 852 Sicula.

1073 879 1102 900 11.
1127 871 1252 900 Praesati
1274 871 1489 901 examinatores
1504 872 1655 909 generales
1671 881 1774 911 appro-
1831 891 1858 910 μ,
1880 897 1966 910 ,mmm

1034 919 1095 949 bari
1119 920 1225 949 debent
1248 930 1262 949 a
1285 920 1452 950 delinitorio
1473 921 1602 958 generali
1617 931 1624 958 ;
1642 925 1669 950 61
1685 921 1773 951 semel
1784 918 1968 966 gssm‘jfl'fffflfl'fffssssllgssf

1033 969 1197 1008 approbati,
1221 969 1343 999 durante
1367 978 1467 998 eorum
1492 969 1561 1003 vita,
1586 969 1691 1009 deponi
1716 980 1774 1001 non

1035 1018 1157 1057 possint,
1176 1018 1231 1047 nisi
1249 1017 1360 1057 probati
1384 1018 1516 1048 infideles
1540 1019 1567 1048 in
1591 1028 1692 1048 eorum
1711 1029 1774 1049 mu-

1035 1076 1104 1097 nere
1128 1067 1324 1096 examinandi.
1349 1067 1417 1097 Cum
1453 1072 1548 1097 autem
1581 1068 1646 1107 quis
1672 1078 1773 1099 eorum

1034 1117 1176 1146 moriatur
1199 1116 1242 1146 vel
1265 1116 1423 1151 renuntiet,
1441 1117 1514 1147 alter
1536 1126 1549 1146 a
1575 1117 1708 1147 ministro
1725 1128 1774 1156 ge-

1034 1166 1125 1195 nerali
1148 1170 1341 1205 proponatur,
1366 1166 1415 1195 sed
1438 1166 1643 1206 approbandus
1665 1177 1679 1197 a
1703 1167 1774 1197 defi-

1033 1215 1141 1244 nitorio
1163 1215 1315 1253 generali,
1339 1219 1370 1245 ut
1393 1215 1455 1244 eius
1477 1215 1579 1246 electio
1607 1216 1644 1246 sit
1667 1216 1771 1246 valida.

1034 1264 1165 1294 Habeant
1185 1274 1301 1303 quoque
1325 1268 1424 1294 votum
1448 1265 1574 1295 activum
1596 1265 1625 1295 in
1642 1266 1773 1305 capitulis

1034 1313 1262 1352 provincialibus
1279 1322 1347 1342 suae
1364 1317 1475 1343 tantum
1494 1314 1673 1353 provinciae,
1687 1319 1773 1354 atque

1032 1362 1162 1392 eiusdem
1181 1363 1348 1402 provinciae
1364 1363 1499 1402 expensis
1516 1364 1664 1394 accedant.

1080 1411 1149 1441 exv.
1174 1411 1230 1441 XV.
1252 1429 1292 1433 —
1315 1410 1408 1447 Quoad
1429 1417 1550 1451 reyentes
1570 1413 1721 1451 generales.

1073 1469 1092 1489 1.
1117 1460 1220 1490 Adsint
1244 1461 1332 1490 etiam
1356 1465 1482 1500 quatuor
1501 1466 1636 1500 regentes
1651 1472 1773 1500 genera-

1033 1509 1085 1547 les,
1103 1519 1227 1549 quorum
1252 1519 1358 1539 munus
1379 1510 1415 1540 sit
1436 1511 1602 1549 praesidere
1625 1512 1771 1542 cathedris

1032 1567 1081 1587 seu
1105 1558 1360 1595 conclusionibus,
1384 1558 1407 1587 si
1432 1568 1505 1598 quae
1536 1560 1644 1590 suerint
1673 1561 1773 1600 dispu-

1032 1607 1145 1645 tandae,
1170 1607 1198 1636 in
1222 1608 1350 1646 capitulo
1374 1609 1545 1646 praesertim
1568 1609 1722 1647 generali,
1747 1611 1771 1640 si

1031 1656 1070 1686 ibi
1093 1657 1199 1694 adsint,
1224 1657 1268 1686 vel
1292 1661 1322 1686 ut
1344 1657 1457 1687 vocales
1481 1662 1530 1687 aut
1553 1659 1655 1688 vocati.
1688 1659 1773 1690 Prae-

1031 1705 1146 1735 sideant
1168 1705 1254 1734 etiam
1278 1706 1517 1736 conclusionibus
1537 1707 1651 1746 publice
1675 1708 1774 1748 dispu-

1032 1755 1127 1785 taudis
1143 1760 1223 1784 extra
1242 1760 1372 1794 tempora
1388 1755 1595 1795 capitulorum,
1616 1757 1772 1787 dummodo

1032 1809 1129 1835 tamen
1152 1814 1209 1834 11011
1233 1805 1308 1835 adsit
1329 1805 1359 1835 in
1383 1810 1528 1836 conventu
1558 1816 1663 1845 regens
1687 1807 1773 1847 parti-

1031 1853 1150 1883 cul-aris.

1071 1911 1101 1932 11.
1126 1902 1322 1933 Assumantur
1356 1913 1390 1933 ex
1424 1903 1571 1942 magistris
1593 1904 1623 1934 in
1646 1905 1773 1945 111111050-
1821 1927 1843 1947 E,
1861 1928 1964 1947 „mmm

1031 1951 1100 1990 phio,
1122 1955 1149 1980 et
1171 1953 1256 1981 sacra
1290 1952 1433 1990 theologia
1456 1953 1687 1991 versatioribus,
1718 1958 1898 2001 1166111ζξ1111ᾞϊ
1930 1962 1963 1980 ⁸²·

1031 2010 1065 2030 ex
1084 2000 1184 2030 eadem
1206 2001 1369 2040 prox-incia,
1393 2002 1452 2031 nisi
1474 2002 1541 2032 duo.
1565 2003 1716 2041 Eligantur
1737 2013 1771 2033 eo

1030 2049 1091 2078 sere
1109 2049 1203 2087 modo,
1221 2060 1277 2089 quo
1296 2050 1508 2081 examinatores
1523 2052 1685 2090 generales,
1702 2062 1771 2092 quo-

1030 2107 1094 2127 rum
1119 2098 1279 2137 privilegiis
1302 2099 1470 2138 gaudeant,
1503 2100 1591 2130 immo
1614 2110 1664 2131 eos
1688 2111 1771 2141 prae-

1030 2146 1153 2185 cedant,
1188 2157 1253 2177 cum
1289 2149 1439 2187 possident
1471 2159 1615 2180 summum
1648 2151 1769 2189 gradum

1031 2196 1219 2226 litterarium.

1059 2245 1128 2274 CAr.
1154 2245 1223 2275 xvi.
1244 2264 1277 2268 —
1304 2246 1399 2282 Quoad
1418 2249 1588 2286 professores
1611 2249 1736 2287 morales,

1168 2296 1347 2334 confessarios
1369 2301 1394 2325 el
1414 2297 1628 2336 praedicatores.

1069 2353 1089 2374 1.
1123 2344 1212 2375 Nemo
1244 2345 1415 2376 instituatur
1447 2346 1537 2376 lector
1570 2347 1687 2378 moralis
1724 2345 1768 2378 vel
1799 2356 1918 2380 Quantam
1934 2355 1961 2377 10-

1031 2394 1224 2433 praedicator,
1250 2395 1306 2424 nisi
1330 2395 1474 2425 studuerit
1498 2396 1684 2427 laudabiliter
1707 2386 1842 2437 phi·Num
1867 2386 1961 2406 ''¹⁰¹³'‘i‘

1031 2443 1180 2482 losophiae
1204 2453 1254 2483 per
1277 2448 1334 2473 tres
1356 2454 1461 2482 annos,
1485 2449 1513 2475 et
1534 2455 1634 2476 sacrae
1658 2446 1768 2477 theolo-

1029 2492 1093 2531 giae
1117 2502 1167 2532 per
1188 2498 1325 2533 quatuor.

1069 2551 1098 2571 11.
1124 2542 1177 2572 Ubi
1197 2552 1254 2572 non
1277 2542 1352 2573 adsit
1375 2543 1466 2574 lector
1489 2544 1618 2584 moralis,
1635 2546 1769 2577 sacerdo—

1029 2595 1071 2621 tes
1092 2591 1126 2621 ad
1151 2595 1252 2621 nutum
1275 2592 1435 2631 superioris
1451 2592 1495 2623 bis
1511 2593 1539 2623 in
1557 2594 1764 2625 hebdomadam

1029 2640 1225 2680 conveniant,
1250 2646 1277 2671 et
1311 2641 1344 2671 ah
1380 2652 1436 2672 uno
1468 2653 1566 2673 eorum
1601 2645 1764 2675 alternatim

1811 1474 1839 1494 De
1859 1481 1942 1495 munere
