2182 3137
227 255 278 281 An.
300 254 415 283 0173ss

213 1032 246 1053 (iti

252 317 372 338 Clau—ulae.

240 1006 396 1027 Coi-trarinruin

233 1040 238 1045 ¹
248 1038 330 1058 'ogdilo-

462 247 526 280 540

463 306 476 348 ἓ
501 304 532 337 3.
561 305 790 347 Decernentes,
812 306 940 340 easdem
968 314 1156 351 praesentes

418 359 541 391 litteras
566 370 691 403 semper
716 360 832 401 firmas,
859 362 978 395 validas
1000 367 1032 395 et
1056 363 1157 395 effica-

416 424 467 444 ces
494 413 630 446 existere
654 419 685 446 ct
711 414 796 454 sore,
825 425 965 458 suosque
992 416 1155 459 plenarios

416 471 446 496 et
471 466 616 507 integros
646 466 777 500 effectus
804 468 911 500 sortiri
940 475 969 501 ct
996 469 1154 509 obtinere,

415 530 449 550 ac
476 519 548 557 illis,
576 521 612 552 ad
633 531 713 563 quos
732 526 854 564 spectat
879 527 908 554 et
928 533 987 565 pro
1008 528 1153 565 tempore

413 573 594 614 spectabit,
618 574 805 616 plenissime
831 574 1019 618 suffragari,
1045 577 1153 620 sicque

414 625 444 656 in
478 626 662 668 praemissis
690 638 747 669 per
782 638 1004 672 quoscumque
1032 630 1153 663 iudices

415 678 596 711 ordinarios
622 685 653 712 et
678 681 852 723 delegatos,
873 683 968 714 etiam
985 693 1152 716 causarum

413 731 525 772 palatii
550 733 720 775 apostolici
748 735 935 776 auditores,
963 736 1095 769 iudicari
1122 743 1153 769 et

413 783 539 816 deliniri
568 785 706 827 debere,
733 799 769 820 ac
799 789 926 821 irritum
953 795 983 822 et
1008 790 1101 823 inane
1127 791 1150 822 si

411 846 504 870 secus
520 848 619 881 super
638 839 688 873 bis
704 852 719 873 a
734 851 907 885 quoquam,
924 843 1035 886 quavis
1049 849 1152 877 aucto-

409 890 514 931 ritate,
536 892 680 926 scienter
697 895 745 927 vel
766 895 962 937 ignoranter,
980 896 1152 939 contigerit

409 945 571 977 attentari.

451 996 466 1040 ἓ
490 998 521 1030 [ι.
549 997 616 1031 Non
654 1000 856 1034 obstantibus
882 1003 1066 1045 praemissis
1083 1030 1090 1044 ,
1116 1014 1152 1035 ac

408 1052 696 1087 constitutionibus
723 1060 753 1087 et
778 1055 1040 1090 ordinationibus
1073 1068 1151 1100 apo-

408 1104 556 1146 stolicis,
595 1117 632 1139 ae
657 1107 733 1140 dicti
759 1108 886 1142 Ordinis
904 1137 911 1150 ‚
939 1111 1048 1144 aliisve
1075 1112 1142 1154 qui-

407 1158 528 1197 busvis,
556 1159 651 1192 etiam
679 1161 870 1202 iuramento,
899 1164 1149 1197 consum-atione

407 1213 597 1254 apostoliea,
624 1215 671 1247 vel
697 1215 807 1258 quavis
832 1216 982 1250 firmitate
1008 1218 1069 1251 alia
1099 1229 1150 1251 ro-

407 1263 540 1305 boratis,
561 1267 687 1300 statutis
713 1274 743 1301 et
769 1270 1068 1312 consuetudinibus,
1088 1271 1150 1314 pri-

406 1318 531 1361 vilegus
568 1331 717 1364 qnoque,
744 1322 875 1356 indultis
911 1330 943 1357 et
978 1324 1093 1357 litteris
1118 1335 1150 1358 a·

406 1372 576 1414 postolieis
612 1373 642 1405 in
669 1375 868 1408 contrarium
895 1377 1147 1420 praemissorum

407 1425 651 1467 quomodolibet
687 1429 868 1469 concessis,
891 1431 1089 1463 confirmatis
1118 1438 1149 1464 et

406 1478 584 1521 innovatis;
612 1481 729 1524 quibus
756 1483 908 1516 omnibus
935 1489 965 1517 ct
991 1485 1144 1528 siugulis,

405 1531 533 1566 illorum
561 1539 691 1568 tenores
717 1537 946 1579 praesentibus
968 1550 1029 1582 pro
1050 1540 1145 1582 plene

405 1591 436 1618 et
460 1587 657 1621 sufficienter
679 1590 844 1632 expressis
862 1601 898 1624 ae
925 1592 963 1624 de
992 1592 1088 1626 verbo
1106 1593 1145 1626 ad

404 1640 537 1673 verbum
563 1641 693 1674 insertis
719 1643 889 1684 habentes
920 1645 983 1678 illis
1009 1645 1087 1679 alias
1113 1647 1144 1680 in

403 1704 461 1726 suo
482 1694 600 1727 robore
627 1698 859 1739 permansuris,
886 1699 925 1731 ad
951 1700 1146 1742 praemisso-

402 1757 473 1780 rum
499 1747 659 1790 css'ectuni‚
673 1749 734 1783 liae
749 1751 815 1783 vice
835 1752 1010 1793 dumtaxat,
1024 1755 1145 1797 specia-

401 1800 476 1833 liter
500 1806 532 1834 et
557 1812 708 1845 expresse
730 1803 942 1846 derogamus;
964 1807 1144 1851 ceterisque

402 1855 572 1888 contrariis
600 1856 868 1901 quibuscumque.

444 1908 559 1941 Datum
589 1909 723 1952 Romae,
746 1912 830 1954 apud
849 1911 881 1945 S.
900 1912 1030 1946 Mariam
1049 1914 1146 1947 Maio-

400 1963 552 2002 1·em‚sub
577 1965 700 1997 annulo
722 1964 906 2006 piscatoris,
925 1966 976 1999 die
994 1977 1070 2001 xxv1
1096 1979 1145 2002 se-

398 2015 557 2059 ptembris
582 2026 787 2059 MDccxxmu,
814 2018 1023 2062 pontificatus
1041 2022 1144 2055 nostri

400 2080 484 2103 anno
510 2081 553 2104 lv·

436 2132 497 2159 Dat.
513 2132 558 2160 die
572 2133 605 2162 26
621 2134 784 2170 septembris
800 2136 878 2170 1733,
896 2137 996 2172 pontif.
1018 2147 1091 2166 anno
1107 2145 1142 2166 iv.

733 2190 767 2223 F.
796 2191 884 2225 card.
913 2191 1096 2226 [iuvemus.

726 2352 814 2386 CXII.

400 2438 523 2471 Abbati
544 2439 694 2483 yenerali
710 2451 747 2473 ac
766 2441 990 2483 definitoribus
1009 2442 1142 2485 congyra-

443 2494 587 2535 qationis
608 2493 808 2536 marcianae,
828 2495 916 2539 quod
933 2496 1079 2540 dez'nceps
1096 2507 1142 2529 ca-

442 2547 585 2589 pitulum
609 2549 757 2591 generale
789 2549 931 2582 eiusdem
960 2550 1142 2594 szyreqa-

445 2599 543 2632 tionis
578 2601 744 2635 dominicci
784 2604 878 2635 tertia
906 2607 978 2646 post
1013 2604 1142 2637 Pascha

446 2653 699 2688 Resurrectiom's
723 2654 923 2699 dominicae,
947 2657 1056 2701 sicque
1081 2665 1142 2692 tres

1000 258 1182 284 BULLARIUM
1206 259 1359 286 Romnum

1245 309 1313 342 dies
1337 310 1441 342 serius
1465 320 1564 353 quam
1599 310 1752 344 hactenus
1774 311 1849 354 [ieri
1871 322 1942 345 con-

1243 363 1357 403 suevit,
1385 362 1540 396 celebrari
1564 362 1684 405 debeat,
1708 365 1849 408 facultas
1873 376 1943 399 con-

1243 416 1378 449 ceditur.

1407 479 1542 507 Clemens
1564 480 1641 514 Papa
1661 481 1733 512 XII,

1331 526 1365 549 ad
1396 524 1532 551 futuram
1561 525 1609 552 rei
1637 526 1826 553 memoriam.

1242 577 1255 619 ἓ
1281 576 1312 609 l.
1340 577 1463 621 Exponi
1497 578 1590 611 nobis
1625 590 1729 622 nuper
1760 580 1836 613 fecit
1861 580 1941 614 dile·
1976 591 2134 615 Quadieeete-

1953 619 2009 640 brar·
2021 621 2088 641 soleat
2099 628 2134 642 ra-

1948 263 1997 290 An.
2019 262 2049 292 c,
2067 263 2134 294 1733
2155 258 2162 270 ”
2181 252 2182 258 ’

1198 633 1267 660 ctus
1295 629 1376 662 tilius
1403 637 1594 673 procurator
1619 632 1780 674 generalis
1799 632 2041 675 Congre-panium
2070 653 2134 673 gnut—
2181 658 2182 662 =

1197 681 1335 722 gationis
1363 683 1476 715 MoutIs
1494 684 1606 717 Olivcti
1627 686 1863 718 monachorum
1885 674 2004 719 Or-m'e'

1197 733 1281 767 (linis
1306 737 1410 769 sancti
1446 738 1634 779 Benedicti,
1663 739 1759 772 totius
1791 739 1938 773 eiusdem

1196 786 1464 831 Congregationis
1491 792 1636 831 nomine,
1666 793 1751 836 quod
1777 793 1865 826 illius
1891 803 1940 826 ca-

1196 840 1334 882 pitulum
1354 844 1509 884 generale
1529 844 1667 887 singulis
1691 845 1840 878 trienniis
1859 846 1939 879 seria

1196 893 1307 936 quinta
1326 901 1398 928 ante
1425 896 1620 930 dominicam
1648 899 1771 931 tertiam
1790 905 1859 942 post
1882 899 1940 932 ra-

1195 947 1272 979 sclia
1291 947 1552 983 Resurrectionis
1573 951 1755 984 dominicae
1781 952 1938 985 celebrari

1195 1001 1363 1034 consuerit
1382 1002 1413 1034 in
1432 1003 1605 1047 principali
1632 1005 1830 1038 monasterio
1854 1005 1938 1038 Mon-

1196 1053 1232 1086 tis
1258 1054 1370 1087 Oliveti
1399 1055 1527 1089 Maioris
1554 1063 1763 1100 nuncupato,
1790 1059 1877 1102 quod
1903 1059 1938 1091 inv

1195 1108 1323 1141 deserto
1348 1109 1418 1142 loeo
1451 1121 1507 1143 seu
1541 1111 1716 1144 solitudine
1743 1112 1782 1145 de
1810 1114 1937 1145 Aceona

1195 1162 1328 1196 dominii
1355 1163 1507 1196 Senensis
1533 1165 1690 1205 consistit,
1710 1177 1747 1199 ac
1767 1166 1812 1198 ita
1827 1166 1937 1199 omnia

1194 1215 1225 1247 in
1252 1215 1336 1249 dicta
1361 1216 1619 1260 Congregatione
1638 1219 1788 1252 ordinata
1813 1225 1844 1252 et
1869 1219 1937 1252 dis-

1194 1269 1299 1311 posita
1325 1277 1410 1309 sunt,
1432 1276 1466 1303 ut
1489 1272 1632 1314 negotia,
1655 1272 1687 1304 in
1709 1272 1866 1305 eiusmodi
1885 1282 1937 1305 ca-

1193 1322 1295 1364 pitulo
1322 1324 1466 1365 generali
1490 1326 1667 1364 tractanda,
1688 1325 1771 1358 intra
1789 1325 1936 1369 quinquo

1194 1374 1261 1407 dies
1284 1375 1449 1409 dumtaxat
1474 1377 1699 1418 absolvantur,
1720 1389 1823 1422 eoque
1841 1379 1935 1414 brevi

1193 1429 1346 1470 temporis
1385 1430 1491 1472 spatio
1524 1431 1601 1464 satis
1632 1432 1843 1474 provideatur
1877 1443 1937 1476 pu·-

1191 1480 1284 1513 blicis
1309 1481 1509 1526 privatisque
1543 1484 1743 1527 singulorum
1773 1491 1937 1520 monaste-

1191 1534 1311 1567 riorum
1334 1535 1433 1579 ipsius
1460 1535 1730 1580 Congregationis
1760 1540 1936 1573 necessita-

1190 1588 1287 1622 tibus.

1233 1642 1292 1685 §2
1313 1643 1519 1684 (limantem,
1539 1645 1623 1678 sicut
1645 1646 1756 1679 eadem
1776 1647 2024 1690 expositiotocns.
2039 1653 2126 1681 eiusque

1189 1696 1415 1739 subiungebat,
1436 1699 1619 1741 praedictus
1637 1700 1727 1733 locus
1748 1700 1785 1733 de
1805 1681 2127 1734 Acconaii'<‘siir'i¹ii'n‘id5².i'ifil

1189 1755 1329 1792 quatuor
1354 1750 1490 1784 millium
1520 1762 1672 1794 passuum
1691 1763 1707 1784 a
1728 1753 1776 1786 via
1801 1738 2126 1797 publicaiiiam-mmm·

1187 1808 1219 1835 ct
1235 1803 1452 1848 undequaque
1470 1816 1486 1837 a
1505 1805 1688 1848 frequentia
1709 1806 1930 1840 habitatorum

1189 1861 1328 1889 remotus
1353 1857 1413 1897 sit,
1440 1858 1777 1903 convenientibusque
1803 1860 1834 1892 in
1862 1871 1930 1893 mo·

1187 1909 1361 1942 nasterium
1387 1911 1592 1953 praedictum
1625 1912 1777 1945 omnibus
1804 1913 1930 1947 abbati-

1186 1962 1245 1995 bus
1270 1974 1306 1996 ae
1333 1964 1499 1998 vocalibus
1530 1965 1635 1998 dietae
1661 1966 1929 2010 Congregationis

1187 2022 1316 2059 praeter
1327 2018 1504 2052 monachos
1520 2019 1558 2051 de
1574 2019 1694 2052 familia
1707 2019 1739 2052 in
1756 2031 1794 2053 eo
1811 2021 1929 2064 degen-

1188 2075 1245 2111 tes,
1273 2081 1462 2112 eonvers0s‚
1489 2072 1668 2106 vectuarios
1694 2078 1726 2106 et
1750 2073 1930 2116 ministros,

1186 2134 1250 2156 non
1268 2124 1338 2157 sine
1357 2125 1445 2167 gravi
1472 2125 1679 2158 incommodo
1701 2137 1737 2159 ac
1755 2126 1928 2169 dispendio

1186 2178 1293 2221 parari
1317 2178 1444 2221 possint
1469 2179 1599 2222 pisces,
1628 2190 1686 2213 ova
1712 2186 1742 2213 et
1766 2181 1929 2215 lacticinia

1186 2231 1314 2273 diebus,
1330 2232 1447 2275 quibus
1468 2233 1615 2266 earnium
1630 2244 1706 2266 usus
1720 2234 1925 2277 prohibetur,

1184 2289 1298 2328 utpote
1320 2295 1460 2328 quorum
1487 2286 1729 2320 esculentorum
1747 2286 1814 2320 illic
1832 2288 1930 2332 copia

1184 2348 1249 2371 non
1274 2338 1429 2382 suppetit,
1446 2339 1495 2372 vel
1521 2350 1604 2382 quae
1630 2341 1768 2374 emenda
1793 2341 1930 2374 veniunt

1184 2391 1300 2425 cariori
1327 2392 1443 2434 pretio,
1468 2402 1504 2425 ac
1530 2392 1626 2425 etiarn
1649 2404 1768 2437 pravae
1794 2393 1929 2437 qualita-

1185 2445 1233 2485 tis,
1249 2455 1321 2477 cum
1337 2445 1532 2479 detrimento
1546 2447 1742 2480 valetudinis
1759 2448 1928 2491 religioso-

1184 2508 1254 2530 rum
1280 2498 1355 2530 illuc
1373 2508 1408 2531 ex
1429 2499 1618 2543 longinquis
1638 2500 1783 2543 partibus
1809 2500 1929 2534 adven-

1185 2552 1337 2593 tantium,
1365 2552 1482 2596 quibus
1508 2564 1598 2586 mora
1630 2555 1775 2598 quinque
1801 2555 1928 2589 dierum

1184 2605 1370 2638 huiusmodi
1413 2611 1535 2639 tantum
1577 2606 1696 2640 ibidem
1736 2608 1927 2651 praestituta

1184 2664 1252 2699 est;
1280 2658 1401 2692 dietum
1436 2670 1514 2693 vero
1555 2661 1784 2695 monasterium
1817 2661 1925 2706 inopia
