2182 3137
79 280 126 306 An.
143 279 171 304 C.
197 277 262 304 ¹732

110 1990 224 2010 Clementi<
241 1989 266 2011 xl

83 2017 153 2044 Papae
168 2018 258 2037 litterae.

892 272 1037 297 CLEMENS
1064 273 1107 296 xtl
1132 273 1182 297 Pr.

272 337 335 371 qne
374 326 513 370 agitatae
553 326 704 365 fuissent,
744 324 875 357 demum
913 321 1016 354 felicis

272 380 512 413 recordationis
545 380 691 412 Clemens
717 377 775 410 PP.
805 376 843 409 XI
881 375 1038 418 praede-,

1036 439 1038 447 ν
1060 435 1158 464 merc,
1177 426 1316 468 illisque,
1337 437 1375 459 ne
1394 437 1507 459 rursus
1526 426 1801 469 quandocumque

272 444 383 466 cessor
407 438 529 472 noster,
556 431 712 464 eiusmodi
736 427 975 462 controversias
998 438 1013 460 e

272 487 382 520 medio
409 488 544 525 tollere,
570 496 605 518 ac
630 484 700 528 paci
728 490 758 517 et
785 481 1012 526 tranquillitati

272 540 374 584 ipsius
396 539 665 582 Congregationis
684 537 870 581 prospicere
890 536 1012 574 volenS,

272 605 330 638 per
356 594 510 637 quasdam
537 604 610 625 snas
636 592 666 624 in
693 590 791 623 simili
818 591 921 623 forma
939 589 1037 622 Bre-x

272 648 319 680 vis
345 647 396 680 die
423 657 458 681 111
478 645 621 679 octobris
640 654 746 678 innccx
778 642 945 686 expeditas
965 642 1013 674 lit-

273 707 358 733 teras
393 698 617 738 demandavit,
651 698 798 730 eamdem
831 696 1037 738 Congi·ega-t

274 755 394 787 tionem
421 753 454 786 in
487 753 566 786 duas
598 757 707 796 partes
728 750 846 790 dividi,
878 759 1013 793 quarum

272 818 369 840 unam
395 805 535 839 Gallaeci
578 811 609 838 et
630 804 757 838 oriundi
777 815 812 837 ex
836 803 1014 847 provinciis

273 861 312 894 de
338 861 475 904 Campos
501 859 532 892 in
560 859 652 891 terris
679 858 824 891 tinitimis
852 857 942 899 reg-ni
962 857 1015 889 Le-

272 914 399 955 gionis,
426 914 558 946 alteram
578 923 653 945 vero
672 911 801 946 oriundi
821 922 857 944 ex
877 911 1012 943 Castella

271 967 373 1006 Nova,
400 966 554 1006 Asturiis,
583 966 734 1009 [lix-ogisi,
760 970 790 998 et
816 965 895 998 locis
923 975 1015 997 mon-

273 1020 376 1054 taneis
402 1020 625 1063 Burgensilms
661 1018 920 1059 constituerent,
948 1028 1015 1050 rno-

272 1074 414 1117 dumque
441 1078 472 1106 et
497 1074 634 1106 sormam
654 1072 877 1116 praescripsit,
896 1071 1014 1115 quibus

272 1127 474 1160 conserenda
499 1137 534 1159 ac
560 1126 786 1159 distribuenda
811 1130 923 1158 essent
947 1125 1015 1158 offi-

272 1180 321 1213 cia
356 1179 547 1223 capitularia
584 1179 689 1212 dictae
725 1178 1013 1222 Congregationis,

273 1235 420 1278 aliasque
446 1233 681 1267 saluberrimas
711 1234 813 1266 edidit
838 1233 1016 1266 ordinatio-

274 1299 332 1321 nes
356 1299 416 1332 pro
443 1287 529 1322 selici
550 1287 824 1330 Congregationis
848 1287 1014 1331 praefatae

275 1341 455 1375 directione
481 1351 518 1374 ae
543 1341 719 1384 gubernio;
750 1340 954 1383 iniungendo
981 1346 1016 1373 ut

274 1395 452 1438 praemissa
488 1396 535 1428 sic
572 1406 588 1427 a
624 1405 656 1427 se
693 1400 811 1427 statuta
848 1393 1015 1427 observari

275 1450 433 1482 deberent
457 1449 490 1481 in
517 1454 655 1493 quatuor
680 1448 830 1492 capitulis
857 1448 1018 1490 generali·

275 1504 335 1536 bus
362 1509 437 1536 tunc
462 1503 609 1547 proxime
635 1502 864 1536 celebrandis:
899 1502 1016 1545 quibus

274 1557 618 1601 peractis,perdurare
645 1556 813 1594 deberent,
841 1555 865 1588 si
892 1555 1018 1588 dissen-

275 1611 385 1644 siones
422 1610 454 1643 in
492 1610 576 1643 dicta
608 1609 868 1652 Congregatione
894 1620 1019 1642 cessas-

276 1669 365 1703 sent;
401 1663 450 1696 sin
477 1663 603 1702 minus,
630 1663 669 1696 ad
696 1674 728 1696 se
754 1674 808 1695 seu
837 1663 1017 1695 Romanum

276 1717 465 1751 Pontificem
491 1728 550 1761 pro
578 1722 723 1761 tempore
750 1716 942 1750 existentem
968 1726 1019 1748 re-

277 1782 391 1805 cursus
427 1782 487 1815 pro
525 1773 606 1804 nova
631 1770 818 1815 provisione
845 1769 1017 1802 habendus

277 1826 379 1859 soret:
408 1831 440 1859 et
465 1825 562 1865 alias,
590 1830 686 1868 prout
711 1824 844 1857 uberius
871 1823 1019 1856 contine-

278 1886 329 1913 tur
362 1880 395 1912 in
425 1879 528 1923 ipsius
555 1877 728 1911 Clementis
753 1877 1018 1921 praedecessoris

278 1934 406 1973 litteris,
433 1933 554 1966 tenoris
580 1932 633 1975 qui
659 1932 824 1975 sequitur,
850 1930 1018 1964 videlicet:

322 1987 472 2021 CLEMENS
497 1986 555 2019 Pr.
575 1986 631 2025 xl,
654 1985 860 2028 adfuturam
881 1985 929 2017 rei
954 1995 1019 2016 nze-

278 2041 458 2075 moriam'.
493 2040 693 2073 Sacrosancti
727 2039 927 2082 apostolatus
952 2039 1020 2072 offi-

278 2095 378 2135 cium,
406 2094 540 2138 superni
567 2092 784 2136 dispositione
810 2092 936 2125 consilii
964 2103 1020 2125 no-

279 2148 348 2188 bis,
376 2147 468 2180 nullo
499 2147 573 2179 licet
609 2145 801 2178 meritorum
835 2150 1018 2178 nostrorum

279 2201 441 2244 suffragio,
468 2199 680 2243 impositum,
707 2199 885 2232 salubriter
906 2198 1018 2242 exequi

279 2256 450 2289 adiuvante
486 2254 624 2287 Domino
665 2253 784 2296 iugiter
817 2258 1020 2295 satagentes,

280 2315 393 2343 exorta
419 2309 504 2341 inter
529 2307 699 2349 religiosos
725 2306 820 2345 viros,
848 2316 929 2349 quos
950 2311 1021 2338 vota

281 2374 339 2396 sua
375 2362 543 2395 Altissimo
581 2361 612 2393 in
638 2361 808 2393 sanctitate
844 2365 874 2392 ct
900 2359 1021 2392 institia

318 2463 328 2487 ἱ
353 2460 438 2487 llasce
459 2458 604 2486 Clementis
624 2458 659 2485 Xl
681 2458 731 2485 ΙΨ.
752 2458 872 2490 litteras,
898 2457 1022 2492 quamvis

281 2506 332 2541 legi
350 2505 453 2541 possint
470 2509 534 2531 tom.
547 2510 590 2531 xxi
608 2503 686 2530 huius
697 2503 873 2537 collectionis,
887 2511 946 2538 pag.
960 2504 1020 2536 398,

282 2551 328 2578 ubi
349 2551 468 2577 citantur
487 2548 694 2576 constitutiones
718 2548 752 2574 ali
778 2548 874 2575 eodem
893 2547 1022 2574 l‘outissce

282 2605 331 2632 pro
353 2595 404 2622 lioc
423 2594 522 2621 Ordine
543 2593 611 2620 latae
625 2615 631 2625 ,
653 2593 756 2619 referre
786 2592 828 2618 liic
854 2592 963 2627 putavi,
994 2594 1022 2618 ut

282 2641 418 2668 lectorum
439 2637 581 2665 commodo
602 2636 780 2669 inservirem,
802 2640 883 2663 totam
904 2636 943 2663 rei
972 2636 1022 2662 hu-

281 2685 357 2713 iusce
378 2684 475 2711 scriem
496 2682 531 2709 ob
552 2683 645 2709 oculos
666 2682 704 2708 eis
724 2681 866 2707 obiiciens.

369 2737 451 2767 Butc.
473 2737 558 2766 Rom.
582 2751 614 2757 —
641 2736 698 2763 Ποῖ.
719 2734 828 2763 XXIII.
974 2733 1008 2760 51

1061 332 1205 364 paceque
1230 322 1375 354 fraterna
1394 321 1531 354 reddere
1552 321 1659 360 decet,
1679 320 1803 353 animo-

1061 384 1130 405 rum
1151 373 1296 412 dissidia,
1315 374 1507 416 opportunis
1528 374 1709 406 rationibus
1726 373 1802 406 diri-

1060 478 1193 511 excitari
1222 480 1363 518 valeant,
1391 490 1500 511 ansam
1527 485 1652 511 mature
1678 479 1803 521 praeci-

1060 531 1138 563 dere
1165 531 1351 570 studemus,
1389 532 1508 571 sicuti,
1541 532 1694 575 prudenti
1722 532 1803 564 deli-

1060 585 1229 618 berationc
1255 585 1400 628 praevia,
1426 587 1465 618 ad
1492 585 1728 628 omnipotentis
1747 585 1801 617 Dei

1060 638 1196 679 gloriam
1231 644 1262 671 et
1293 639 1472 670 animarum
1498 639 1633 671 salutem
1666 639 1803 670 arbitra-

1060 701 1130 723 mur
1148 691 1178 723 in
1198 691 1333 724 Domino
1357 691 1522 735 expedire.
1548 691 1674 723 Dudum
1703 691 1803 734 siqui-

1060 745 1149 783 dem,
1166 755 1238 776 cum
1257 755 1315 787 per
1333 750 1409 777 tunc
1427 745 1457 776 in
1478 745 1629 776 humanis
1652 751 1801 786 agentem

1060 797 1248 841 Dionysium
1274 797 1430 836 Montilla‚
1456 798 1650 829 monachum
1668 798 1804 839 Congre-

1060 850 1198 893 gationis
1218 850 1319 883 sancti
1340 851 1496 883 Bernardi
1524 851 1698 892 Hispaniae
1717 850 1805 883 Oidi-

1059 903 1108 935 nis
1123 902 1355 944 Cisterciensis,
1371 903 1493 936 exortis
1509 903 1658 946 gravibus
1673 908 1805 935 contro-

1059 957 1171 989 versiis
1192 956 1279 989 inter
1297 957 1476 990 monachos
1497 957 1646 989 eiusdem
1664 956 1805 999 Congre-

1060 1010 1207 1053 gationis,
1223 1021 1372 1043 recursus
1390 1011 1428 1043 ad
1448 1010 1550 1044 felicis
1567 1009 1805 1043 recordationis

1060 1064 1259 1096 Clementem
1280 1064 1339 1096 Pr.
1367 1064 1403 1096 IX
1431 1064 1722 1107 praedecessorem
1747 1073 1804 1096 no-

1059 1123 1161 1150 strum
1177 1117 1307 1150 habitus
1323 1117 1451 1157 suisset·,
1468 1116 1536 1160 ipse
1551 1116 1702 1150 Clemens
1718 1127 1806 1159 prae-

1060 1171 1212 1204 decessor
1235 1181 1362 1203 causam
1383 1169 1678 1203 controversiarum
1697 1169 1806 1202 liuius-

1060 1224 1147 1257 modi
1167 1224 1205 1256 ad
1225 1224 1398 1267 quamdam
1417 1223 1711 1266 congregationem
1731 1229 1806 1256 tunc

1060 1277 1269 1311 existentium
1294 1278 1326 1311 S.
1346 1278 1381 1310 R.
1399 1277 1432 1310 E.
1459 1277 1670 1310 cardinalium
1689 1282 1721 1309 et
1744 1276 1806 1309 Ro-

1060 1342 1174 1364 manae
1201 1331 1313 1364 Curiae
1339 1331 1560 1374 praelatorum
1577 1357 1584 1370 ,
1622 1341 1719 1373 snper
1755 1340 1806 1362 re-

1061 1384 1255 1417 formatione
1282 1383 1359 1417 dicti
1386 1383 1517 1416 Ordinis
1544 1383 1730 1427 specialiter
1755 1382 1807 1415 de-

1061 1444 1216 1481 putatam,
1235 1437 1381 1478 remisit·,
1405 1437 1454 1470 cui
1481 1448 1554 1470 cum
1580 1437 1666 1470 idem
1686 1437 1805 1480 Diony-

1060 1492 1127 1524 sius
1154 1491 1312 1535 quaedam
1340 1491 1526 1534 gravamina
1562 1501 1621 1535 per
1646 1491 1805 1534 quosdam

1061 1545 1239 1578 monachos
1278 1545 1477 1577 lllanclienos
1514 1550 1546 1577 et
1585 1544 1780 1577 Alearrenos
1797 1571 1804 1584 ,

1062 1608 1161 1630 novos
1181 1597 1381 1631 Castellanos
1399 1602 1614 1640 nuncupatos,
1635 1597 1805 1630 monachis

1061 1651 1197 1684 aliarum
1214 1651 1381 1684 nationum
1408 1651 1497 1684 illata
1526 1650 1741 1693 exposuisset,
1763 1650 1807 1683 di-

1062 1710 1111 1737 eta
1147 1705 1365 1748 Congregatio
1400 1703 1608 1747 particularis
1641 1709 1716 1736 tunc
1741 1703 1807 1736 exi-

1062 1758 1158 1791 stenti
1185 1758 1344 1802 episcopo
1371 1757 1602 1791 vallisoletano
1628 1757 1805 1796 commisit,

1062 1817 1095 1843 ut
1120 1811 1263 1855 capitulo
1289 1811 1437 1854 generali
1475 1810 1580 1843 dictae
1619 1810 1808 1853 ‹longi-ega-

1064 1865 1160 1898 tionis
1182 1871 1256 1898 tune
1282 1865 1429 1908 proxime
1455 1864 1657 1897 celebrando
1685 1864 1808 1907 praesi-

1064 1919 1166 1959 deret,
1186 1925 1217 1953 et
1242 1925 1349 1962 partes
1368 1918 1565 1952 dissidentes
1591 1917 1806 1957 concordare,

1063 1979 1216 2017 ortasque
1254 1973 1456 2006 differentias
1491 1972 1684 2015 'extinguere
1724 1977 1807 2005 sata-

1064 2033 1165 2070 geret.
1193 2027 1263 2071 lpse
1284 2037 1360 2059 vero
1386 2026 1582 2069 episcopus,
1609 2025 1808 2058 commissio-

1065 2092 1138 2114 nem
1164 2081 1351 2113 lmiusmodi
1378 2085 1555 2119 executus,
1581 2078 1725 2122 capitulo
1752 2090 1808 2122 ge-

1064 2135 1167 2168 nerali
1195 2134 1360 2173 interl'ui13
1382 2133 1449 2171 sed,
1475 2144 1548 2165 cum
1576 2142 1634 2175 pro
1661 2132 1808 2165 reconci-

1065 2188 1181 2222 liandis
1206 2187 1352 2232 partibus
1389 2192 1421 2219 ct
1446 2185 1617 2219 discordiis
1651 2185 1807 2218 tollendis

1065 2242 1211 2275 sedulam
1238 2251 1372 2285 operam
1394 2246 1552 2279 navasset,
1579 2239 1661 2272 nillil
1679 2240 1719 2272 ad
1737 2239 1808 2272 ell'e-

1065 2301 1152 2329 ctum
1178 2295 1358 2338 perducere
1376 2293 1486 2333 valuit,
1507 2303 1544 2325 ex
1564 2304 1603 2326 eo
1623 2293 1699 2336 quia
1718 2294 1808 2326 nulla

1065 2349 1322 2383 discordantium
1348 2359 1421 2391 pars
1437 2347 1503 2380 suis
1523 2347 1808 2391 praetensionilms

1065 2404 1184 2437 cedere
1210 2401 1321 2441 voluit,
1349 2406 1382 2434 et
1407 2401 1462 2440 sie,
1487 2401 1636 2433 absoluto
1655 2400 1808 2443 capitulo,

1066 2457 1228 2500 praefatus
1247 2455 1420 2498 episcopus
1441 2464 1475 2487 re
1493 2453 1610 2486 insecta
1635 2454 1808 2487 discedere

1065 2516 1193 2544 coactus
1208 2509 1276 2541 suit.
1292 2509 1404 2548 Porro,
1419 2513 1582 2540 transacto
1597 2518 1681 2541 anno
1696 2519 1713 2540 a
1727 2508 1810 2551 capi-

1068 2564 1124 2597 tuli
1140 2561 1326 2596 huiusmodi
1345 2561 1580 2600 celebratione,
1596 2566 1672 2594 tunc
1687 2561 1810 2605 pariter

1066 2618 1242 2650 existentes
1273 2614 1437 2657 generalis
1469 2615 1665 2647 reformator
1691 2620 1723 2648 et
1753 2626 1809 2647 sex

1067 2670 1258 2704 definitores
1284 2668 1458 2712 quamdam
1482 2668 1732 2703 transactionem
1754 2679 1810 2703 seu

1694 261 1759 295 [1⁶25
1805 271 1854 297 An.
1873 270 1899 296 c.
1925 269 1993 297 ¹732
