2182 3137
297 193 316 217 ι.
343 191 410 218 1730
454 181 518 214 1825

231 343 292 367 Quod
308 344 334 363 sit
347 343 401 363 illius

219 376 303 390 munus.

413 249 471 269 non
494 240 549 276 sit,
573 239 742 269 doctoratus
766 243 861 269 tamen
885 240 1014 269 lauream
1038 239 1068 268 iu
1091 239 1154 269 iure

413 287 493 317 civili
515 287 686 316 obtinuerit.

454 336 506 365 llic
534 344 600 365 vero
624 336 653 364 in
678 336 780 374 primis
815 336 974 374 legitimam
1009 340 1154 375 praestare

413 384 579 413 cautionem
609 383 729 413 omnino
761 388 912 422 teneatur,
947 389 974 414 ct
1005 384 1076 414 illud
1109 384 1154 414 sui

414 432 564 470 praecipui
602 432 730 461 muneris
762 442 824 461 esse
865 433 997 469 noverit,
1032 437 1062 462 ut
1091 433 1155 462 uni-

414 479 560 509 versitatis
587 480 814 510 constitutiones
846 484 874 510 et
907 485 1013 510 statuta
1037 485 1155 510 sartate-

414 533 459 557 cta
482 532 659 565 serventur,
688 537 741 558 nec
764 539 893 567 unquam
927 533 1027 558 contra
1053 529 1153 558 eadem

415 577 461 605 vel
487 586 501 605 a
524 576 715 605 definitorum
750 577 792 606 vel
815 587 830 606 a
854 578 978 606 concilio
1001 578 1085 615 pleno
1103 577 1155 606 ali-

415 626 486 664 quid
521 626 717 661 decernatur,
752 631 782 655 ut
815 627 899 656 titulo
932 636 949 655 tt
983 626 1154 665 praescribi-

415 680 472 704 tur.
497 675 604 704 (lavere
627 675 712 703 etiam
737 680 764 703 et
787 680 919 712 satagere
952 674 1090 709 debebit,
1119 684 1154 703 ne

415 724 484 762 quid
509 733 542 753 ex
566 723 713 752 consuetis
736 723 903 753 academiae
925 722 1088 752 redditibus
1111 723 1153 752 vel

415 772 570 801 minimum
598 772 790 809 detrahatur,
815 777 900 811 atque
933 772 1100 808 debitores,
1130 772 1153 801 si

414 821 454 850 ita
477 822 656 860 oportuerit,
681 821 831 850 stimulare
855 826 884 851 et
908 821 1095 859 compellere,
1119 831 1154 850 ne

414 869 555 907 culpabili
578 869 671 908 ipsius
704 870 891 898 cunctatione
916 870 1085 908 pendendae
1109 879 1156 908 pe-

417 918 521 947 cuniae
544 928 657 947 summa
674 923 821 955 augescat,
842 923 870 947 et
893 918 1075 956 postmodnm
1099 919 1155 948 sol-

415 966 528 995 vendo¹
552 976 608 995 non
632 967 708 995 sint:
732 966 808 1004 quod
831 966 855 994 si
879 967 938 1003 fiat,
962 966 1024 1004 ipse
1046 966 1080 995 de
1103 976 1155 995 suo

414 1014 581 1043 academiae
604 1014 708 1043 danma
732 1024 921 1052 compensare
946 1018 1087 1044 teneatur.
1113 1015 1154 1044 Li-

416 1068 459 1092 tes
482 1062 604 1100 proinde
637 1072 738 1091 omnes
771 1067 799 1091 et
830 1063 1044 1092 controversias
1077 1064 1154 1101 apud

414 1115 613 1149 competentes
641 1111 752 1140 iudices
783 1111 984 1140 terminandas
1007 1112 1155 1150 quampri-

414 1169 494 1189 mum
514 1164 541 1188 et
563 1159 759 1197 expediendas
781 1159 918 1196 curabit,
946 1160 1028 1198 sique
1055 1169 1155 1198 eapro-

416 1213 481 1248 pter
503 1208 538 1237 ab
561 1208 638 1237 Urbe
655 1208 800 1246 proficisci
824 1208 877 1247 ipsi
902 1218 1021 1237 necesse
1044 1209 1091 1246 sit,
1110 1219 1155 1238 re-

414 1258 489 1296 galia
513 1257 679 1295 quindccim
704 1257 828 1294 singulis
861 1257 964 1286 diebus
993 1257 1155 1287 attribuan-

414 1311 471 1336 tur.
496 1306 576 1341 Quod
599 1306 622 1334 si
648 1316 703 1334 non
729 1306 858 1343 legitime
886 1306 1044 1345 impeditus
1069 1308 1155 1345 profi-

414 1354 484 1383 cisci
508 1354 730 1388 detractaverit,
755 1354 900 1383 academia
925 1355 1038 1392 syndici
1061 1355 1154 1394 ipsius

413 1403 554 1441 impensis
578 1402 743 1431 huiusmodi
763 1403 877 1440 negotia
902 1412 1042 1441 personae
1065 1403 1152 1433 alicui

414 1452 535 1481 idoneae
554 1451 751 1481 demandabit.

454 1501 607 1530 Praeterea
632 1501 765 1537 mulctas,
791 1501 949 1539 hospitali,
983 1502 1078 1530 orario
1109 1502 1151 1531 vel

414 1549 609 1579 bibliothecae
636 1549 817 1586 assignat-w,
842 1551 871 1578 in
895 1549 1023 1578 codicem
1047 1560 1097 1579 scu
1122 1551 1152 1579 li-

413 1598 497 1627 brum
522 1598 640 1634 referat,
661 1607 732 1636 quas
755 1598 851 1635 exigat
873 1598 1049 1635 diligenter,
1075 1598 1153 1627 ideo-

413 1655 469 1684 que
492 1646 619 1684 saepius,
636 1650 779 1684 quotquot
798 1646 925 1675 indictae
944 1647 1013 1682 sint,
1035 1656 1048 1675 a
1069 1648 1152 1676 scho-

413 1694 508 1723 lastici
531 1694 645 1723 notario
678 1699 927 1733 percunctentur,
953 1695 1002 1733 qui
1037 1696 1151 1725 easdem

414 1743 522 1781 pariter
543 1743 573 1771 in
596 1743 695 1771 codice
718 1743 879 1781 descriptas
899 1743 1013 1777 habeat,
1040 1748 1070 1773 ut
1088 1754 1154 1782 syn-

412 1791 477 1820 dico
500 1791 675 1820 manifestet.

451 1839 624 1869 Scholastici
646 1839 817 1877 alguasilius
839 1840 952 1869 nullum
966 1845 1034 1869 ante
1050 1841 1154 1871 educat

412 1898 427 1917 e
449 1897 577 1924 carcere,
602 1888 648 1916 cui
671 1888 778 1917 mulcta
802 1893 851 1917 aut
874 1889 907 1917 ad
932 1889 1083 1928 hospitalis
1105 1895 1154 1919 aut

412 1937 447 1966 ad
470 1936 664 1966 bibliothecae
693 1938 897 1976 compendium
922 1939 1009 1968 fuerit
1031 1940 1151 1977 indicta,

412 1986 482 2024 quin
507 1986 589 2024 prius
612 1986 687 2024 quod
711 1986 814 2016 debeat
837 1987 1023 2025 persolverit,
1047 1998 1079 2017 ac
1103 1999 1153 2028 per

413 2034 527 2071 syndici
552 2044 672 2072 apocam
696 2035 826 2072 legitime
848 2036 883 2065 de
915 2037 1060 2066 solutione
1084 2047 1151 2066 con-

413 2082 529 2111 stiterit.
547 2083 628 2117 Quod
650 2083 672 2111 si
692 2092 776 2111 secus
793 2084 905 2121 fecerit,
924 2085 1060 2114 mulctam
1077 2095 1153 2114 eam-

413 2132 477 2160 dem
502 2131 677 2169 alguasilius
700 2132 842 2161 incurrat.
860 2132 913 2167 Qui
929 2143 965 2162 ne
981 2134 1054 2163 forte
1072 2144 1153 2172 prae-

413 2181 506 2209 sentis
522 2180 682 2209 sanctionis
697 2181 879 2218 ignoratione
894 2190 923 2210 se
939 2186 1068 2218 excuset,
1087 2192 1151 2212 cum

413 2229 547 2258 eumdem
570 2229 764 2258 scholasticus
787 2229 881 2258 officio
904 2230 1074 2267 praeficit't,
1100 2232 1152 2260 hac

413 2277 447 2305 de
470 2287 500 2306 re
524 2278 677 2306 certiorem
701 2278 763 2307 fiori
788 2279 967 2307 mandavit2.

453 2326 575 2355 Exactas
599 2326 722 2355 mulctas
746 2327 774 2355 in
799 2327 892 2356 locum
916 2327 950 2355 ad
975 2327 1002 2355 id
1025 2327 1151 2357 destina-

413 2378 472 2402 tum
496 2378 559 2412 post
582 2374 710 2404 triduum
741 2375 886 2413 deponere
909 2375 1046 2413 syndicus
1071 2385 1152 2413 prae-

412 2426 493 2451 sente
516 2423 675 2451 secretario
699 2427 844 2459 teneatur,
867 2424 947 2462 dupli
971 2433 1104 2462 poenam,
1129 2424 1151 2453 si

412 2470 440 2499 id
463 2475 613 2508 praestare
635 2471 811 2509 neglexerit,
836 2471 999 2501 subiturus.

449 2529 457 2552 1
485 2527 593 2553 Videtur
613 2527 707 2554 deesse
725 2537 812 2561 pares
833 2530 868 2562 (R.
890 2530 939 2562 Τ.).

447 2571 463 2597 ⁶2
483 2571 583 2597 Forsan
603 2573 755 2600 mandabit
773 2578 812 2605 (n.
828 2580 877 2605 Τ,).

1001 191 1182 215 ltULLARlUM
1209 192 1364 215 ROMANUM

1949 199 1997 220 An.
2011 198 2040 221 G.
2067 196 2132 223 173ss

1238 239 1360 269 Mulctae
1384 250 1417 269 ex
1440 241 1607 270 academiae
1640 241 1840 271 sanctionibus
1862 242 1936 271 irro-

1198 292 1299 325 gatae,
1324 292 1410 326 prout
1442 289 1471 317 in
1499 289 1570 327 ipsis
1594 289 1832 328 praescribitur,
1856 291 1937 320 attri-

1198 335 1335 366 buantur.
1372 336 1424 366 Ubi
1460 346 1528 366 vero
1561 337 1608 366 cni
1640 338 1843 368 attribuendae
1879 338 1937 368 sint

1198 394 1256 413 non
1276 385 1472 423 constiterint,
1497 386 1526 415 in
1556 390 1614 415 tres
1642 391 1737 425 partes
1759 386 1938 416 distribuen-

1199 436 1266 462 tur:
1290 442 1413 471 quarum
1444 443 1499 463 una
1523 434 1612 464 iudici
1630 459 1637 471 ,
1661 435 1782 465 delatori
1817 436 1909 465 altera
1928 459 1935 473 ,

1199 481 1283 510 tertia
1308 481 1352 510 vel
1376 481 1484 519 orario,
1509 482 1552 511 vel
1578 482 1794 521 bibliothecae,
1820 484 1863 512 vel
1887 484 1938 513 ho-

1198 529 1294 567 spitali
1318 529 1482 559 academiae
1505 530 1697 561 adjudicetur.

1238 576 1266 606 Si
1289 577 1394 606 iudicis
1417 583 1465 607 aut
1487 578 1626 608 delatoris
1651 584 1745 618 partes
1769 580 1937 610 desideren-

1199 628 1257 661 tur,
1277 625 1307 654 in
1330 625 1453 655 solidum
1472 627 1513 655 vel
1537 627 1645 664 orario,
1664 628 1707 657 vel
1730 627 1935 664 bibliothecae,

1199 673 1242 702 vel
1266 674 1403 712 hospitali
1425 675 1643 705 adscribantur.

1218 749 1279 778 ΤΠ.
1304 749 1438 779 XXXVll.
1455 768 1494 773 —
1512 751 1551 779 De
1573 751 1680 780 bidellts
1702 756 1726 780 el
1748 752 1916 782 bfbliothecc‘r.

1238 820 1298 850 Duo
1321 820 1420 850 bidelli
1445 822 1562 860 praevio
1584 822 1716 859 diligenti
1741 823 1874 853 examine
1890 823 1938 853 de·
2001 833 2015 852 Α
2045 833 2130 854 binetus

1198 870 1367 907 stinentur,
1391 879 1514 909 quorum
1538 870 1612 900 alter
1634 881 1683 900 seu
1708 872 1800 900 maior
1821 864 2084 910 gymna-Tssffig'ssdss'g‘
2108 865 2130 880 ⁸⁸

1199 917 1271 953 siis,
1296 918 1370 947 alter
1391 928 1441 947 seu
1466 919 1560 948 minor
1593 919 1788 949 bibliothecae
1821 921 1938 958 vigilem

1198 975 1297 995 curam
1331 966 1502 1005 impendat,
1527 972 1555 997 et
1577 977 1661 997 suum
1685 968 1808 1007 quisque
1832 978 1939 999 munus

1200 1023 1251 1052 per
1273 1024 1303 1043 se
1328 1024 1384 1043 non
1410 1025 1461 1053 per
1483 1015 1674 1045 substitutum
1701 1022 1857 1055 exerceat,
1882 1017 1939 1046 nisi

1198 1062 1335 1091 valetudo
1369 1063 1561 1101 interpellet,
1586 1069 1635 1093 aut
1664 1065 1832 1094 cancellarii
1857 1066 1937 1096 venia

1198 1112 1363 1141 accesserit.

1238 1160 1384 1190 Eiusmodi
1400 1162 1492 1191 officia
1509 1162 1608 1192 nullus
1623 1162 1724 1192 doctor
1740 1167 1788 1192 aut
1803 1164 1939 1202 magister
1950 1182 1979 1202 Ad
1995 1182 2050 1203 haee
2060 1181 2132 1203 officia

1198 1208 1330 1238 obtinere
1354 1210 1460 1248 possit;
1485 1210 1506 1239 si
1532 1220 1599 1240 vero
1622 1211 1694 1250 ipsi,
1719 1222 1767 1250 qut
1793 1212 1936 1251 obtinent,
1950 1208 2133 1260 {jflssgjdus‘ffoemf

1199 1258 1242 1286 vel
1266 1258 1299 1286 ad
1323 1259 1506 1288 doctoratnm
1527 1259 1571 1288 vel
1593 1260 1627 1288 ad
1653 1260 1851 1298 magisterium
1876 1271 1939 1300 pro-

1199 1307 1307 1335 moveri
1332 1308 1486 1341 voluerint,
1513 1308 1678 1338 huiusmodi
1703 1319 1823 1339 munere
1841 1320 1872 1340 se
1888 1310 1938 1340 ab-

1197 1355 1346 1385 dicabunt.

1237 1404 1365 1433 Bidellus
1389 1405 1492 1442 maior,
1514 1410 1571 1434 tam
1594 1410 1660 1435 ante
1682 1416 1768 1445 quam
1793 1412 1856 1445 post
1877 1417 1936 1437 me-
1960 1419 2131 1440 Maiorisbidettt

1197 1452 1317 1489 ridiem,
1342 1453 1480 1491 quamdiu
1505 1454 1682 1491 professores
1709 1455 1874 1484 academiae
1897 1451 2030 1486 le·¹¹¹¹¹⁰¹¹⁵'

1196 1501 1343 1530 ctionibus
1366 1506 1393 1530 et
1415 1501 1481 1530 aliis
1505 1502 1654 1531 litterariis
1680 1503 1938 1534 exercitationibus

1197 1554 1310 1587 vacant,
1328 1550 1357 1578 in
1378 1550 1443 1588 ipsit
1472 1550 1663 1580 universitate
1689 1552 1875 1581 continenter
1890 1553 1939 1582 ad-

1196 1598 1255 1635 sit,
1279 1602 1307 1627 et
1336 1598 1491 1635 diligenter
1524 1598 1681 1633 observet,
1706 1609 1774 1629 num
1806 1601 1937 1630 eamdem

1196 1646 1351 1680 rationem,
1379 1648 1502 1675 formam
1527 1652 1555 1676 et
1578 1652 1706 1686 tempus,
1730 1648 1765 1677 ab
1788 1649 1939 1679 academia

1196 1695 1340 1724 sancitum
1364 1699 1392 1724 et
1418 1695 1598 1731 ordinatum,
1624 1696 1650 1724 in
1676 1697 1806 1726 docendo
1831 1698 1940 1735 profes-

1196 1753 1276 1772 sores
1300 1743 1488 1782 adimpleant.

1238 1792 1273 1821 [t
1297 1801 1364 1820 vero
1389 1792 1543 1830 perspicue
1567 1797 1594 1821 et
1618 1793 1745 1822 fideliter
1779 1794 1850 1823 haec
1872 1803 1938 1824 exe-

1197 1846 1315 1880 quatur,
1340 1841 1446 1870 librum
1471 1841 1606 1879 privatim
1630 1842 1706 1880 apud
1729 1852 1759 1871 se
1775 1842 1882 1872 habeat
1899 1847 1939 1873 tot

1197 1889 1303 1919 libellis
1319 1890 1490 1919 lectivorum
1514 1891 1629 1919 dierum
1653 1897 1851 1929 compactum,
1868 1896 1939 1930 quot

1196 1939 1255 1967 sint
1279 1939 1468 1977 professores.
1490 1939 1520 1967 ln
1545 1939 1668 1976 singulis
1691 1939 1873 1977 singulorum
1889 1950 1939 1970 no-

1197 1987 1288 2022 mina,
1312 1987 1494 2025 cathedram,
1514 1991 1638 2026 tempus,
1656 1992 1683 2017 et
1700 1988 1840 2027 quidquid
1857 1998 1940 2027 prae-

1197 2041 1274 2065 terea
1293 2046 1366 2075 opus
1381 2037 1428 2071 sit,
1446 2036 1607 2065 distinctim
1631 2038 1740 2067 reserat
1764 2041 1792 2067 et
1815 2038 1937 2076 digerat,

1195 2084 1365 2123 ibidemque
1389 2084 1575 2123 quotidianos
1597 2084 1778 2122 singulorum
1796 2085 1936 2122 defectus,

1196 2134 1239 2162 vel
1263 2133 1378 2163 dimidii
1412 2133 1499 2162 horae
1523 2133 1696 2172 quadrantis
1722 2133 1885 2171 describat,
1908 2139 1939 2164 ut

1196 2182 1263 2211 inde
1286 2182 1483 2220 postmodum,
1505 2186 1652 2220 tamqnam
1677 2191 1713 2211 ex
1736 2183 1936 2222 autographo,

1195 2230 1293 2259 addito
1317 2235 1412 2259 tamen
1436 2230 1528 2268 ipsius
1545 2230 1643 2259 bidelli
1661 2231 1840 2266 iuramentO,
1865 2232 1939 2262 mul-

1195 2283 1306 2308 etarum
1332 2287 1383 2317 pro
1415 2281 1479 2308 rata
1511 2279 1610 2308 salarii
1646 2280 1832 2317 persolvendi
1863 2280 1938 2309 ratio

1195 2327 1321 2356 ineatur.

1234 2375 1394 2410 Quotannis
1411 2374 1532 2404 tabellas
1549 2375 1720 2404 lectivorum
1739 2375 1854 2405 dierum
1871 2385 1937 2406 aca-

1194 2423 1306 2453 demiae
1339 2423 1505 2462 sumptibus
1537 2424 1611 2462 typis
1639 2424 1797 2462 impressas
1819 2433 1834 2453 a
1858 2428 1939 2463 typo-

1195 2472 1305 2510 grapho
1335 2471 1483 2510 accipiet,
1507 2476 1535 2501 et
1564 2471 1688 2509 singulis
1721 2471 1938 2510 professoribus

1195 2520 1365 2550 distribuet.

1234 2569 1362 2599 Bidellus
1395 2569 1439 2598 vel
1461 2569 1490 2598 in
1514 2569 1584 2608 ipsis
1617 2568 1781 2598 academiae
1810 2568 1936 2598 aedibus
