2182 3137
82 198 133 227 An.
148 197 180 226 C.
202 196 271 225 ¹730

276 244 356 278 tioui
382 254 458 278 suae
483 249 516 278 et
535 243 640 277 dictae
664 241 756 275 Sedis
777 238 855 274 alias
882 251 1018 284 quomo-

278 298 404 331 dolibet
436 303 678 331 reservatorum
714 295 764 328 vel
802 294 1015 334 affectorum,

279 362 351 384 sese
377 351 631 389 intromiserim,
650 354 721 389 aut,
740 347 917 391 quominus
943 357 1018 390 pro-

278 404 419 437 visiones
450 410 482 436 et
506 402 627 445 gratiae
652 401 840 434 Sanctitatis
875 400 955 433 Suae
979 401 1017 432 de

278 457 341 490 illis
366 457 507 489 debitum
527 455 674 489 effectum
690 459 943 498 consequantur,
961 454 1019 486 im-

277 510 501 554 pedimentum
520 519 652 552 quoquo
672 508 769 541 modo
787 507 1018 551 praestiterint,

277 574 336 596 usu
355 570 386 595 et
403 562 564 595 beneficio
590 562 777 605 praedictae
799 561 959 593 facultatis
979 571 1017 593 eo

277 617 348 660 ipso
381 616 495 660 privati
523 616 684 655 existant,
711 627 747 649 ac
769 615 960 649 collationes
987 620 1019 647 et

277 670 360 702 aliae
394 669 626 713 dispositiones
662 669 701 702 de
738 668 905 702 beneficiis
930 667 1017 700 illius

276 728 443 766 praetextu
476 722 630 766 deinceps
667 721 860 760 faciendae,
894 721 1017 753 nullius

277 775 342 808 sint
367 775 492 808 roboris
516 777 565 808 vel
591 775 758 808 momenti.
783 775 830 807 Illi
857 785 941 813 vero,
964 773 1016 817 qui

277 829 413 871 gratiam
450 828 659 861 alternativae
696 827 883 871 praedictae
920 837 1015 860 acce-

276 887 368 925 ptare
393 882 581 922 voluerint,
614 881 871 924 acceptationem
906 881 1018 913 liuius-

277 935 364 968 modi
390 946 449 978 per
472 941 620 978 patentes
658 935 781 968 litteras
819 944 915 967 manu
942 945 1019 977 pro-

277 988 349 1032 pria
372 988 569 1032 subscriptas
586 999 712 1032 suoque
732 988 841 1031 sigillo
867 987 1018 1026 munitas,

278 1047 309 1074 et
333 1041 365 1074 in
391 1044 448 1074 sua
473 1042 613 1085 quisque
645 1042 770 1074 civitate
796 1042 847 1074 vel
873 1040 1017 1073 dioecesi

279 1094 367 1127 datas
394 1095 572 1134 declarare,
591 1100 622 1128 et
642 1094 766 1127 litteras
792 1095 877 1137 ipsas
895 1094 961 1127 sive
979 1094 1017 1127 ad

279 1147 440 1180 datarium
475 1148 660 1181 Sanctitatis
691 1148 773 1181 Suae
799 1147 1018 1180 transmittere

279 1205 472 1241 teneantur;
492 1201 610 1245 quibus
636 1202 676 1234 ab
702 1211 740 1234 eo
757 1200 898 1244 receptis
919 1206 950 1234 et
969 1211 1019 1234 re-

279 1254 431 1297 cognitis,
451 1255 535 1287 acin
553 1255 638 1288 libro
664 1255 704 1288 ad
729 1255 761 1288 id
786 1255 942 1298 deputato
967 1265 1018 1288 re-

278 1307 434 1351 gistralis‚
452 1313 529 1341 tunc
548 1308 688 1349 demum,
708 1313 740 1341 et
759 1318 824 1341 non
851 1313 955 1350 antea,
971 1308 1017 1341 uti

278 1361 436 1405 incipiant
461 1361 563 1405 gratia
588 1362 782 1406 supradicta.
807 1362 942 1405 Insuper
966 1362 1019 1395 de-

278 1415 421 1454 claravit,
447 1415 533 1458 quod
558 1415 584 1447 si
609 1415 695 1447 idem
719 1415 893 1458 episcopus
918 1415 1020 1458 pluri-

278 1465 338 1499 bus
363 1467 508 1500 ecclesiis
533 1468 838 1511 quomodocumque
859 1467 957 1500 unitis
983 1477 1019 1500 cx

278 1520 459 1563 apostolica
483 1521 694 1554 concessione
719 1526 750 1554 et
775 1520 1019 1564 dispensatione

278 1573 587 1616 quomodocumque
612 1574 756 1617 praesit,
782 1579 934 1607 teneatur
957 1573 1018 1606 liu-

277 1625 417 1659 iusmodi
443 1627 652 1660 alternativae
678 1627 813 1669 gratiam
829 1653 836 1667 ,
861 1632 1019 1670 quatenus

278 1680 314 1711 ea
338 1679 436 1723 potiri
462 1679 561 1720 velit,
587 1679 756 1723 utriusque
782 1679 937 1714 ecclcsiae
962 1690 1015 1713 no-

276 1732 363 1766 mine
389 1733 540 1776 explicite
566 1738 748 1776 acceptare,
774 1733 853 1766 alias
879 1733 925 1766 illi
951 1743 1016 1766 non

275 1785 481 1828 suffragetur.
508 1785 546 1818 Et
577 1791 652 1830 post
678 1786 794 1819 saetam
820 1786 1018 1830 acceptatio-

276 1848 352 1872 nem
377 1844 408 1872 et
431 1839 662 1873 admissionem
687 1840 719 1872 in
746 1839 889 1879 dataria,
909 1838 1016 1872 neutri

275 1893 361 1937 parti
386 1893 484 1926 liceat
516 1893 578 1926 nisi
604 1893 759 1927 concordi
792 1904 952 1927 consensu
977 1893 1017 1926 ab

277 1948 314 1979 ea
338 1947 506 1980 recedere.
523 1947 700 1980 Declarans
726 1953 906 1991 praeterea,
924 1958 1018 1981 exce-

276 2000 421 2043 ptionem
436 2001 573 2044 positam
591 2001 623 2034 in
642 2002 755 2044 regula
769 2002 878 2034 favore
890 2001 920 2034 S.
933 2001 970 2034 R.
984 2001 1017 2034 E.

276 2054 499 2094 cardinalium,
519 2060 551 2088 et
574 2055 736 2088 indultum
755 2055 948 2088 conserendi
966 2055 1019 2088 be-

276 2107 392 2141 neficia
427 2114 592 2142 reservata
630 2118 823 2142 concessum
860 2108 1018 2142 cardinali

277 2161 440 2206 episcopo,
458 2173 523 2196 non
541 2162 707 2205 suffragari
727 2163 871 2207 capitulo
889 2163 1018 2196 ratione

278 2215 515 2248 communionis
540 2221 572 2249 et
596 2216 775 2257 consortii,
801 2216 887 2249 iuxta
912 2216 1019 2249 decla-

278 2269 436 2302 rationem
480 2269 582 2312 selicis
620 2271 860 2304 recordationis
897 2270 1017 2304 Urbani

279 2320 382 2363 Papae
418 2322 481 2355 VIII
517 2323 782 2366 praedecessoris
815 2324 863 2356 sui
897 2323 1016 2356 editam

280 2372 331 2406 die
355 2384 374 2406 x
398 2376 591 2418 septembris
623 2387 709 2410 anno
735 2386 895 2416 tincxxvt‚
922 2387 1017 2420 quam

278 2425 439 2460 Sanctitas
462 2427 526 2460 Sua
550 2428 582 2461 in
607 2430 758 2463 omnibus
777 2436 807 2463 et
828 2440 886 2473 per
911 2430 1019 2462 omnia

278 2480 451 2523 approbat.
484 2480 670 2516 Dcccrnens
701 2483 748 2516 sic
773 2483 805 2516 in
830 2483 1019 2527 praemissis

278 2533 430 2567 omnibus
447 2544 505 2578 per
530 2545 764 2580 quoscumque,
783 2543 861 2578 etc.,
881 2536 1018 2570 iudicari

279 2587 408 2629 debere,
435 2598 471 2623 ae
496 2587 634 2630 irritum,
660 2594 720 2624 etc.

903 191 1049 216 CLEMENS
1079 191 1125 215 XII
1150 192 1201 216 FP.

1749 183 1769 215 5
1814 191 1865 218 An.
1887 191 1915 219 C.
1933 191 2001 221 1730

1105 251 1136 273 Χ.
1163 241 1241 274 Item
1266 241 1368 274 voluit
1393 242 1479 275 idem
1517 241 1668 274 dominus
1693 247 1805 274 noster
1843 254 1872 275 n
1889 255 1963 275 ianam
1980 255 1999 275 ιιι

1063 293 1163 336 Papa,
1189 295 1276 337 quod
1302 306 1457 328 concessa
1482 306 1542 339 per
1567 294 1669 328 felicis
1699 304 1806 328 recor·
1816 281 1847 328 ἷο
1848 284 1894 333 ¹3¹?
1898 281 2000 333 ‘aazia
1986 288 2000 301 Ἰ

1063 346 1206 379 dationis
1239 347 1464 381 Innocentium
1491 348 1577 380 XIII¹
1612 348 1806 391 praedeces·
1816 335 1899 354 ‘mn'

1062 410 1167 433 sorem
1193 411 1296 440 suum,
1315 401 1402 433 etde
1426 402 1493 434 eius
1519 402 1681 441 mandatO,
1708 412 1805 444 expe-

1062 453 1192 485 diantur
1212 454 1244 486 in
1271 452 1372 486 forma
1398 454 1533 488 Rationi
1557 455 1805 498 conqruil,e{c.,

1062 507 1123 539 sub
1142 507 1193 539 die
1220 507 1445 540 coronationis
1466 518 1554 547 suae,
1575 514 1610 540 ut
1630 508 1729 540 moris
1748 514 1806 548 est,

1063 565 1094 592 et
1118 560 1203 593 idem
1230 561 1337 603 quoad
1364 571 1520 593 concessa
1552 571 1612 604 per
1642 561 1714 604 piae
1741 572 1808 594 mc-

1062 613 1185 646 moriae
1210 613 1411 646 Clementem
1433 614 1471 646 xl
1491 613 1587 646 ctiam
1613 614 1807 656 praedeces-

1062 677 1168 700 sorem
1193 677 1286 700 suum
1319 668 1357 700 ad
1392 677 1444 699 sex
1476 677 1606 700 meuses
1643 667 1808 700 dumtaxat

1062 721 1102 753 ab
1120 720 1191 764 ipso
1210 720 1261 753 die
1280 720 1504 753 coronationis
1530 720 1737 763 incipiendos
1755 721 1808 753 ob-

1062 773 1182 806 servari
1208 773 1323 806 voluit.

1106 837 1147 860 x1.
1174 826 1252 859 Item
1279 827 1455 860 declaravit
1481 826 1627 860 omnium
1654 832 1685 860 et
1701 827 1827 881 singu-
1832 836 1868 857 n
1871 836 1953 857 urai
1969 843 2002 856 0-

1062 881 1166 913 larum
1193 881 1405 914 ecclesiarum
1428 880 1669 914 cathedralium
1689 886 1721 913 et
1739 892 1807 913 mo-
1819 866 1903 928 “firm
1903 870 1944 883 ΙΙΙ

1061 933 1277 967 nasteriorum
1298 934 1515 977 provisiones,
1544 944 1623 977 quas
1648 934 1806 977 praedicti
1829 923 1910 982 »ἶιΙιΙιιιι
1933 926 1983 962 ιιιιΙ

1063 987 1333 1030 praedecessores
1350 988 1400 1020 sui
1427 987 1625 1020 ordinationi
1645 993 1675 1020 et
1698 987 1807 1030 dispo·
1829 976 1884 989 ΙἸΙΙ
1923 978 1926 986 Ι

1062 1040 1171 1073 sitioni
1198 1051 1325 1080 eorum,
1343 1051 1470 1073 necnon
1495 1040 1603 1073 omnia
1629 1045 1659 1072 et
1677 1040 1806 1082 singula

1062 1093 1224 1127 beneficia
1249 1094 1481 1134 ecclesiastica,
1500 1104 1584 1137 quae
1610 1093 1687 1126 dicti
1713 1104 1807 1137 prae-

1063 1147 1252 1181 decessores
1270 1148 1366 1181 etiam
1385 1148 1572 1192 praedictae
1598 1148 1806 1191 dispositioni

1062 1211 1133 1234 cum
1150 1201 1402 1246 interpositione
1421 1202 1542 1235 decreti
1560 1207 1808 1235 revervaveraut

1063 1253 1161 1297 (quae
1197 1254 1331 1298 quidem
1366 1255 1547 1294 ecclesiae,
1585 1254 1807 1293 monasteria,

1063 1317 1192 1341 necnon
1217 1307 1262 1341 sic
1286 1313 1452 1341 reservata
1476 1307 1638 1341 beneficia
1658 1312 1806 1350 tempore

1063 1361 1172 1394 obitus
1195 1361 1389 1395 eorumdem
1407 1361 1701 1405 praedecessorum
1718 1370 1807 1393 vaca·

1063 1415 1152 1454 hant,
1173 1420 1228 1447 aut
1253 1415 1412 1448 ecclcsiae
1438 1415 1546 1459 ipsae,
1572 1415 1624 1448 vel
1649 1419 1808 1447 monaste-

1062 1467 1110 1500 ria
1134 1468 1340 1507 huiusmodi,
1366 1468 1392 1500 si
1419 1468 1655 1507 commendata,
1682 1467 1732 1500 vel
1760 1467 1806 1500 eis
1830 1494 1833 1495 γ

1062 1520 1344 1553 administratores
1381 1520 1526 1563 deputati
1561 1531 1627 1553 non
1653 1520 1807 1559 fuissent,

1063 1573 1252 1606 etiamtunc
1270 1583 1334 1606 non
1354 1574 1549 1615 vacassent),
1566 1574 1759 1607 remansisse
1776 1578 1808 1605 et

1062 1636 1232 1660 remanere
1258 1637 1316 1670 per
1341 1627 1530 1660 huiusmodi
1550 1627 1807 1660 reservationem

1061 1685 1094 1711 et
1118 1679 1286 1712 decretum
1312 1679 1436 1719 assecta,
1463 1681 1656 1724 nullumque
1683 1680 1721 1713 de
1740 1680 1805 1712 illis

1062 1738 1191 1776 praeter
1223 1733 1405 1766 Romanum
1440 1732 1631 1766 Pontificem
1671 1735 1707 1765 ea
1737 1733 1805 1765 vicc

1061 1795 1095 1818 se
1121 1785 1340 1819 intromittere
1362 1787 1412 1819 vel
1438 1786 1614 1830 disponere
1640 1786 1803 1829 potuisse,

1062 1838 1127 1872 sive
1153 1849 1249 1882 posse
1276 1849 1407 1882 quoquo
1433 1840 1541 1872 modo*
1563 1839 1749 1872 Deccrnens
1767 1838 1806 1870 ir-

1061 1893 1160 1926 ritum
1185 1898 1216 1926 et
1241 1893 1357 1933 inane,
1385 1893 1410 1925 si
1437 1903 1532 1926 secus
1558 1903 1659 1936 super
1684 1892 1735 1924 his
1761 1897 1807 1924 at-

1062 1951 1217 1980 tentatum
1244 1947 1357 1980 forsan
1382 1951 1452 1979 erat
1477 1952 1566 1986 tunc,
1586 1947 1633 1980 vel
1654 1946 1806 1989 imposte-

1061 2011 1131 2033 rum
1158 2001 1333 2043 contigerit
1357 2000 1522 2034 attentati.

1104 2064 1159 2087 xu
1186 2053 1265 2087 Item
1300 2053 1487 2097 p1acdictus
1513 2053 1665 2087 dominus
1691 2063 1750 2087 nos
1738 2058 1806 2086 tei
1824 2059 1854 2079 Ρη
1858 2059 1991 2106 [Πιαιυι
1996 2070 2002 2101 2

1061 2117 1174 2140 omnes
1200 2112 1232 2140 ct
1258 2107 1402 2150 singulas
1436 2107 1474 2140 ab
1500 2106 1690 2140 Innocentio
1716 2089 2001 2159 XI¹I²I¹1203⁰i1i³fffl

1062 2161 1208 2194 Romano
1234 2160 1388 2194 Pontifice
1415 2161 1666 2204 praedecessme
1687 2171 1744 2193 suo
1762 2160 1806 2192 in·
1817 2172 1829 2185 ιι
1826 2168 1871 2185 ¹¹³³

1063 2215 1109 2248 fra
1134 2225 1253 2247 annum
1280 2220 1354 2248 ante
1381 2215 1466 2247 diem
1500 2215 1569 2247 eius
1595 2214 1703 2248 obitus
1729 2224 1806 2247 con-

1062 2278 1170 2301 cessas
1195 2267 1318 2310 gratiae
1345 2268 1393 2300 vel
1420 2267 1572 2307 iustitiae,
1593 2266 1708 2300 litteris
1727 2271 1806 2299 tem-

1062 2321 1197 2364 poribus
1223 2320 1339 2353 debitis
1361 2331 1470 2353 earum
1496 2321 1725 2353 executoribus
1749 2330 1805 2351 scu

1063 2374 1222 2407 iudicibus
1246 2383 1312 2406 non
1338 2373 1575 2416 praesentatis,
1596 2372 1729 2405 omnino
1756 2383 1806 2405 re-

1062 2427 1224 2467 validam,
1241 2432 1271 2460 ct
1289 2427 1320 2459 iu
1347 2432 1462 2459 statum
1482 2425 1670 2468 pristinum,
1690 2425 1722 2457 in
1741 2435 1806 2468 quo

1924 2172 1958 2185 ant
1949 2171 2001 2211 ι11111111

1873 2198 1904 2211 CS'
1909 2198 1945 2211 utri

1097 2508 1110 2534 1
1132 2508 1235 2534 Forsan
1263 2506 1406 2542 legendum
1434 2505 1623 2533 Benediclum
1644 2504 1732 2540 XIII,
1760 2506 1806 2541 qui

1062 2552 1113 2579 suit
1132 2552 1327 2588 praedecessor
1348 2550 1523 2578 immediatus
1543 2552 1579 2585 (n.
1596 2552 1646 2583 τ.).

1098 2597 1114 2624 ⁶2
1136 2597 1255 2632 Forsan,
1278 2599 1306 2624 ut
1325 2598 1418 2631 antea,
1440 2595 1594 2625 Bcnedfeeo
1614 2595 1687 2623 XIII
1705 2596 1804 2634 (ιω-,1,
