2182 3137
244 225 274 251 Γ..
295 223 358 249 1731

220 705 329 725 Praesenti
333 711 365 723 11111

183 732 299 761 tii-terarum
333 732 365 751 nr-

180 760 252 778 mutas.

222 2190 272 2209 Cum
294 2190 378 2208 rontra-

196 2217 281 2239 riuru1n‚
294 2215 378 2235 obstan-

198 2244 249 2263 num
265 2245 306 2262 etc.
318 2241 376 2261 dero-

197 2269 292 2294 gatione.

409 213 475 247 9⁶24

373 272 467 311 tium,
495 271 705 304 concedimus
731 276 762 302 et
787 269 992 311 idulgemus,
1022 273 1116 310 atque

372 327 476 358 almae
503 323 597 356 Urbis
634 322 799 366 praefatae
836 322 1115 364 gubernatorem,

375 388 433 410 seu
468 377 535 410 eius
569 377 599 409 in
633 376 782 409 civilibus
819 376 1115 412 locumtenentem,

375 441 461 463 nunc
479 430 603 474 pariter
621 434 653 462 et
670 439 729 472 pro
752 434 898 471 tempore
913 427 1118 466 existentem,

376 495 485 516 eoram
508 494 572 526 quo
598 482 757 515 eiusmodi
778 487 848 515 acta
873 480 1037 513 iudicialia
1054 480 1118 512 sive

376 536 580 569 contentiosa
614 535 719 568 facere
758 540 789 567 et
814 533 929 577 exequi
956 533 1060 565 valeat
1085 542 1120 564 ae

376 589 514 628 debeat,
543 589 732 621 auctoritate
769 593 801 620 ct
827 593 940 619 tenore
965 584 1119 629 praefatis

376 642 602 675 constituimus
629 647 661 674 et
686 642 892 684 deputamus.

422 696 437 738 ἓ
457 695 486 727 7.
512 695 741 733 Decernentes,
759 694 846 737 ipsas
863 697 1054 736 praesentes
1073 691 1121 723 lit-

378 754 474 787 teras,
501 748 596 780 etiam
624 759 660 780 ex
688 747 833 789 eoquod
859 745 1034 788 supradicti
1066 754 1122 776 no-

380 801 463 841 tarii,
484 801 583 833 etalii
603 800 798 844 quicumque
817 799 849 831 in
868 797 1056 841 praemissis
1075 797 1122 828 ius

378 866 435 888 seu
463 855 622 887 interesse
648 854 806 886 babentes
824 853 873 885 vel
895 852 1017 884 babere
1044 861 1120 893 quo-

379 908 564 940 modolibet
588 906 855 950 praetendentes,
873 904 937 937 illis
963 914 1028 935 non
1047 914 1123 935 cou-

378 960 552 1000 senserint‚
574 971 632 993 nec
649 961 688 992 ad
715 970 752 991 ea
777 958 889 996 vocati,
909 957 995 989 citati
1023 961 1054 988 et
1075 966 1123 987 au·

380 1013 436 1045 diti
466 1013 604 1051 fuerint,
633 1013 671 1044 de
705 1010 926 1053 subreptionis
954 1010 1002 1041 vel
1028 1009 1123 1040 obre-

382 1066 505 1109 ptionis
524 1066 613 1105 vitio,
632 1071 685 1098 aut
713 1063 903 1097 intentionis
928 1067 1056 1095 nostrae
1076 1062 1124 1093 vel

381 1119 447 1151 alio
468 1119 580 1162 quovis
608 1118 735 1150 defectu
754 1116 869 1155 notari,
890 1115 979 1158 argui
999 1116 1049 1147 vel
1072 1115 1126 1146 im-

382 1171 521 1214 pugnari
551 1172 737 1203 nullatenus
767 1179 882 1213 posse,
909 1169 966 1200 sed
993 1177 1126 1210 semper

382 1224 512 1264 sirmas,
540 1224 659 1257 validas
685 1228 716 1255 et
742 1223 888 1255 efficaces
923 1221 1061 1254 existere
1096 1225 1126 1252 et

383 1278 461 1317 sore,
481 1288 625 1320 suosque
650 1275 814 1319 plenarios
836 1280 868 1308 et
885 1275 1029 1317 integros
1054 1272 1127 1305 effe-

382 1336 454 1363 ctus
469 1330 578 1363 sortiri
599 1336 630 1363 et
651 1329 798 1362 obtinere
816 1339 823 1368 ;
839 1338 876 1361 ac
897 1328 982 1360 dicto
998 1326 1126 1359 notario

382 1384 638 1422 etcanccllario,
667 1384 804 1425 aliisque
830 1383 869 1414 ad
892 1391 973 1424 quos
1003 1385 1127 1423 spectat

383 1443 414 1470 et
440 1439 711 1481 quandocumque
738 1436 905 1479 spectabit,
922 1435 953 1467 iu
975 1434 1126 1466 omnibus

384 1496 416 1523 et
433 1502 492 1534 per
509 1491 616 1523 omnia
634 1490 824 1533 plenissime
843 1487 1021 1530 suffragari,
1040 1492 1071 1519 et
1088 1487 1127 1518 ab

386 1545 433 1577 eis
464 1544 642 1587 respective
678 1542 908 1575 inviolabiliter
936 1539 1127 1578 observari,

387 1598 501 1640 sicque
528 1602 560 1629 et
592 1607 658 1629 non
689 1596 782 1629 aliter
818 1605 878 1637 per
905 1603 1128 1637 quoscumque

386 1651 511 1683 iudices
537 1649 720 1682 ordinarios
752 1653 783 1681 et
815 1648 1003 1689 delegatos,
1032 1645 1128 1678 etiam

386 1714 554 1737 causarum
575 1703 685 1746 palatii
711 1701 881 1745 apostolici
904 1701 1078 1739 auditores,
1099 1704 1130 1732 et

386 1757 533 1789 eiusdem
560 1756 592 1788 S.
614 1757 650 1789 tt.
673 1756 707 1788 E.
735 1755 943 1793 cardinales,
969 1753 1064 1786 ctiam
1090 1753 1128 1784 dc

385 1811 490 1842 latere
513 1811 649 1852 legatos,
673 1809 798 1841 sublata
820 1809 866 1841 eis
884 1813 915 1840 et
934 1818 1047 1840 eorum
1066 1807 1130 1838 cui-

386 1863 466 1896 libet
484 1863 595 1905 quavis
614 1863 709 1895 aliter
727 1862 890 1894 iudicandi
910 1866 942 1893 et,
971 1861 1130 1902 interpre—

387 1916 478 1949 tandi
516 1917 666 1948 facultate
698 1921 728 1947 et
753 1914 967 1952 auctoritate,
995 1912 1128 1945 iudicari

387 1974 419 2001 et
446 1969 570 2001 definiri
599 1968 737 2007 debete,
758 1979 794 2000 ac
819 1967 945 1999 irritum
973 1972 1004 1998 et
1033 1966 1129 1998 inane

388 2022 414 2054 si
441 2032 531 2055 secus
569 2032 666 2064 super
692 2021 742 2053 liis
767 2032 783 2052 a
809 2031 988 2063 quaquam,
1019 2019 1130 2062 quavis

387 2075 590 2113 auctoritate,
610 2074 752 2106 scienter
766 2074 815 2106 vel
835 2073 1035 2115 ignoranter,
1055 2083 1131 2104 con—

388 2127 498 2170 tigerit
523 2127 685 2160 attentari.

434 2183 449 2225 §
474 2180 506 2214 8.
530 2181 597 2213 Non
625 2180 829 2212 obstantibus
849 2179 998 2212 omnibus
1017 2185 1048 2211 et
1067 2179 1132 2212 sin-

390 2235 475 2277 gulis
493 2233 690 2277 praemissis,
710 2244 849 2272 necnon,
865 2239 1024 2276 (quatenus
1051 2243 1132 2276 opus

390 2287 455 2329 sit,
487 2289 597 2319 nostra
622 2292 653 2319 et
678 2286 899 2319 Cancellariae
927 2286 1131 2328 Apostolicae

390 2341 501 2383 regula
527 2341 566 2373 (le
593 2339 661 2372 iure
696 2339 843 2382 quaesito
875 2349 939 2371 non
967 2339 1132 2378 tollendo,

390 2404 519 2426 necnon
545 2393 741 2425 recolendae
778 2392 954 2425 memoriae
992 2392 1036 2424 Pii
1070 2392 1130 2424 Pa-

391 2457 451 2489 pae
482 2446 518 2478 tv
550 2446 697 2478 similiter
729 2444 996 2488 praedecessoris
1029 2444 1132 2477 nostri

392 2499 433 2531 de
455 2498 565 2540 gratiis
591 2498 831 2541 qualecumque
849 2497 1007 2529 interesse
1026 2496 1134 2529 Came-

393 2561 448 2583 rae
475 2551 676 2593 Apostolicae
701 2550 977 2583 concernentibus
1001 2549 1032 2581 in
1051 2549 1135 2582 dicta

393 2604 527 2637 Camera
553 2604 635 2636 intra
654 2609 777 2636 certum
796 2603 875 2636 inibi
897 2603 1133 2646 praescriptum

958 218 1142 243 BULLARIUM
1168 218 1325 242 ROMANUM

1161 271 1287 310 tempus
1319 265 1566 309 praesentandis
1600 270 1631 298 et
1668 264 1902 307 mgistrandis,

1161 320 1240 352 itaut
1265 324 1452 362 praesentes
1471 318 1502 350 in
1522 320 1558 350 ea
1584 317 1786 360 praesentari
1808 323 1839 350 et
1857 327 1906 350 re-

1162 372 1288 415 gistrari
1313 373 1403 404 nullo
1428 381 1569 414 unquam
1595 376 1744 414 tempore
1770 381 1904 404 necesse

1162 426 1218 465 sit,
1245 425 1384 468 aliisque
1410 424 1700 457 constitutionibus
1726 429 1757 456 et
1776 423 1905 456 ordina-

1162 478 1306 510 tionibus
1332 477 1539 520 apostolicis,
1566 487 1602 509 ac
1628 476 1723 509 Urbis
1749 481 1780 509 et
1805 476 1905 508 tribu-

1163 531 1285 564 nalium
1310 530 1542 574 praefatorum,
1567 535 1599 562 et
1625 529 1790 573 quibusvis
1813 529 1903 569 aliis,

1164 586 1261 617 etiam
1286 584 1487 622 iuramento,
1509 582 1756 616 confirmatione
1778 587 1907 625 aposto-

1164 637 1234 676 lica,
1261 638 1311 669 vel
1333 636 1445 680 quavis
1474 635 1625 668 firmitate
1651 636 1711 668 alia
1734 635 1906 674 roboratis,

1165 690 1316 728 statutis,
1351 699 1526 731 corumque
1565 688 1851 721 reformationibus
1877 693 1909 721 et

1166 743 1257 776 novis
1283 742 1515 781 additionibus,
1534 741 1635 784 stylis,
1653 741 1764 774 usibus
1782 746 1815 774 et
1832 751 1909 774 con-

1166 795 1591 838 suetudinibus,privilegiis
1610 805 1753 838 quoque,
1772 794 1908 827 indultis

1167 855 1198 881 et
1212 848 1327 881 litteris
1343 847 1532 891 apostolicis
1558 847 1590 879 in
1609 847 1804 880 contrarium
1823 857 1910 890 prae-

1167 903 1340 934 missorum
1367 901 1613 945 quomodolibet
1630 901 1811 939 concessis,
1834 910 1910 933 eon-

1167 954 1302 986 firmatis
1338 960 1369 986 et
1399 954 1577 994 innovatis·‚
1609 954 1726 997 quibus
1758 953 1910 986 omnibus

1169 1012 1198 1038 ct
1237 1006 1392 1048 singulis,
1420 1006 1546 1039 etiamsi
1578 1017 1636 1049 pro
1667 1007 1797 1039 illorum
1823 1005 1911 1038 suffi-

1169 1060 1266 1092 cienti
1304 1060 1519 1102 derogatione
1551 1060 1589 1092 de
1626 1059 1691 1092 illis
1730 1070 1911 1103 eorumque

1171 1113 1244 1145 totis·
1271 1113 1441 1145 tenoribus
1467 1113 1637 1155 specialis,
1664 1113 1830 1155 specifica,
1857 1124 1911 1146 ex-

1170 1175 1281 1208 pressa
1319 1170 1351 1198 et
1387 1165 1562 1203 individua,
1589 1176 1625 1198 ac
1662 1166 1701 1198 de
1738 1165 1836 1198 verbo
1871 1165 1911 1198 ad

1170 1219 1314 1257 verbum,
1340 1229 1405 1251 non
1425 1224 1530 1251 autem
1550 1229 1608 1261 per
1632 1220 1794 1251 clausulas
1818 1229 1912 1261 gene-

1171 1272 1254 1303 rales
1295 1272 1382 1304 idem
1425 1272 1660 1315 importantes,
1694 1272 1817 1305 mentio
1853 1282 1912 1304 seu

1171 1325 1303 1367 quaevis
1344 1325 1405 1359 alia
1448 1326 1619 1368 expressio
1663 1325 1817 1358 habenda
1859 1331 1913 1358 aut

1171 1378 1281 1421 aliqua
1306 1378 1367 1411 alia
1393 1379 1553 1421 exquisita
1579 1379 1679 1411 forma
1704 1379 1743 1411 ad
1767 1379 1828 1411 hoc
1847 1389 1914 1411 ser-

1173 1431 1276 1464 vanda
1302 1432 1403 1471 foret,
1425 1432 1555 1464 illorum
1578 1431 1723 1464 omnium
1748 1436 1780 1464 et
1805 1431 1914 1473 singu-

1172 1485 1277 1516 lorum
1306 1490 1448 1525 tenores,
1476 1496 1511 1517 ac
1536 1485 1560 1517 si
1594 1486 1633 1517 de
1659 1485 1757 1517 verbo
1784 1485 1823 1517 ad
1847 1494 1914 1517 ver-

1171 1536 1247 1568 bum
1274 1537 1356 1570 nibil
1393 1537 1523 1581 penitus
1550 1537 1669 1570 omisso
1699 1542 1730 1569 et
1755 1537 1856 1570 forma
1881 1537 1913 1569 in

1172 1590 1237 1623 illis
1263 1591 1379 1623 tradita
1404 1592 1573 1623 observata
1602 1590 1867 1633 exprimerentur
1884 1594 1915 1623 et

1173 1643 1406 1683 insererentur,
1427 1644 1657 1686 praesentibus
1682 1653 1742 1686 pro
1767 1644 1866 1686 plene
1885 1648 1917 1675 et

1173 1696 1372 1730 sufficienter
1397 1697 1560 1739 expressis
1590 1702 1621 1729 et
1645 1696 1774 1729 insertis
1796 1696 1917 1729 liaben-

1175 1755 1244 1788 tos,
1271 1750 1335 1782 illis
1361 1750 1438 1782 alias
1464 1750 1495 1782 in
1522 1760 1580 1782 suo
1615 1750 1735 1782 robore
1768 1759 1918 1792 perman-

1174 1804 1281 1843 suris,
1308 1804 1346 1836 ad
1378 1804 1631 1846 praemissorum
1659 1803 1830 1844 effectum,
1857 1803 1918 1835 liae

1175 1857 1243 1889 vice
1271 1858 1459 1894 dumtaxat,
1485 1857 1675 1899 specialiter
1705 1862 1736 1889 et
1764 1866 1917 1898 expresse

1174 1910 1397 1951 derogamus,
1425 1909 1610 1952 ceterisque
1643 1909 1819 1942 contrariis
1845 1908 1918 1952 qui-

1175 1963 1388 2005 buscui‘nque.

1219 2016 1332 2048 [tatum
1360 2016 1500 2054 Romae,
1534 2016 1620 2058 apud
1653 2015 1684 2048 S.
1707 2015 1838 2047 Mariam
1858 2014 1920 2047 Ma-

1174 2069 1301 2109 iorem,
1327 2069 1386 2100 sub
1419 2069 1541 2101 annulo
1575 2068 1774 2108 Piscatoris,
1808 2067 1860 2100 die
1887 2077 1919 2099 lv

1175 2121 1314 2153 ianuarii
1351 2131 1534 2161 ninccxxxx,
1563 2120 1775 2164 pontificatus
1812 2119 1920 2153 nostri

1176 2186 1261 2208 anno
1284 2186 1304 2208 r

1212 2238 1269 2264 ilat.
1290 2238 1334 2264 die
1359 2238 1369 2263 ἰ
1391 2237 1506 2264 ianuarii
1536 2237 1620 2268 1731,
1642 2236 1738 2271 pontif.
1760 2243 1831 2262 anno
1852 2243 1871 2262 1.

1508 2290 1543 2323 E.
1571 2290 1660 2323 card.
1687 2289 1873 2323 OLtvssnqu.

1502 2459 1597 2495 Xxn.

1179 2548 1386 2588 Constantio,
1413 2557 1490 2590 qua,
1515 2546 1652 2590 praeviat
1676 2545 1922 2587 confirmatione

1223 2605 1251 2634 et
1277 2601 1484 2634 innovatione
1514 2599 1651 2632 alterius
1682 2598 1922 2631 constitutionis

1905 216 1955 241 Au.
1977 219 2006 241 (Σ.
2028 216 2092 244 1730
