2182 3137
49 244 98 271 An.
120 243 149 270 C.
167 243 234 270 1733

852 242 992 267 CLEMENS
1014 242 1058 266 ΧΠ
1091 243 1139 267 ΡΡ.

245 292 419 336 plurimum
439 292 599 326 desiderat
617 293 679 324 una
694 302 765 325 cum
781 291 863 333 aliis,
879 302 984 335 quam-

245 346 290 378 vis
308 358 325 379 a
343 346 597 389 Congregauone
620 351 694 378 tunc
715 345 835 389 pariter
852 345 985 377 existen-

247 399 322 432 tium
356 399 387 432 S.
415 399 450 432 [ἶ.
475 400 509 432 Ε.
539 399 752 432 cardinalium
787 399 928 441 negotiis
955 403 982 430 et

245 453 538 486 consultationibus
567 453 798 496 episcoporum
834 458 865 485 et
897 462 986 494 regu-

246 506 361 539 larium
387 506 647 549 praepositorum
670 506 838 545 ernanatis,
862 512 893 538 et
915 516 985 537 suc-

245 559 367 592 cessive
381 570 440 603 per
454 560 609 601 quasdam
630 559 730 591 felicis
750 558 984 591 recordationis

245 611 417 645 Clementis
443 613 500 645 PP.
530 613 554 644 5
587 611 845 656 praedecessoris
879 612 983 644 nostri

246 666 385 709 desuper
410 666 441 698 in
467 666 562 698 simili
591 666 693 698 forma
718 665 824 698 Brevis
851 665 901 698 die
927 676 982 698 xxx

246 719 372 760 augusti
387 729 522 757 ainccxx,
537 720 642 752 bonae
662 719 833 752 memoriae
853 718 984 751 Giherto

245 772 276 805 S.
293 772 327 805 R.
343 772 375 804 E.
396 772 550 805 cardinali
570 773 766 806 Borromaeo
786 778 984 816 nuncupato,

246 826 322 859 dum
347 826 444 867 vixit,
471 827 548 859 dieti
585 826 713 859 Ordinis
750 826 835 869 apud
871 826 983 859 Sedem

245 880 464 923 Apostolicam
481 880 668 923 protectori,
689 881 822 913 facultas
840 881 894 913 illa
913 890 986 913 con-

245 931 394 966 firmandi
421 933 540 966 tributa
559 933 675 967 suerat:
698 933 922 973 nihilominus,
946 934 986 966 sa-

245 987 303 1019 ctis
341 986 520 1029 diligentiis
558 987 587 1020 in
618 987 773 1030 regestris
799 994 829 1021 et
853 987 984 1021 archivo

245 1040 388 1074 eiusdem
425 1040 574 1081 Ordinis,
602 1042 767 1074 decretum
803 1042 983 1086 praefatum

245 1100 406 1137 repertum
432 1095 564 1127 minime
590 1095 660 1128 suit.
696 1094 795 1128 Porro
822 1096 983 1139 praefatus

244 1147 432 1180 Vincentius
446 1148 590 1180 minister
604 1150 775 1191 generalis,
791 1149 983 1192 praevidens

246 1201 333 1243 quod
359 1201 458 1244 aliqui
481 1212 516 1234 ex
536 1202 753 1242 studentibus,
781 1202 822 1235 ob
840 1202 984 1246 prohibi-

246 1255 377 1295 tionem,
402 1266 498 1299 quam
524 1256 583 1299 ipsi
612 1256 743 1296 habent,
771 1257 904 1289 verbum
931 1256 982 1289 Dei

244 1308 454 1351 praedicandi
480 1309 512 1341 in
538 1308 806 1353 Quadragesimzi,
834 1321 851 1343 a
869 1310 983 1343 studiis

244 1363 520 1396 retraherentur:
559 1365 596 1397 ad
634 1365 871 1398 occurrendum
907 1375 983 1408 ergo

244 1415 322 1449 huic
347 1417 513 1450 verisimili
540 1417 773 1451 inordinationi
810 1419 896 1452 aliud
930 1430 984 1462 pa-

244 1471 322 1504 riter
346 1471 509 1504 decretum
535 1482 551 1504 a
569 1472 753 1505 delinitorio
772 1472 914 1515 generali
934 1474 984 1505 As-

244 1524 309 1558 sisii
335 1535 468 1559 MDccvn
495 1526 622 1565 sactum,
649 1526 733 1569 quod
756 1532 802 1559 est
821 1527 851 1558 in
870 1527 984 1560 ordine

244 1585 374 1620 sextum,
390 1590 447 1623 per
464 1580 550 1623 quod
572 1580 700 1622 triginta
718 1592 877 1614 annorum
896 1587 983 1614 aetas

242 1633 473 1676 praescribitur
488 1645 545 1677 pro
563 1634 785 1677 approbandis
803 1635 851 1674 iis,
867 1634 984 1678 quibus

243 1686 374 1719 licentia
398 1687 608 1730 praedicandi
636 1688 772 1721 concedi
800 1688 907 1728 debet,
926 1689 985 1721 mi-

243 1739 330 1773 nime
348 1746 455 1773 tamen
473 1741 717 1784 comprehensis
735 1742 767 1774 iu
787 1744 877 1774 sacra
895 1743 984 1775 theo-

243 1793 330 1836 logia
355 1795 539 1837 magistris,
565 1798 727 1828 reservata
753 1807 812 1839 pro
839 1802 984 1839 tempore

243 1848 392 1881 existenti
417 1848 566 1881 ministro
593 1850 738 1891 generali
758 1850 914 1893 praedicti
933 1850 985 1882 Or-

244 1901 329 1934 dinis
355 1901 506 1935 facultate
532 1902 739 1945 dispensandi
772 1914 832 1946 pro
858 1903 984 1936 duobus

245 1955 337 1988 annis
364 1953 402 1988 ad
429 1966 588 1988 summum
611 1957 649 1988 ad
669 1955 816 1989 effectum
834 1958 985 2000 praemis-

243 2018 312 2042 sum
337 2020 434 2053 super
459 2015 563 2042 aetate
588 2010 770 2053 praedicta,
796 2010 891 2043 etiam
926 2022 984 2054 per

244 2073 301 2096 nos
326 2063 506 2096 confirmari
529 2063 703 2107 plurimum
722 2065 821 2108 cupit.
857 2064 893 2096 Et
911 2064 984 2108 quia

244 2116 282 2149 dc
308 2127 444 2150 numero
471 2117 642 2157 iuvenum,
670 2116 722 2161 qui
761 2117 799 2150 ad
838 2117 983 2150 habitum

244 2169 464 2210 admittuntur,
484 2181 548 2204 non
567 2182 679 2204 omnes
698 2171 877 2204 studiorum
898 2172 985 2204 theo-

243 2225 352 2268 logiae
369 2225 584 2258 scholasticae
603 2235 736 2269 capaces
754 2230 838 2265 sunt,
861 2225 899 2258 ad
922 2226 984 2259 hoc

243 2284 279 2311 ut
314 2279 452 2312 durante
490 2290 603 2312 eorum
629 2279 831 2322 prosessorio
860 2284 983 2322 tempus

243 2333 524 2377 speculationibus
550 2333 752 2366 scholasticis
777 2343 911 2376 operam
933 2344 985 2366 na-

243 2386 346 2420 vando
368 2386 545 2419 inutilitcr¹
573 2392 689 2426 terant,
711 2386 779 2429 ipse
799 2385 983 2419 Vincentius

244 2439 392 2473 minister
417 2441 580 2483 generalis
606 2440 697 2473 valde
718 2440 897 2483 proficuum
920 2440 985 2473 exi-

244 2493 374 2534 stimat,
401 2500 434 2527 ut
470 2494 502 2526 in
539 2494 683 2538 qualibet
707 2494 875 2537 provincia
900 2505 984 2527 unus

244 2551 298 2579 aut
334 2547 397 2580 duo
434 2553 614 2581 conventus
638 2547 724 2580 iuxta
750 2547 906 2580 maiorem
934 2549 982 2581 vel

244 2600 406 2634 minorem
428 2601 669 2644 provinciarum
689 2601 910 2635 extensionem
929 2602 983 2635 de-

280 2665 290 2691 1
315 2663 424 2692 Videtur
444 2663 538 2692 deesse
559 2663 689 2699 particula
708 2672 765 2691 non
788 2665 823 2700 (u.
844 2665 893 2699 τ,).

1028 297 1196 334 putaretur
1223 294 1269 326 vel
1297 294 1541 338 deputarentur,
1570 295 1600 327 in
1623 305 1686 338 quo
1709 305 1767 328 seu

1028 345 1147 387 quibus
1175 346 1237 379 iam
1263 348 1435 381 seminaria
1456 354 1566 381 erecta
1585 349 1769 392 reperiren-

1029 403 1091 437 tury
1111 399 1220 442 ibique
1240 401 1396 443 praedicti
1416 401 1548 435 iuvenes
1567 413 1624 445 pro
1644 402 1767 434 eisdem

1028 451 1143 483 studiis
1160 454 1365 487 scholasticis
1386 456 1548 489 inhabiles
1568 457 1769 488 collocaren-

1030 510 1088 543 tur,
1115 510 1149 537 ut
1171 506 1355 549 theologiae
1376 509 1488 541 morali
1509 510 1568 541 sub
1591 509 1769 542 directione

1029 558 1123 591 unius
1141 560 1273 592 lectoris
1293 568 1454 601 vacarent,
1473 562 1584 605 eique¹
1608 563 1768 596 eiusmodi

1028 612 1148 644 lectura
1174 623 1232 655 pro
1249 615 1443 656 paternitate
1463 616 1658 658 provinciae,
1678 617 1768 649 dum-

1029 666 1125 698 modo
1152 666 1239 698 illam
1265 667 1474 700 laudabiliter
1498 680 1556 711 per
1582 670 1767 711 quindecim

1028 729 1129 752 anuos
1151 720 1348 760 exercereff,
1372 722 1421 754 rel
1447 722 1518 754 aliis
1541 723 1594 765 qui
1617 733 1679 755 uno
1702 729 1769 756 tan-

1030 778 1093 805 tum
1121 773 1260 806 triennio
1292 775 1438 807 eamdem
1473 776 1672 818 theologiam
1702 787 1769 809 rno-

1029 827 1129 859 ralcm
1166 829 1414 871 praelegerent,
1441 839 1500 871 pro
1538 830 1632 862 tertia
1668 831 1768 863 classe

1028 880 1205 924 respective
1231 881 1401 924 suffragat-i
1423 888 1531 926 posset
1557 888 1588 915 et
1614 883 1766 924 deberet,

1028 945 1063 966 ac
1089 934 1219 969 tandem
1244 946 1305 979 pro
1331 937 1573 980 complemento
1595 937 1769 980 requisito-

1029 999 1095 1021 rum
1122 999 1183 1032 pro
1205 989 1400 1033 paternitate
1427 991 1594 1034 praedicta
1615 991 1690 1032 illis,
1712 991 1766 1035 qui

1027 1048 1098 1086 post
1122 1043 1277 1076 lecturam
1306 1044 1429 1084 tertiae,
1456 1045 1620 1078 secundae
1647 1050 1677 1077 et
1704 1046 1768 1088 pri-

1027 1107 1096 1129 mae
1122 1097 1233 1129 classis
1260 1097 1437 1140 collegium
1464 1098 1619 1141 consequi
1655 1099 1768 1141 nequi-

1028 1156 1118 1189 rent,
1146 1162 1214 1184 eam
1252 1153 1435 1185 exercendo
1474 1163 1532 1195 per
1561 1158 1660 1184 totum
1689 1152 1768 1185 illud

1029 1209 1155 1246 tempus
1186 1205 1269 1247 quod
1304 1216 1363 1248 pro
1397 1206 1637 1248 complemento
1675 1206 1769 1248 (luin-

1028 1257 1137 1289 dennii
1156 1257 1201 1290 eis
1216 1259 1358 1297 deesset,
1374 1258 1434 1291 hac
1453 1265 1556 1291 tamen
1579 1258 1768 1291 conditione

1027 1311 1111 1352 quod
1129 1310 1264 1344 lectores
1284 1311 1470 1354 theologiae
1488 1312 1621 1345 moralis
1641 1322 1769 1344 eorum-

1028 1364 1099 1396 dem
1127 1364 1376 1398 seminariorum
1402 1365 1558 1398 lectiones
1585 1365 1616 1397 in
1638 1366 1767 1409 scriptis

1028 1418 1156 1451 tradant
1182 1418 1332 1451 omnibus
1359 1418 1422 1451 illis
1448 1419 1563 1452 diebus
1590 1425 1620 1452 et
1645 1425 1769 1463 tempo-

1029 1471 1128 1512 ribus,
1154 1472 1272 1515 quibus
1299 1471 1352 1505 alii
1378 1478 1531 1515 regentes
1557 1472 1627 1506 illas
1650 1473 1768 1513 facere,

1028 1531 1059 1558 et
1084 1525 1144 1569 ipsi
1172 1526 1270 1558 etiam
1300 1537 1359 1570 pro
1392 1527 1515 1559 circulo
1550 1527 1767 1560 conserentias

1029 1578 1130 1611 tribus
1156 1579 1270 1611 diebus
1296 1579 1326 1611 in
1355 1579 1559 1612 hebdomada
1586 1579 1706 1613 habere
1727 1585 1771 1613 tc-

1028 1638 1174 1672 neantur,
1202 1638 1233 1666 et
1257 1633 1385 1673 saltem,
1411 1639 1542 1677 praeter
1560 1634 1691 1667 iuvenes
1712 1635 1768 1677 qui

1029 1685 1058 1718 in
1079 1685 1141 1719 illis
1156 1685 1340 1718 seminariis
1354 1687 1534 1719 collocandi
1551 1693 1667 1728 essent,
1688 1687 1768 1721 duos

1028 1744 1080 1772 aut
1106 1744 1171 1772 tres
1192 1739 1271 1773 alios
1291 1740 1461 1782 religiosos
1481 1741 1631 1781 habeant,
1651 1741 1768 1784 quibus

1028 1793 1123 1826 etiam
1151 1794 1234 1826 dicta
1259 1794 1355 1827 lectio
1381 1794 1512 1827 moralis
1539 1795 1694 1828 tradenda
1720 1805 1770 1828 es-

1027 1852 1087 1880 set.
1122 1847 1221 1880 Nobis
1257 1854 1434 1891 propterea
1468 1848 1554 1881 idem
1580 1849 1768 1882 Vincentius

1028 1901 1175 1935 minister
1200 1903 1364 1945 generalis
1392 1903 1559 1936 humiliter
1591 1903 1768 1947 supplicari

1029 1955 1103 1988 secit
1138 1962 1171 1988 ut
1197 1956 1228 1988 in
1262 1956 1450 2000 praemissis
1484 1963 1668 2000 opportune
1693 1968 1769 2001 pro-

1027 2009 1136 2042 videre
1163 2014 1194 2041 et
1224 2016 1258 2041 ut
1291 2009 1374 2042 infra
1400 2009 1573 2053 indulgere
1606 2011 1645 2043 de
1678 2010 1769 2043 beni-

1028 2063 1148 2106 gnitate
1174 2063 1354 2106 apostolica
1379 2064 1602 2106 dignaremur.

1071 2116 1085 2159 ἓ
1110 2116 1142 2150 3.
1169 2116 1232 2150 Nos
1258 2117 1377 2160 igitur,
1402 2117 1503 2161 ipsius
1527 2118 1685 2151 l'iiieentii
1711 2119 1769 2152 mi-

1027 2169 1119 2203 nistri
1147 2171 1310 2213 generalis
1337 2170 1417 2204 votis
1442 2171 1504 2204 hac
1527 2171 1559 2204 in
1585 2183 1640 2211 re,
1668 2183 1770 2216 quan-

1028 2229 1093 2256 tum
1120 2235 1190 2257 cum
1214 2224 1351 2257 Domino
1378 2235 1564 2268 possumus,
1586 2225 1769 2259 favorabili-

1029 2283 1077 2310 ter
1102 2289 1250 2311 annuere
1276 2279 1447 2317 volentes,
1484 2290 1623 2324 eumque
1657 2291 1674 2313 a
1701 2281 1769 2325 qui-

1027 2332 1135 2365 busvis
1163 2332 1519 2374 excommunicationis,
1542 2334 1766 2377 suspensionis

1027 2392 1059 2419 et
1083 2387 1258 2427 interdicti,
1286 2386 1421 2431 aliisque
1448 2387 1674 2421 ecclesiasticis
1700 2399 1768 2421 sen-

1028 2440 1159 2480 tentiis,
1187 2440 1333 2473 censuris
1359 2445 1391 2473 et
1415 2441 1553 2484 poenis,
1580 2453 1596 2475 a
1622 2441 1692 2475 iure
1718 2443 1766 2475 rel

1027 2493 1065 2526 ab
1092 2493 1239 2534 homine,
1267 2493 1376 2537 quavis
1401 2494 1574 2527 occasione
1604 2495 1651 2528 vel
1672 2497 1766 2528 eausa

1027 2547 1108 2587 latis,
1134 2547 1158 2579 si
1185 2548 1302 2591 quibus
1325 2548 1573 2591 quomodolibet
1592 2548 1766 2582 innodatus

1064 2619 1071 2644 l
1096 2617 1187 2645 Potius
1207 2618 1264 2653 lege
1284 2619 1380 2653 eisque
1399 2619 1438 2654 (n.
1460 2620 1510 2654 T.).

1060 2663 1075 2690 ἲ
1096 2663 1189 2691 Potius
1210 2663 1268 2699 lege
1289 2666 1457 2692 exercerent
1477 2664 1514 2700 (a.
1531 2665 1578 2700 r).

1671 234 1736 270 5025
1783 245 1831 271 An.
1854 244 1881 272 c.
1901 246 1967 273 ¹733

1806 2126 1927 2148 Concesio.
