2182 3137
47 147 99 176 An.
115 146 145 176 C.
166 146 236 176 1730

76 369 106 390 De
131 368 234 389 reforma-

49 396 152 417 tionibus.

85 1054 114 1076 Do
130 1060 234 1076 consensu

51 1083 71 1103 ln
87 1082 233 1108 resignationi-

51 1108 89 1130 bun
104 1111 125 1129 ot
149 1109 234 1136 pensio-

51 1135 121 1157 uibus.

91 2484 121 2507 nu
137 2486 234 2512 ingressu

51 2513 168 2538 cubaturus.

227 891 338 918 tenus
375 885 600 928 expediantur,
638 884 698 917 nisi
734 883 985 917 reformationes

193 935 195 938 ’
245 938 431 971 huiusmodi
462 949 520 981 per
543 938 600 980 fiat
624 938 682 971 sub
706 938 812 982 prima
838 936 917 970 dani
943 937 984 969 si·
1005 959 1008 988 9

857 143 998 168 CLEMENS

242 196 275 229 in
299 195 468 239 signatura
491 204 550 239 per
573 193 751 227 clausulam
786 191 824 225 ad
856 198 980 235 partem

243 260 344 294 super
367 249 525 293 petitione
550 246 763 280 commendae
795 245 982 278 huiusmodi

244 303 284 336 de
309 302 500 336 commenda
525 301 596 344 ipsa
615 300 737 332 mentio
762 298 829 331 fiat.

287 366 372 390 thv.
400 356 478 388 ltem
503 354 613 393 voluit,
632 353 746 386 statuit
764 357 795 385 et
813 351 983 391 ordinavit,

245 410 332 453 quod
359 419 459 451 super
490 407 748 450 quibuscumque
781 405 984 438 reformatio-

244 462 339 495 nibus
379 460 513 503 signatis
553 469 653 502 super
696 457 983 501 impetrationibus

245 523 523 559 quorumcumque
541 511 777 545 beneficiorum
803 510 984 544 vacantium

243 569 292 602 vel
317 572 407 600 certo
433 565 532 599 modo
558 570 797 604 vacaturorum,
816 563 848 596 in
867 563 985 607 quibus

244 620 364 664 petitur
389 619 475 663 quod
499 619 627 651 litterae
659 628 758 661 super
783 617 888 661 prima
912 617 984 649 data

244 672 389 717 expediri
414 672 552 716 possint,
577 671 602 704 si
640 681 676 704 ex
714 670 902 704 huiusmodi
933 681 985 703 ex-

243 726 411 769 peditione
435 725 495 759 sub
521 725 575 757 tali
602 725 676 757 data
701 724 852 767 cuiquam
877 724 984 757 videa-

244 785 296 812 tur
331 789 426 822 posse
463 779 532 812 sieri
568 778 821 822 praeiudicium,
857 778 984 811 litterae

244 831 430 865 huiusmodi
456 832 515 864 suh
541 832 611 875 ipsa
635 831 742 874 prima
777 831 852 863 data
882 830 985 863 nulla·

245 998 360 1035 gnatae.
386 992 517 1025 suerint.

287 1055 359 1079 xtv.
385 1045 464 1078 item
500 1045 604 1078 voluit
638 1051 669 1078 et
705 1043 876 1084 ordinavit,
899 1043 984 1088 quod

245 1109 343 1142 super
368 1098 592 1141 resignatione
621 1098 853 1141 cuiuscumque
887 1098 986 1131 bene-

245 1150 310 1185 ficii
336 1151 548 1184 ecclesiastici
578 1162 636 1185 seu
662 1151 813 1185 cessione
847 1150 927 1183 iuris
953 1151 984 1182 in

246 1215 303 1245 eo,
328 1215 422 1248 quam
448 1204 480 1237 in
506 1204 656 1238 manibus
681 1204 747 1237 suis
773 1205 822 1237 vel
851 1203 881 1236 in
907 1203 986 1237 Can-

245 1257 378 1292 cellaria
403 1258 588 1301 Apostolica
612 1257 681 1290 sieri
707 1256 892 1299 contigerit,
913 1267 986 1300 apo-

244 1311 378 1345 stolicae
402 1311 529 1345 litterae
554 1311 741 1345 nullatenus
760 1310 984 1354 expediantur,

244 1364 307 1398 nisi
329 1365 500 1408 resignans
517 1366 567 1398 vel
585 1365 714 1405 cedens,
733 1364 758 1397 si
776 1374 934 1407 praesens
954 1363 985 1396 in

245 1418 390 1452 Romana
407 1418 501 1451 Curia
526 1417 634 1457 suerit,
661 1417 889 1461 personaliter,
910 1417 986 1450 alio-

246 1472 325 1516 quin
350 1482 409 1515 per
432 1477 681 1515 procuratorem
718 1482 811 1504 suum
848 1471 886 1504 ad
924 1471 986 1504 hoe

245 1525 286 1557 ab
311 1535 350 1558 eo
374 1525 562 1568 specialiter
598 1524 831 1565 constitutum,
857 1523 986 1567 expedi-

246 1577 326 1610 tioni
353 1577 541 1610 huiusmodi
578 1577 609 1609 in
642 1577 755 1610 eadem
788 1576 986 1610 Cancellaria

245 1639 399 1673 expresse
418 1629 622 1662 consenserit
642 1634 672 1662 et
696 1629 851 1661 iuraverit
866 1633 902 1660 ut
918 1639 985 1661 mo-

243 1682 287 1715 ris
314 1688 371 1715 est.
407 1682 444 1715 Et
478 1682 503 1715 si
541 1682 647 1725 ipsum
679 1682 902 1725 resignantem
928 1691 985 1714 seu

244 1736 413 1770 cedentem
438 1735 561 1779 pluries
586 1745 685 1779 super
714 1745 780 1768 uno
816 1741 847 1767 et
872 1735 984 1768 eodem

243 1789 403 1822 beneficio
423 1789 455 1821 in
482 1789 624 1822 savorem
650 1789 849 1821 diversarum
876 1799 986 1832 perso-

243 1853 356 1876 narum
383 1842 565 1876 successive
590 1842 775 1875 consentire
801 1842 984 1885 contigerit,

243 1895 345 1929 voluit
367 1895 507 1929 Santitas
532 1894 606 1935 Sua,
637 1895 724 1938 quod
761 1894 885 1938 primus
910 1905 986 1927 con-

245 1960 361 1983 sensus
386 1955 498 1982 tenere
523 1948 648 1989 debeat,
667 1954 699 1981 et
715 1948 768 1981 alii
786 1948 986 1992 posteriores

245 2012 426 2036 consensus
451 2013 487 2035 ac
512 2002 638 2036 litterae
664 2012 778 2035 eorum
802 2006 986 2045 praetextu,

245 2056 342 2089 etiam
377 2056 436 2089 sub
472 2055 574 2100 priori
612 2056 685 2089 data
719 2055 889 2098 expeditae
926 2065 986 2098 pro

245 2115 405 2154 tempore,
431 2110 553 2143 nullius
588 2109 654 2142 sint
686 2109 813 2142 roboris
846 2109 895 2142 vel
921 2119 986 2142 mo-

244 2164 368 2203 menti,
406 2173 467 2196 nec
503 2163 630 2196 litterae
668 2162 901 2196 reservationis
937 2162 985 2195 vel

245 2215 483 2258 assigiiationiS‚
522 2216 618 2249 etiam
645 2221 734 2249 motu
760 2215 908 2259 proprio,
934 2225 988 2248 cu-

246 2268 341 2301 iusvis
362 2268 530 2311 pensionis
563 2279 690 2302 annuae
722 2279 822 2312 super
853 2268 987 2302 alicuius

245 2320 396 2353 beneficii
416 2322 574 2354 fructibus
602 2322 747 2365 expediri
767 2322 904 2365 possint,
926 2321 986 2354 nisi

247 2374 287 2407 de
313 2383 475 2406 consensu
500 2374 601 2415 illius,
623 2375 677 2418 qui
703 2375 898 2418 pensionem
918 2385 988 2418 per-

245 2428 372 2461 solvere
398 2432 475 2460 tune
501 2428 645 2461 debebit.

288 2490 372 2515 xtvi.
393 2480 472 2514 Item
498 2491 565 2514 non
591 2482 709 2515 dentur
734 2483 863 2516 litterae
888 2493 988 2526 super

245 2533 414 2569 beneficiis
435 2534 596 2569 vacaturis
621 2545 680 2578 per
705 2536 891 2580 ingressum
910 2536 986 2571 reli-

1025 143 1069 166 xu
1096 145 1144 167 ῐψ.
1691 133 1733 166 ¹153
1780 142 1828 168 An.
1846 141 1874 169 C.
1896 141 1965 170 ¹730

1026 192 1145 234 gionis‚
1165 192 1228 225 nisi
1246 192 1407 236 professio
1427 191 1643 235 praecesserit
1661 191 1769 224 datam

1026 245 1167 289 desuper
1191 245 1369 289 petitionis.

1071 308 1166 331 vau.
1194 298 1272 331 Item
1308 299 1421 339 voluit,
1461 299 1548 342 quod
1585 299 1609 331 si
1641 303 1770 342 petatur
1808 310 1968 339 sarianum.

1028 351 1160 394 aliquod
1187 350 1384 384 beneficium
1409 362 1525 384 vacans
1555 362 1614 395 per
1639 351 1769 384 modum
1780 337 1966 392 35:⁴¹³·iissamii‘ffi

1028 405 1060 436 in
1086 404 1287 437 Cancelleria
1306 404 1491 447 Apostolica
1513 404 1768 447 exprimendum,
1782 389 1968 441 55¹2¹55i¹ii{3.‘⁸'

1030 457 1103 490 talis
1125 457 1311 501 impetratio
1338 467 1402 490 non
1427 458 1543 497 valeat,
1562 468 1623 490 nec
1641 457 1770 490 litterae

1029 511 1176 554 desuper
1201 511 1430 554 expediantur.

1073 574 1184 598 va111.
1213 564 1290 597 Item
1317 564 1428 605 voluit,
1449 565 1560 597 statuit
1586 571 1618 597 et
1642 564 1772 598 ordina—
1788 578 1826 607 .¹)0
1841 579 1965 599 exeruimus

1028 617 1083 658 vit,
1101 618 1186 661 quod
1204 618 1474 661 quotiescumque
1491 628 1551 661 per
1571 617 1769 660 signaturam
1783 605 1889 625 '‘¹⁰¹‘'¹'‘¹‘¹'

1029 682 1133 710 suam,
1147 672 1196 705 vel
1215 671 1253 704 de
1270 671 1338 704 eius
1356 671 1508 703 mandato
1527 671 1653 710 saetam,
1672 680 1771 713 super

1029 724 1229 768 exequendis
1271 724 1434 768 aliquibus
1475 734 1548 757 cum
1589 723 1771 757 adiectione

1029 776 1155 821 proprii
1181 776 1323 810 nominis
1348 777 1398 810 vel
1425 776 1593 819 dignitatis
1619 776 1769 815 cuiusvis,

1029 830 1123 863 iudex
1147 830 1252 870 datur,
1270 829 1400 862 litterae
1427 829 1571 871 desuper
1596 828 1772 872 expedian-

1030 888 1081 916 tur
1106 894 1176 916 cum
1199 883 1423 926 expressione,
1450 882 1538 926 quod
1563 882 1649 915 idem
1676 881 1771 914 iudex

1030 936 1257 969 executionem
1284 936 1382 969 saciat
1406 946 1465 979 per
1490 945 1524 968 se
1550 935 1668 978 ipsum.

1073 1000 1158 1024 xcix.
1184 989 1302 1028 Voluit,
1325 989 1414 1032 quod
1440 988 1472 1021 in
1497 988 1614 1021 litteris
1641 988 1773 1031 dispen·
1813 1000 1841 1020 ne
1858 1000 1969 1026 aspi-usa-

1751 1040 1756 1045 .
1785 1028 1877 1047 tionibus
1889 1034 1908 1047 ui
1921 1033 1969 1051 gra-

1014 1043 1190 1076 'sationum
1209 1052 1307 1085 super
1325 1041 1437 1085 aliquo
1456 1042 1557 1084 gradu
1575 1051 1846 1083 consangtll-dams
1879 1060 1969 1075 cunan-

1791 1081 1901 1101 valuimus.

1030 1096 1139 1130 nitatis
1161 1097 1211 1130 vel
1238 1095 1414 1136 affinitatis,
1444 1101 1496 1129 aut
1520 1097 1599 1129 alias
1624 1088 1795 1139 prohibi·b

1031 1155 1086 1191 to,
1123 1156 1263 1193 ponatur
1294 1149 1437 1183 clausula
1466 1149 1502 1182 Si
1525 1149 1644 1182 mulier
1676 1153 1773 1192 rapta

1030 1213 1093 1236 non
1113 1203 1233 1246 fuerim
1254 1208 1286 1236 et
1307 1203 1332 1235 si
1359 1202 1509 1243 scienter,
1528 1207 1670 1246 ponatur
1687 1202 1773 1235 clau—

1030 1258 1099 1290 sula
1125 1256 1156 1289 in
1182 1262 1354 1300 quaterno.

1075 1320 1102 1343 L.
1127 1310 1256 1349 Voluit,
1288 1309 1375 1352 quod
1400 1310 1433 1342 in
1470 1308 1772 1353 dispensationibus
1798 1318 1968 1355 superat-suctu

1030 1373 1128 1406 super
1164 1363 1295 1396 desecta
1329 1362 1483 1396 natalium
1521 1363 1609 1406 quod
1645 1346 1894 1406 possimnamaum.

1031 1417 1211 1449 succedere
1237 1415 1270 1448 in
1295 1415 1391 1449 bonis
1411 1415 1655 1458 temporalibus,
1675 1425 1774 1458 pona-

1032 1475 1083 1502 tur
1119 1470 1264 1502 clausula
1303 1469 1395 1508 Quod
1432 1479 1496 1501 uon
1526 1468 1774 1512 praeiudicatur

1030 1521 1101 1554 illis
1119 1522 1157 1555 ad
1176 1532 1258 1565 quos
1283 1522 1446 1554 successio
1471 1522 1635 1555 bonorum
1662 1522 1701 1554 ab
1727 1522 1776 1554 in-

1032 1580 1147 1608 testato
1170 1575 1337 1618 pertinere
1364 1575 1490 1607 debeat.

1075 1638 1115 1661 Li.
1141 1627 1230 1668 item,
1258 1627 1345 1671 quod
1372 1638 1431 1670 per
1464 1638 1702 1671 quamcumque
1733 1629 1774 1660 si-
1800 1636 1969 1673 &amatum-

1031 1688 1202 1724 gnaturam
1228 1681 1261 1714 in
1293 1681 1405 1724 quavis
1443 1682 1547 1724 gratia
1583 1663 1915 1715 nullatenus⁵³¹¹⁰¹''”¹¹’'

1031 1734 1234 1778 dispensatio
1260 1734 1379 1774 veniat,
1416 1734 1476 1766 nisi
1504 1734 1690 1777 specialiter
1722 1745 1775 1767 ex-

1030 1788 1202 1830 primatur‚
1224 1789 1274 1820 vcl
1301 1788 1386 1820 dieta
1412 1788 1515 1830 gratia
1534 1788 1677 1821 totaliter
1699 1787 1776 1820 effe·

1030 1841 1577 1884 ctumhuiusmodidispensationis
1588 1846 1773 1881 concernat,

1030 1896 1079 1928 vel
1098 1895 1178 1928 alias
1196 1895 1279 1927 nihil
1298 1895 1443 1927 conserat
1469 1901 1523 1927 aut
1548 1900 1716 1938 operetur.

1075 1959 1129 1981 Lu.
1148 1948 1240 1988 Item,
1255 1959 1327 1981 cum
1346 1948 1574 1981 concessiones
1592 1958 1690 1991 super
1709 1957 1775 1990 gra·
1798 1954 1853 1974 Num
1869 1953 1968 1979 sufflare-

1756 2000 1762 2005 ‚
1786 1982 1969 2006 turdispnumtia,

1032 2001 1084 2034 tiis
1104 2001 1388 2045 dispensationum
1409 2011 1689 2044 quarumcumque
1708 2008 1969 2054 ‘1¹¹1‘{{{‡}¹¹j¹¹⁸¹'¹⁸⁶⁰¹¹·

1029 2054 1139 2087 busvis
1174 2065 1235 2097 per
1272 2054 1377 2097 ipsum
1415 2053 1584 2086 dominum
1624 2059 1774 2086 nostrum
1799 2051 1803 2054 '
1851 2050 1855 2054 ’

1030 2118 1259 2141 concessarum
1276 2108 1325 2140 vel
1344 2107 1630 2140 concedendarum
1649 2116 1708 2150 per
1723 2116 1772 2139 re-

1030 2162 1120 2203 gulas
1137 2160 1360 2194 Cancellariae
1387 2159 1592 2203 Apostolicae
1616 2160 1681 2192 sint
1698 2169 1772 2202 pro-

1029 2215 1102 2248 vide
1117 2214 1282 2254 limitatae,
1302 2214 1380 2247 licet
1398 2214 1573 2257 aliquando
1592 2213 1623 2246 in
1643 2213 1772 2256 petitio-

1029 2269 1125 2301 nibus
1154 2278 1254 2310 super
1283 2267 1474 2300 huiusmodi
1503 2266 1772 2300 concessionibus

1029 2321 1146 2354 oblatis
1165 2321 1265 2353 multa
1282 2325 1358 2352 sunt
1379 2320 1493 2362 petita,
1513 2330 1553 2352 ne
1572 2319 1642 2362 quis
1661 2319 1772 2351 talium

1029 2373 1282 2407 concessionum
1304 2378 1475 2415 praetextu
1499 2372 1529 2404 id
1554 2371 1772 2414 dispensative

1031 2433 1145 2460 tenere
1178 2432 1231 2459 aut
1257 2427 1363 2459 facere
1399 2430 1585 2468 praesumat
1611 2425 1651 2457 ad
1684 2424 1772 2467 quod

1029 2480 1260 2514 concessiones
1288 2478 1480 2512 huiusmodi
1501 2488 1535 2510 se
1561 2488 1629 2511 non
1654 2482 1769 2511 exten--

1030 2534 1123 2575 dant,
1144 2533 1243 2567 voluit
1266 2532 1351 2566 idem
1373 2532 1525 2565 dontinus
1552 2536 1664 2565 noster
1682 2531 1772 2573 quoti
