2182 3137
210 219 259 248 An.
276 219 306 248 c.
329 219 398 248 1733
443 210 506 244 516

231 2034 353 2063 Apostoliea
368 2040 401 2057 ro·

217 2060 305 2094 bor-atur
327 2064 401 2084 confir·

217 2093 321 2111 matrone.

403 270 520 299 domino
543 267 684 298 cardinali
713 266 831 297 Nicolao
862 266 978 307 Spinola
1013 266 1144 297 libellum

404 317 566 358 supplicem
598 321 763 357 porrectum
797 325 848 356 pro
882 319 961 355 parte
984 315 1145 346 definitorii

406 366 573 406 provinciae
612 366 734 396 fratrum
770 365 914 395 Minorum
952 364 1145 394 Discalceato-

405 424 469 444 rum
503 415 532 445 S.
557 414 655 444 Didaci
689 415 718 444 in
749 414 860 444 Mexico
893 413 1085 453 supplicantis
1115 418 1146 444 ut

404 464 558 502 collegium
591 473 641 493 seu
675 463 865 493 seminarium
890 462 1059 493 Missienum
1082 472 1145 493 ere-

404 517 481 542 ctum
507 513 605 551 vigore
634 512 783 542 facultatis
815 511 871 542 sibi
904 521 1060 541 concessae
1096 522 1146 551 per

404 562 496 591 Breve
518 561 709 600 apostolicum
733 564 849 590 sanctae
872 560 1030 590 memoriae
1054 560 1147 590 Bene-

404 609 474 639 dicti
491 608 552 638 Xlll
569 608 622 639 sub
639 609 738 638 datum
755 609 801 638 die
817 617 846 638 111
869 608 971 648 aprilis
987 617 1147 638 ›inccxxvu

405 663 432 688 et
454 667 520 688 cum
537 667 681 688 consensu
697 657 846 688 Ordinarii
862 658 891 687 in
908 663 1054 688 conventu
1071 659 1148 688 eius-

405 707 470 737 dem
490 707 658 746 provinciae
678 708 707 737 S.
724 706 871 737 Francisci
894 707 927 737 de
947 707 1077 737 Paclieca
1098 707 1147 737 de-

405 759 525 794 putetur
551 765 602 795 pro
627 755 818 785 conversione
840 755 1003 785 infidelium
1030 756 1148 794 signan-

406 808 452 833 ter
485 803 673 834 existentium
704 804 733 833 in
766 803 915 834 montibus
945 804 980 833 de
1009 803 1147 843 Cimapan

405 852 535 892 locisque
564 853 772 891 conterminis,
797 853 826 882 in
850 852 956 892 quibus
979 862 1072 891 usque
1099 852 1149 882 ad-

405 901 462 931 huc
495 901 574 931 nulla
601 902 655 932 alia
690 902 791 931 missio
823 901 942 931 fundata
972 901 1146 940 reperitur,

406 960 472 980 eum
504 954 644 990 potestate
667 960 764 980 sacras
792 950 946 980 missiones
975 951 1006 980 in
1034 950 1149 989 praedi-

406 1001 462 1029 ctis
492 1000 642 1030 montibus
672 999 804 1038 erigendi
832 999 867 1029 ab
897 999 997 1029 eodem
1026 1000 1149 1038 collegio

407 1048 626 1087 dependentes,
661 1053 750 1088 utque
788 1048 924 1078 omnibus
956 1048 1050 1087 ipsius
1083 1057 1150 1088 pro-

407 1097 522 1127 vinciae
545 1097 574 1128 S.
605 1097 703 1128 Didaci
726 1098 869 1128 fratribus
895 1098 1029 1128 districte
1052 1098 1150 1137 probi·

409 1145 513 1175 beatur
546 1146 705 1184 transitus,
730 1147 838 1176 ncdum
869 1147 903 1177 ad
932 1147 1004 1177 alias
1033 1148 1150 1187 provin-

409 1195 468 1224 cias
486 1198 514 1224 et
537 1195 659 1233 collegia
682 1195 855 1226 missionum
878 1196 1023 1235 regularis
1045 1196 1151 1227 Obser-

409 1244 542 1281 vanffiae,
577 1254 677 1275 verum
710 1246 798 1275 etiam
832 1246 867 1276 ad
902 1246 1056 1276 missiones
1085 1256 1151 1286 pro—

408 1293 520 1323 vinciae
550 1293 798 1324 Discalceatorum
829 1294 859 1323 S.
884 1294 1016 1333 Gregorii
1048 1295 1077 1325 in
1109 1296 1151 1325 in-

408 1342 480 1371 sulis
507 1342 700 1382 I'hilippinis‚
730 1342 840 1382 absque
874 1344 1016 1383 peculiari
1046 1349 1075 1374 et
1102 1354 1151 1374 ex-

408 1392 510 1431 pressa
533 1391 619 1421 huius
638 1401 739 1422 sacrae
755 1392 994 1431 Congregationis
1014 1393 1149 1423 licentia:

408 1439 641 1470 Eminentissimi
664 1445 771 1480 patres,
788 1441 886 1471 audito
902 1451 990 1481 super
1012 1443 1151 1482 expositis

409 1493 491 1528 patre
525 1494 715 1529 procuratore
747 1491 878 1529 generali
904 1491 1150 1522 Discalceatorum

409 1543 438 1568 et
460 1539 706 1579 Recollectorum,
730 1540 759 1570 ir.
782 1544 908 1580 utroque
940 1541 1067 1580 benigne
1100 1551 1151 1571 an-

410 1592 550 1625 nuerunt,
575 1589 809 1629 mandaruntque
825 1594 856 1620 ut
874 1590 1003 1628 religiosi
1026 1590 1061 1620 ad
1083 1590 1152 1619 mis-

410 1637 606 1668 sionariorum
630 1648 752 1668 munera
780 1639 809 1668 in
840 1640 977 1679 praefatis
1004 1640 1076 1670 locis
1102 1639 1154 1669 ob-

410 1686 505 1717 eunda
527 1686 665 1717 destinati
687 1697 738 1727 pro
761 1689 937 1718 necessariis
965 1689 1152 1719 facultatibus

410 1736 561 1766 dominum
585 1736 837 1777 archiepiscopum
865 1737 1047 1768 Mexicanum
1077 1739 1154 1768 ordi-

410 1785 527 1815 narium
549 1785 630 1816 adire
652 1790 817 1816 teneantur.
842 1786 944 1817 Datum
968 1787 1088 1824 Romae,
1107 1788 1153 1818 die

411 1838 440 1865 et
460 1844 538 1865 anno
556 1834 663 1875 quibus
686 1844 785 1876 supra.

572 1882 605 1912 V.
623 1883 702 1913 card.
722 1883 834 1921 Paruit,
859 1884 1032 1923 praefectus.

571 1928 603 1959 F.
620 1929 657 1960 M.
675 1930 831 1970 Riccanm,
856 1931 1112 1971 pro-secretarius.

491 1979 560 2010 Loco
574 1981 593 2017 †
609 1979 706 2019 sigilli.

455 2029 470 2073 g
494 2028 526 2063 2.
553 2029 630 2064 Cum
655 2034 771 2071 autem,
795 2030 877 2064 sicut
900 2040 959 2075 pro
983 2037 1075 2075 parte
1101 2042 1155 2065 eo-

412 2083 560 2117 rumdem
587 2083 795 2117 definitorum
820 2084 915 2118 nobis
937 2084 1076 2118 subinde
1101 2096 1155 2119 ex-

411 2137 555 2182 positum
580 2137 650 2178 suit,
671 2137 733 2181 ipsi
759 2137 926 2172 decretum
951 2138 1152 2179 huiusmodi,

413 2202 478 2236 quo
493 2190 618 2224 firmius
634 2191 800 2233 subsistat,
819 2191 1015 2236 apostolicae
1041 2192 1156 2226 confir-

412 2244 564 2278 mationis
594 2249 724 2278 nostrae
754 2244 936 2288 patrocinio
962 2246 1155 2278 communiri

413 2298 589 2342 plurimum
615 2298 820 2332 desiderent:
847 2309 917 2339 nos,
944 2299 1032 2342 ipsos
1057 2309 1156 2342 expo—

413 2357 530 2385 nentes
561 2351 758 2395 specialibus
795 2351 957 2386 savoribus
990 2358 1022 2385 et
1046 2353 1156 2395 gratiis

413 2405 567 2450 prosequi
592 2406 749 2447 volentes,
777 2411 810 2439 et
834 2416 946 2440 eorum
972 2406 1156 2449 singulares

413 2469 572 2503 personas
604 2470 621 2493 a
647 2459 815 2503 quibusvis
852 2459 1159 2494 excommunicatio-

415 2513 476 2555 nis,
502 2512 729 2557 suspensionis
754 2518 786 2547 et
809 2513 996 2554 interdicti,
1021 2513 1158 2557 aliisque

416 2566 647 2601 ecclesiasticis
664 2567 844 2608 sententiis,
864 2567 1012 2601 censuris
1030 2572 1062 2600 et
1082 2577 1159 2610 poe-

415 2619 479 2661 nis,
498 2630 515 2654 a
532 2620 602 2655 iure
626 2621 677 2656 vel
702 2620 741 2655 ab
766 2620 912 2664 homine,
934 2620 1047 2666 quavis
1070 2630 1159 2656 occa-

983 210 1167 242 BULLARIUM
1191 215 1349 242 Romnum

1189 266 1280 300 sione
1306 265 1357 299 vel
1383 266 1478 298 eausa
1503 264 1588 305 latis,
1606 264 1630 297 si
1653 264 1769 308 quibus
1795 271 1930 307 quomo-

1189 320 1314 353 dolibet
1340 319 1514 352 innodatae
1542 318 1692 358 existunt,
1715 318 1752 351 ad
1779 314 1929 351 effectum

1189 373 1403 416 praesentium
1441 372 1605 405 dumtaxat
1641 371 1927 414 consequendum,

1190 426 1303 458 harum
1337 426 1422 459 serie
1461 425 1662 459 absolventes
1698 430 1730 458 et
1766 424 1931 458 absolutas

1190 478 1258 511 sore
1285 482 1469 519 censentes,
1497 477 1791 522 supplicationibus
1817 488 1931 511 eorum

1190 532 1321 565 nomine
1346 532 1438 565 nobis
1466 542 1565 575 super
1583 532 1646 565 boc
1671 531 1838 565 humiliter
1854 541 1932 575 por-

1190 586 1287 618 rectis
1309 586 1462 626 inclinati‚
1486 586 1654 619 decretum
1680 585 1931 629 praeinsertum,

1190 639 1381 672 auctoritate
1415 639 1592 682 apostolica
1608 666 1615 680 ‚
1641 645 1754 673 tenore
1778 649 1934 683 praesen-

1190 692 1277 733 tium,
1305 693 1524 736 approbamus
1550 698 1580 726 et
1606 692 1846 734 confirmamus,
1871 692 1934 726 illi-

1191 755 1254 788 que
1280 746 1479 789 apostolicae
1506 746 1664 779 firmitatis
1698 746 1799 779 robur
1824 741 1935 779 adiici·

1190 809 1276 832 mus:
1302 800 1390 832 salva
1417 804 1522 832 tamen
1549 809 1678 843 semper
1696 799 1727 832 in
1746 799 1934 843 praemissis

1192 852 1384 885 auctoritate
1424 859 1624 886 memoratae
1664 853 1934 896 Congregationis

1192 906 1419 939 cardinalium.

1236 959 1250 1002 ἓ
1275 958 1307 992 3.
1335 959 1564 999 Decernentcs,
1589 960 1718 994 easdem
1743 965 1934 1004 praesentes

1192 1012 1317 1045 litteras
1343 1012 1474 1054 firmas,
1499 1013 1621 1046 validas
1647 1019 1678 1046 et
1704 1013 1850 1047 efficaces
1876 1014 1937 1047 exi-

1193 1071 1277 1099 stere
1304 1072 1335 1100 et
1360 1067 1451 1107 sore,
1478 1077 1618 1111 suosque
1644 1067 1809 1111 plenarios
1835 1073 1866 1100 et
1889 1067 1938 1101 in·

1195 1125 1303 1162 {egros
1330 1120 1461 1154 effectus
1498 1120 1606 1154 sortiri
1644 1126 1674 1154 et
1707 1120 1875 1162 obtinere,
1902 1131 1938 1155 ac

1194 1172 1279 1213 illis,
1304 1174 1343 1207 ad
1375 1185 1455 1217 quos
1491 1179 1615 1218 spectat
1647 1179 1677 1208 et
1705 1185 1766 1218 pro
1792 1180 1938 1218 tempore

1194 1227 1375 1269 spectabit,
1402 1227 1594 1271 plenissime
1626 1227 1815 1270 suffragari,
1843 1234 1874 1261 et
1899 1227 1938 1261 ab

1196 1279 1242 1312 eis
1280 1280 1461 1322 respective
1495 1280 1727 1314 inviolabiliter
1760 1281 1939 1322 observari,

1195 1332 1305 1375 sicque
1340 1333 1371 1366 in
1397 1334 1586 1377 praemissis
1623 1345 1681 1378 per
1713 1344 1939 1378 quoscumque

1195 1385 1318 1419 iudices
1344 1386 1526 1420 ordinarios
1561 1391 1591 1421 et
1624 1388 1814 1430 delegatOS,
1842 1387 1940 1420 etiam

1195 1449 1362 1472 causarum
1395 1441 1505 1483 palatii
1542 1440 1713 1484 apostolici
1749 1440 1937 1481 auditores,

1196 1493 1330 1526 iudicari
1351 1499 1382 1527 et
1399 1494 1526 1527 definiri
1553 1495 1686 1536 debere,
1704 1505 1740 1528 ac
1761 1494 1885 1527 irritum
1909 1499 1941 1528 et

1197 1546 1292 1580 inane
1318 1547 1342 1580 si
1375 1558 1471 1581 secus
1499 1559 1600 1592 super
1631 1548 1680 1581 his
1707 1560 1724 1582 a
1749 1558 1938 1592 quoquam,

1197 1600 1308 1643 quavis
1333 1602 1539 1642 auctoritate,
1560 1601 1702 1635 scienter
1727 1602 1776 1636 vel
1795 1603 1942 1645 ignoran-

1198 1659 1255 1693 ter„
1282 1655 1456 1698 contigerit
1481 1655 1646 1689 attentari.

1241 1709 1255 1752 ἓ
1276 1708 1307 1741 4.
1336 1708 1404 1741 Non
1424 1709 1632 1742 obstantibus
1651 1709 1941 1743 constitut10nibus

1198 1766 1229 1794 ct
1261 1761 1521 1796 ordinationibus
1555 1763 1766 1806 apostolicis,
1795 1773 1936 1805 necnon,

1198 1820 1360 1858 quatenus
1380 1826 1462 1860 opus
1481 1816 1536 1856 sit,
1556 1817 1746 1860 provinciae
1764 1821 1795 1850 et
1812 1816 1942 1850 Ordinis

1198 1869 1441 1912 praefatorum,
1469 1869 1565 1903 ctiam
1590 1869 1798 1912 iuramento,
1825 1870 1943 1904 consu·-

1198 1921 1341 1955 matione
1364 1923 1555 1966 apostolica,
1582 1923 1630 1956 vel
1658 1923 1771 1968 quavis
1793 1923 1943 1958 firmitate

1199 1975 1260 2009 alia
1286 1976 1460 2017 roboratis,
1485 1976 1613 2010 statutis
1641 1982 1672 2011 et
1697 1976 1944 2011 consuetudini·

1198 2029 1270 2070 bus,
1294 2030 1474 2074 privilegiis
1501 2041 1644 2075 quoque,
1668 2031 1805 2065 indultis
1831 2035 1862 2065 et
1890 2030 1943 2065 lit-

1200 2082 1278 2117 teris
1303 2083 1503 2127 apostolicis⁷
1521 2083 1555 2117 in
1572 2084 1774 2118 contrarium
1791 2084 1945 2128 praemis·

1200 2147 1311 2171 sorum
1336 2137 1584 2182 quomodolibet
1609 2138 1794 2179 concessis,
1828 2137 1945 2172 confir-

1200 2191 1294 2224 matis
1321 2196 1353 2224 et
1376 2191 1557 2232 innovatis;
1585 2192 1706 2235 quibus
1732 2190 1883 2225 omnibus
1913 2195 1946 2224 et

1200 2244 1364 2287 singulis,
1402 2243 1533 2277 illorum
1561 2250 1689 2278 tenores
1714 2244 1945 2288 praesentibus

1200 2308 1260 2341 pro
1285 2298 1381 2341 plene
1417 2302 1450 2330 et
1480 2297 1680 2331 sufficienter
1713 2297 1876 2341 expressis
1909 2307 1947 2331 ao

1202 2351 1242 2385 de
1268 2352 1366 2385 verbo
1392 2351 1431 2384 ad
1457 2352 1589 2384 verbum
1615 2351 1745 2385 insertis
1771 2351 1944 2393 habentes,

1202 2405 1266 2438 illis
1302 2405 1382 2438 alias
1418 2404 1451 2437 in
1477 2414 1534 2437 suo
1559 2404 1682 2438 robore
1708 2404 1946 2448 permansuris,

1202 2459 1241 2492 ad
1278 2458 1536 2502 praemissorum
1577 2458 1750 2499 effectum,
1779 2459 1841 2492 hac
1877 2459 1948 2492 v1ce

1203 2513 1387 2553 dumtaxat,
1414 2511 1604 2556 specialiter
1641 2518 1674 2546 et
1711 2522 1866 2556 expresse
1892 2511 1948 2546 de-

1203 2575 1377 2609 rogamus,
1402 2565 1584 2610 ceterisque
1610 2565 1784 2600 contrariis
1811 2565 1947 2610 quibus-

1202 2630 1354 2665 eumque.

1925 198 1990 242 Ἀιι.
2009 214 2037 242 c.
2056 205 2122 243 1⁷33
2158 219 2163 241 =1

1975 971 2100 993 Clausulas.

2019 1714 2134 1746 Derogatio

1952 1745 2114 1765 contrariorum.
