2182 3137
192 284 234 311 An
262 284 290 310 c.
308 281 379 312 1732
424 272 489 308 466

386 331 570 371 istentibus,
588 341 605 363 a
622 330 787 374 praedicto
805 329 945 373 aliisque
966 334 1126 363 monaste-

386 385 455 424 riis,
482 384 514 417 in
539 384 655 427 quibus
681 383 750 416 Itali
779 382 892 416 Albani
912 383 993 414 ritus
1018 381 1124 425 graeci
1146 402 1147 407 ,

387 439 509 480 degunt
534 442 566 470 et
591 436 743 476 existunt,
771 435 990 470 commendari
1009 434 1124 475 solitis,

387 492 425 524 ad
451 490 688 534 praescriptum
714 489 847 523 Concilii
874 488 1054 522 Tridentini
1076 499 1127 521 an-

386 545 510 578 nuatim
536 544 785 588 persolvuntur,
820 542 951 586 praevia
984 548 1126 575 taxarum

386 597 573 631 huiusmodi
599 608 616 629 a
641 596 820 630 seminariis
846 596 928 629 ritus
955 595 1046 629 latini
1068 596 1127 628 hu-

386 651 538 690 iusmodi,
567 661 648 695 quae
673 650 808 683 ulterius
833 659 951 693 pueros
968 649 1128 682 Italos-Al-

386 706 489 739 banos
513 704 592 737 ritus
618 703 724 746 graeci
751 702 923 737 admittere
950 713 1015 735 non
1043 708 1127 735 tene-

388 763 491 797 antur,
519 757 734 801 separatione,
760 756 899 799 collegio
921 767 938 789 a
957 755 1050 789 nobis
1071 765 1128 797 per

389 816 591 855 praesentes,
617 815 651 842 ut
676 809 867 853 praefertur,
894 814 1005 842 erecto
1027 808 1128 850 (itaut

387 864 592 908 praedictum
617 863 744 906 aliaque
771 861 968 895 monasteria
985 867 1016 894 et
1036 862 1129 893 bcne-

388 917 460 950 sicia
485 916 655 949 existentia
684 916 716 948 in
742 915 836 948 dictis
865 914 944 947 locis
974 920 1006 946 et
1034 913 1128 946 terris

387 971 691 1003 Italo-Albanorum
717 968 871 1011 praedicti
907 967 987 999 ritus
1021 966 1126 1009 graeei

388 1034 446 1067 pro
473 1028 619 1065 tempore
638 1021 834 1058 obtinentes,
854 1025 941 1052 taxas
960 1019 1000 1052 ab
1018 1019 1076 1058 eis,
1096 1023 1129 1050 ut

388 1077 583 1121 praefertur,
609 1074 748 1117 persolvi
775 1073 892 1111 solitas,
915 1072 1129 1115 imposterum

389 1130 528 1172 collegio
553 1139 570 1161 a
595 1128 688 1161 nobis
715 1137 772 1170 pet·
802 1132 993 1169 praesentes
1021 1130 1129 1158 erecto

390 1182 573 1216 huiusmodi
592 1182 781 1226 persolvere
799 1180 941 1213 debeant
958 1185 988 1212 et
1005 1185 1131 1212 tenean-

390 1238 454 1280 tur)
473 1236 584 1269 eadem
600 1234 779 1277 apostolica
801 1233 991 1266 auctoritate
1010 1232 1132 1275 pariter

390 1288 553 1334 perpetuo
577 1287 780 1331 applicamus
806 1291 838 1319 et
867 1285 1128 1329 appropriamus.

222 1355 267 1376 itt-a
284 1360 318 1375 aex
334 1355 377 1375 ma-
434 1342 496 1386 §lt¹
524 1341 561 1374 Et
580 1351 638 1374 nos
656 1350 812 1372 summam
830 1349 883 1372 sex
906 1339 1044 1371 millium
1062 1348 1131 1370 scu-

195 1382 378 1434 223.›.n³'2'‡iissk¹.“3
391 1402 495 1429 torum
513 1399 662 1427 monetae
680 1403 844 1432 romanae,
861 1392 899 1425 ad
915 1391 1062 1424 ell'ectum
1077 1392 1132 1424 illa

195 1437 324 1456 muman
390 1448 584 1483 investiendi
612 1448 643 1480 in
671 1453 717 1479 tot
740 1447 826 1479 bona
845 1446 973 1478 stabilia
996 1445 1026 1477 in
1047 1445 1130 1477 utili-

390 1509 486 1536 tatem
512 1507 542 1534 et
567 1499 847 1533 manutentionem
885 1498 962 1531 dicti
999 1497 1131 1540 collegii

390 1563 422 1591 et
446 1557 659 1594 alumnorum,
680 1564 715 1586 ex
743 1553 921 1597 apostolica
946 1554 1056 1585 nostra
1081 1552 1132 1584 be-

391 1611 548 1653 nignitate
566 1609 598 1641 iu
614 1608 759 1641 eiusdem
777 1606 908 1649 collegii
927 1617 943 1639 a
960 1606 1055 1638 nobis
1074 1616 1132 1648 per

390 1668 595 1708 praesentes,
623 1666 657 1693 ut
682 1660 876 1704 praefertur,
903 1659 1001 1692 erecti
1028 1658 1133 1691 subsi-

392 1717 480 1750 dium
496 1716 713 1758 assignamus,
729 1714 905 1756 elargimur
920 1718 951 1745 et
965 1713 1132 1745 donamus.

214 1779 267 1800 cnm
285 1780 379 1801 annuam
435 1771 449 1814 §
474 1770 505 1803 5.
525 1770 639 1803 Curam
661 1778 750 1808 vero,
771 1769 917 1810 regimen
942 1772 972 1799 et
997 1766 1133 1799 admini—

195 1807 580 1858 ,¹.³‹'‹3'«5'1'.?‚'¹‘¹¹S‹'‚0‘31strationem
606 1821 735 1863 collegii
762 1831 779 1853 a
804 1820 898 1853 nobis
917 1819 1015 1852 crecti
1039 1830 1134 1852 vene-

195 1863 292 1881 mmum'
391 1877 484 1910 rabili
499 1877 586 1908 fratri
602 1881 713 1908 nostro
729 1875 886 1907 moderno
902 1879 933 1906 et
944 1883 1001 1916 pro
1016 1879 1135 1916 tempo-

391 1941 424 1964 re
442 1929 587 1964 existenti
608 1928 762 1972 episcopo
779 1927 1011 1969 Bisignanensi,
1028 1937 1063 1959 ac
1078 1937 1135 1970 per

392 1994 464 2016 eum
484 1984 542 2015 sub
561 1982 688 2023 legibus
711 1980 982 2024 praescribendi&
1000 1982 1135 2012 servata-

391 2047 453 2080 que
480 2037 582 2068 sorma
600 2035 746 2073 Concilti,
767 2034 914 2076 regendi,
933 2033 1134 2076 gubernandi

391 2096 422 2123 et
446 2088 705 2127 administrandi,
734 2087 970 2120 committimus
996 2093 1028 2120 et
1052 2098 1136 2120 man·

390 2143 511 2181 damus,
537 2141 683 2184 illudque
709 2140 779 2173 eius
802 2140 988 2173 ordinariae
1008 2140 1137 2173 iurisdi-

389 2197 489 2229 ctioni
516 2194 717 2232 subiieimus,
744 2199 775 2227 et
793 2194 973 2226 subiectum
993 2204 1063 2226 esse
1082 2205 1137 2227 vo-

391 2251 511 2289 lumus,
549 2249 667 2292 eique,
693 2248 798 2281 donec
832 2248 862 2280 in
889 2248 1010 2280 dictum
1037 2248 1138 2281 colle-

391 2303 479 2347 gium
506 2302 592 2335 illius
618 2301 741 2334 alumni
768 2302 1006 2340 admittantur,
1041 2301 1137 2334 liceat

391 2357 536 2390 omnium
552 2361 583 2388 et
598 2356 803 2397 singulorum
820 2365 837 2387 a
855 2355 947 2387 nobis
963 2355 1137 2393 unitorum,

390 2419 589 2443 annexorum
626 2415 657 2441 et
683 2408 970 2452 incorporatorum
987 2435 994 2445 ,
1020 2419 1077 2451 per
1103 2419 1137 2441 se

391 2466 439 2497 vel
459 2463 557 2496 alium
577 2463 616 2495 ab
635 2462 706 2505 ipso
725 2463 882 2505 episcopo
900 2462 1136 2505 deputandum,

391 2528 446 2550 seu
471 2517 561 2556 alios,
589 2516 666 2549 dicti
693 2516 824 2558 collegii
850 2514 984 2548 nomine
1004 2516 1136 2555 realem,

390 2571 546 2602 actualem
588 2574 619 2601 et
653 2569 859 2611 corporalem
896 2569 1136 2612 possessionem

971 279 1158 306 numanum
1179 279 1335 306 ROMANUM

1919 280 1970 307 An.
1988 281 2017 306 e.
2036 274 2107 308 1732

1168 329 1340 374 lorumque
1367 330 1498 369 sructuS,
1524 330 1692 369 redditus,
1718 335 1908 372 proventus,

1169 383 1248 423 iura,
1276 384 1487 418 obventiones
1513 389 1543 416 et
1567 385 1782 417 emolumenta
1813 393 1911 428 quae-

1170 446 1319 480 cumque,
1345 447 1471 470 necnon
1500 447 1554 470 sex
1582 436 1682 469 millia
1708 442 1797 469 scuta
1821 447 1911 479 prae-

1171 490 1254 522 dicta
1279 490 1470 534 percipere,
1496 490 1646 531 exigere,
1673 490 1790 529 levare,
1817 499 1853 521 ac
1878 489 1910 522 in

1172 542 1316 575 eiusdem
1343 542 1473 584 collegii
1501 553 1518 575 a
1536 542 1630 575 nobis
1649 552 1707 585 per
1725 547 1911 585 praesentes

1171 595 1271 627 erecti
1298 595 1467 628 utilitatem
1493 594 1645 627 investire
1674 594 1706 626 in
1731 594 1824 628 bonis
1849 599 1912 627 sta-

1172 647 1301 687 bilibus,
1327 653 1360 679 ut
1385 647 1578 690 praesertur.

1217 700 1231 743 ξ
1255 701 1286 733 6.
1312 701 1449 740 Verum,
1477 700 1554 744 quia
1580 701 1741 733 frumenta
1766 701 1914 745 aliaeque
1938 714 2108 735 ecmannum

1174 753 1290 795 fruges,
1310 765 1391 798 quae
1410 765 1445 787 ex
1468 754 1580 787 annuis
1598 753 1779 787 redditibus
1797 754 1915 798 primo-
1925 741 2110 788 ἓὲῗῖπιιόοῗῖἷῗὲἓζ

1174 806 1248 838 dieti
1276 807 1463 840 mona—:terii
1489 807 1703 849 colliguntur,
1730 806 1762 839 in
1789 795 1974 840 duobusdus.

1175 859 1252 892 dicti
1278 860 1408 903 palatii,
1433 871 1450 893 a
1474 860 1568 893 nobis
1594 859 1624 892 in
1652 859 1830 902 collegium
1856 871 1916 903 per

1175 918 1366 955 praesentes
1385 914 1483 946 erecti
1504 913 1700 951 huiusmodi,
1721 913 1847 946 horreis
1865 923 1917 947 re·

1175 965 1252 1008 poni
1277 976 1312 998 ac
1337 967 1522 999 conservari
1549 971 1802 1007 consueverunt,
1827 967 1916 1000 votu-

1175 1029 1255 1059 mus,
1283 1025 1317 1052 ut
1341 1020 1426 1052 dicto
1453 1020 1545 1053 Petro
1577 1020 1708 1063 Aloysio
1745 1019 1912 1060 cardinali,

1175 1073 1281 1106 donee
1306 1073 1374 1117 ipse
1400 1073 1513 1106 vixerit
1538 1078 1569 1106 et
1593 1074 1848 1114 monasterium,
1873 1074 1916 1107 si-

1175 1130 1227 1157 cut
1252 1126 1444 1168 praefertur,
1470 1126 1668 1167 obtinuerit,
1696 1126 1780 1159 liber
1805 1127 1917 1160 decer-

1175 1184 1271 1210 natur
1296 1179 1462 1221 ingressus
1489 1179 1526 1211 ad
1555 1179 1686 1218 horrea,
1707 1179 1811 1212 donec
1836 1180 1917 1213 alter

1175 1231 1234 1263 sibi
1261 1232 1299 1264 ad
1327 1231 1536 1275 repositionis
1562 1237 1593 1264 et
1617 1232 1843 1265 asservationis
1861 1233 1917 1265 hu-

1175 1284 1311 1317 iusmodi
1339 1284 1497 1324 effoetum,
1517 1284 1647 1327 collegii
1665 1295 1683 1317 a
1701 1285 1795 1318 nobis
1815 1287 1916 1320 erecti

1161 1338 1375 1380 sumptibus,
1395 1338 1455 1370 sibi
1482 1338 1675 1371 exhibeatur
1695 1339 1802 1379 locus;
1825 1349 1917 1383 prae-

1177 1391 1251 1423 dicti
1288 1402 1363 1424 vero
1402 1391 1486 1424 Petri
1524 1392 1644 1436 Aloysii
1684 1393 1857 1426 cardinalis
1884 1393 1916 1426 in

1178 1445 1375 1477 monasterio
1402 1456 1626 1487 successores,
1653 1446 1805 1486 aliunde,
1829 1452 1860 1480 et
1885 1446 1917 1480 in

1177 1499 1262 1538 loco,
1290 1509 1307 1531 a
1332 1499 1481 1541 collegio,
1509 1509 1525 1531 a
1544 1499 1636 1532 nobis
1656 1510 1715 1543 per
1732 1505 1917 1543 praesentes

1177 1558 1299 1592 erecto,
1328 1553 1461 1586 omnino
1487 1558 1647 1596 separato,
1674 1553 1734 1586 sibi
1761 1564 1918 1597 quaerere

1178 1605 1319 1638 debeant
1355 1612 1387 1639 et
1423 1612 1605 1639 teneantur.
1637 1607 1679 1639 Ac
1704 1606 1856 1648 demum,
1883 1612 1918 1640 ut

1178 1659 1350 1701 collegium
1377 1669 1393 1691 a
1418 1659 1513 1692 nobis
1544 1670 1604 1703 per
1628 1665 1817 1703 praesentes
1849 1671 1921 1694 ere-

1178 1718 1263 1745 ctum
1290 1712 1421 1756 aliquod
1449 1723 1589 1756 perenne
1616 1713 1696 1756 grati
1731 1714 1828 1747 animi
1862 1715 1920 1748 ob-

1178 1766 1324 1808 sequium
1351 1776 1430 1809 ergo
1457 1767 1643 1800 monasterii
1680 1767 1813 1800 abbates
1847 1778 1919 1811 per-

1179 1825 1294 1862 petuos
1314 1820 1608 1853 commendatarios
1628 1820 1785 1854 exhibere
1804 1822 1919 1862 valeat,

1179 1882 1274 1904 unam
1312 1873 1428 1905 libram
1464 1883 1556 1905 cerae
1586 1873 1676 1905 albae
1702 1873 1735 1905 in
1761 1873 1812 1906 die
1838 1874 1920 1908 sesto

1179 1926 1210 1958 S.
1239 1925 1403 1958 Benedicti
1431 1926 1506 1958 dare
1531 1926 1649 1958 debeat
1674 1931 1706 1959 et
1731 1931 1890 1960 teneatur.

1224 1979 1238 2022 ᾗ
1264 1979 1295 2012 7.
1323 1979 1554 2019 Decet-nentes,
1575 1979 1752 2022 praemissa
1766 1980 1876 2013 omnia
1893 1986 1924 2014 et
1961 1992 2083 2014 mausum.

1181 2033 1309 2076 singula
1335 2044 1370 2066 ac
1387 2033 1517 2067 easdem
1545 2039 1734 2077 praesentes
1756 2035 1846 2068 nullo
1867 2045 1923 2068 nn-

1182 2098 1276 2130 quam
1305 2092 1453 2130 tempore
1479 2097 1514 2119 ex
1542 2086 1799 2130 quibuscumque
1817 2088 1923 2121 causis

1182 2140 1220 2173 de
1246 2140 1470 2183 subreptionis
1489 2145 1542 2172 aut
1561 2140 1765 2183 obreptionis
1782 2151 1838 2173 seu
1857 2143 1923 2175 nut-

1182 2194 1281 2226 litatis
1307 2193 1394 2232 vitio,
1419 2199 1473 2225 aut
1498 2193 1689 2234 intentionis
1713 2199 1845 2227 nostrae
1874 2195 1924 2228 vel

1182 2257 1388 2290 quocumque
1414 2247 1477 2280 alio
1504 2246 1630 2279 defectu
1665 2246 1792 2287 notari,
1818 2247 1924 2292 impu-

1182 2300 1294 2343 gnari,
1320 2299 1504 2339 invalidari,
1531 2300 1715 2339 retraetari,
1743 2300 1775 2333 in
1802 2301 1849 2334 ius
1874 2302 1924 2335 vel

1182 2354 1435 2387 controversiam
1473 2353 1604 2394 vocari,
1633 2354 1671 2386 ad
1696 2354 1779 2387 viam
1806 2360 1838 2387 et
1862 2360 1926 2388 ter-

1181 2408 1287 2441 minos
1324 2408 1403 2440 iuris
1441 2406 1572 2447 reduci,
1600 2413 1654 2440 aut
1691 2407 1843 2441 adversus
1870 2419 1923 2441 eas

1183 2461 1411 2504 quodcumque
1438 2460 1514 2493 iuris
1539 2460 1588 2493 vel
1614 2460 1698 2501 sacti,
1725 2466 1781 2493 aut
1801 2461 1924 2504 gratiae

1183 2514 1364 2548 remedium
1403 2514 1592 2557 impetrari,
1619 2519 1674 2546 aut
1706 2514 1800 2547 etiam
1835 2521 1924 2548 motu

1182 2567 1315 2611 proprio
1361 2567 1467 2610 deque
1508 2567 1711 2609 apostolicae
1750 2567 1923 2610 potestatis

392 2623 523 2665 propria
542 2622 732 2654 auctoritate
752 2621 856 2654 libere
873 2621 1136 2665 apprehendere,
1181 2620 1386 2664 plenitudine
1413 2619 1556 2658 concedi,
1587 2629 1646 2652 nec
1671 2619 1731 2651 sub
1757 2619 1924 2663 quibusvis

392 2681 424 2708 et
447 2675 686 2721 apprehensam
711 2674 873 2720 perpetuo
901 2674 1059 2715 retinere,
1098 2674 1134 2707 il·
1180 2672 1334 2706 similium
1359 2673 1407 2706 vel
1434 2671 1639 2706 dissimilium
1664 2672 1841 2715 gratiarum
1873 2683 1924 2707 re-
