2182 3137
28 218 82 244 An.
94 217 124 243 C.
147 213 215 242 1730

70 1109 156 1130 Salaria
171 1113 222 1134 pro-

38 1135 154 1156 fessoribus
183 1135 220 1154 lin-

37 1168 91 1188 guae
107 1162 188 1182 latinae
201 1163 222 1180 et

37 1194 114 1214 grecae
149 1187 222 1208 dehita

38 1215 116 1235 rectori
135 1214 222 1239 cottugn

37 1242 63 1263 R.
71 1241 173 1262 Bernardi
184 1240 222 1261 So-

38 1268 124 1288 cietatis
176 1267 222 1287 lesu

38 1293 189 1320 persolvenda.

60 2034 183 2056 Oeconomo
198 2039 233 2054 sa-

46 2061 122 2082 larium
147 2068 159 2082 a
182 2061 232 2080 deti-

47 2088 151 2108 mtoribus
179 2088 232 2108 assi-

48 2114 160 2139 gnandum.

858 211 999 233 CLEMENS
1027 211 1072 233 xl!
1097 212 1146 234 FP.

224 272 280 301 qua
303 271 336 291 ex
360 261 440 291 hisce
464 261 640 290 muletarum
664 258 784 288 nomine
799 257 967 287 deducenda

224 311 292 347 erit,
316 319 410 340 annus
432 309 618 339 academicus
641 307 803 337 secundum
825 306 889 336 dies
912 306 970 335 uti-

223 359 268 389 les
285 368 344 389 non
366 358 522 388 continuos
543 360 741 396 computetur.

295 434 357 464 TIT.
379 433 435 463 LV.
466 452 505 455 —
529 432 569 462 De
592 431 694 461 salario
715 433 903 470 professorum

329 482 471 512 cathedras
494 480 657 519 temporales
679 480 870 509 obtinentium.

265 552 453 591 Temporales
476 550 632 581 cathedrae
654 549 858 587 decretalium,
878 548 970 583 Sexti,

227 601 495 638 Clementfflarum,
519 609 634 629 necnon
658 598 878 628 institutionum
902 597 973 627 civi-

227 651 300 681 lium
323 654 351 679 et
372 649 478 687 digesti
501 649 617 687 veteris,
636 647 770 686 singulae
809 670 815 676 .
840 646 898 675 200
920 645 971 675 lib.

267 698 411 729 Cathedra
435 696 564 726 methodi
592 719 598 725 .
645 720 651 726 .
697 718 704 724 .
751 719 757 724 .
805 718 811 724 .
837 694 894 723 180
937 704 950 722 ))

269 746 412 777 Cathedra
436 745 614 784 simplicium
647 767 652 773 .
700 766 706 773 .
753 766 760 772 .
806 766 812 772 .
836 742 895 771 200
938 752 951 770 »

270 795 413 826 Cathedra
437 794 604 832 chirurgiae
647 817 653 822 .
700 816 706 823 .
754 815 760 822 .
806 815 813 821 .
836 791 896 821 200
939 801 952 820 >³

271 844 386 883 Septem
409 843 564 873 cathedrae
593 842 700 871 artium
715 865 722 877 ‚
757 841 817 870 sin-

230 893 316 932 gulae
332 913 814 922 ..........
840 890 897 920 150
939 900 953 919 ))

285 968 348 998 Τιτ.
372 967 441 998 LVI.
469 986 502 989 —
528 967 567 996 De
599 966 701 995 salario
736 967 924 1005 professorum

346 1019 546 1056 grammaticae
568 1016 671 1045 latinae
692 1020 717 1045 et
738 1025 862 1054 graecae.

272 1088 431 1119 Cathedrae
453 1086 663 1126 grammaticae
680 1085 788 1115 latinae
810 1089 839 1114 et
856 1093 978 1123 graecae

233 1137 365 1175 singulae
388 1140 504 1166 centum
528 1135 628 1172 libras,
649 1144 721 1174 quas
739 1134 892 1163 Cervariae
908 1133 978 1162 civi-

233 1191 276 1216 tas
292 1185 398 1215 rectori
414 1184 567 1215 Societatis
580 1183 645 1213 Iesu
661 1183 776 1221 collegii
792 1182 820 1213 S.
835 1182 978 1212 Bernardi

234 1234 366 1264 eiusdem
396 1233 543 1267 civitatis,
568 1236 653 1271 prout
685 1232 715 1261 in
744 1231 912 1261 eorumdem
936 1232 980 1261 in-

235 1283 337 1314 stituto
359 1283 395 1312 de
419 1291 499 1312 more
522 1286 639 1311 cautum
663 1285 718 1319 est,
737 1280 895 1319 persolvet,
912 1290 979 1309 cen-

238 1337 300 1362 tum
325 1331 459 1361 videlicet
481 1330 572 1360 libras
596 1339 694 1359 mense
717 1329 889 1368 septembri,
913 1338 981 1358 cen-

237 1385 299 1410 tum
322 1390 389 1410 vero
413 1389 512 1408 mense
546 1378 715 1415 decembri,
739 1383 856 1408 centum
881 1387 980 1407 mense
1001 1398 1003 1403 ,

238 1429 362 1466 martio,
386 1433 413 1458 et
435 1433 554 1458 centum
578 1437 679 1457 mense
701 1427 794 1456 iunio.
818 1427 980 1462 Quotannis

237 1483 335 1508 autem
358 1487 457 1507 mense
481 1482 604 1515 augusto
628 1477 803 1506 solutionem
827 1476 914 1512 hanc,
938 1485 982 1504 se-

237 1526 363 1556 cretario
385 1531 413 1555 et
435 1535 594 1555 oeconomo
617 1523 865 1563 inspectantibus,
889 1524 983 1561 legiti-

237 1576 293 1606 mis
315 1575 500 1605 documentis
530 1574 706 1604 cancellario
731 1573 875 1612 probabit,
895 1573 983 1612 idque

239 1625 429 1661 secretarius,
454 1628 485 1653 ut
506 1623 621 1662 reliqua
644 1622 841 1662 professorum
864 1621 982 1659 salaria,

238 1674 271 1704 in
293 1674 423 1703 codicem
447 1671 633 1702 transcribet.

281 1722 479 1754 Cancellarius
502 1722 624 1760 insuper
647 1724 728 1750 curet
749 1719 910 1750 solutiones
932 1719 985 1748 hu-

239 1772 366 1802 iusmodi
385 1771 468 1801 statis
485 1769 669 1809 temporibus
684 1768 848 1808 adimpleri⁷
863 1767 985 1807 perinde

240 1830 273 1850 ac
295 1820 325 1850 in
349 1819 454 1849 ceteris
477 1819 675 1858 professorum
698 1817 824 1847 salariis.

312 1895 376 1925 Τιτ.
400 1894 483 1925 LVII.
506 1912 546 1917 —
567 1894 607 1923 De
629 1893 731 1923 salario
753 1893 915 1932 officialium

531 1944 697 1973 academiae.

282 2015 463 2045 Secretarius
508 2036 833 2044 .......
859 2013 916 2042 1020
939 2012 988 2041 lib.

283 2062 467 2094 Oeconomus
489 2072 558 2092 vero
581 2062 742 2100 salarium,
761 2062 837 2101 quod
859 2061 915 2100 ipsi
941 2061 990 2091 de-

244 2113 396 2142 finitorum
412 2111 583 2149 concilium,
597 2111 730 2141 consulto
744 2110 910 2140 academiae
926 2119 991 2147 pro-

245 2166 355 2192 tectore
372 2185 380 2199 ,
416 2160 599 2198 assignabit3
633 2169 686 2189 nec
723 2159 812 2189 semel
848 2163 991 2189 statutum

246 2209 346 2248 augeri
363 2209 480 2249 poterit,
498 2208 555 2238 nisi
578 2209 663 2238 aliter
686 2213 848 2247 temporum
865 2208 990 2237 circum-

247 2259 372 2289 stantiae
405 2258 573 2292 suaserint,
598 2261 627 2288 et
659 2257 791 2287 eiusdem
815 2256 992 2296 protectoris

249 2308 388 2347 placitum
411 2307 541 2337 accedat.

289 2356 433 2395 Syndicus
462 2377 836 2385 ........
880 2354 919 2384 80
940 2354 992 2384 lib.

289 2405 426 2443 Magister
448 2404 700 2434 caeremoniarum
719 2427 725 2433 .
772 2427 778 2433 .
825 2427 831 2433 .
857 2404 915 2434 100
957 2414 971 2433 ))

289 2454 418 2484 Bidellus
441 2454 535 2483 maior
560 2477 566 2483 .
614 2475 832 2483 .....
857 2452 915 2482 150
958 2463 972 2482 »

290 2503 420 2534 Bidellus
444 2503 540 2532 minor
560 2525 833 2532 ......
858 2501 915 2531 100
958 2512 972 2531 ))

291 2552 428 2590 Magister
450 2551 560 2581 silentii
615 2573 833 2580 .....
879 2551 916 2580 70
959 2560 972 2580 J)

291 2601 420 2631 Bidellus
443 2600 609 2630 scholarum
627 2599 834 2638 grammatices
877 2599 916 2629 60
958 2609 973 2628 a

1051 259 1152 288 Custos
1174 268 1225 288 seu
1247 262 1343 288 rector
1365 257 1507 296 horologii
1531 266 1597 287 aca-

1011 306 1126 335 demiae
1169 329 1175 335 .
1221 329 1227 335 .
1275 328 1599 335 .......
1643 305 1682 335 40
1703 305 1744 335 lib

1051 354 1223 384 Scholarum
1258 364 1381 384 verruus
1395 378 1402 392 ‚
1426 354 1476 393 qui
1511 354 1596 392 vulgo

1013 406 1170 441 scopator.
1219 424 1596 432 ........
1639 402 1679 432 40
1721 413 1736 431 ι

1084 477 1146 507 ΤΠ.
1172 477 1266 506 LVIII.
1283 495 1322 500 -—
1340 478 1379 507 De
1400 478 1502 506 salario
1524 477 1689 516 officialium

1215 526 1372 555 audientiae
1392 526 1557 555 scholastici.

1057 596 1145 626 ludex
1175 618 1549 625 ........
1597 619 1602 624 .
1625 595 1685 625 ⁶250
1706 595 1758 626 lib.

1057 645 1194 675 Notarius
1219 667 1490 674 ......
1538 668 1544 673 .
1591 667 1597 674 .
1642 645 1680 673 50
1723 655 1738 673 ι

1058 693 1227 731 Aguasilius
1271 716 1277 722 .
1324 716 1330 721 .
1538 715 1544 722 .
1589 715 1596 722 .
1622 692 1679 721 100
1721 703 1736 721 a

1058 742 1179 773 Fiscalis
1224 765 1229 770 .
1596 764 1602 770 .
1646 741 1685 770 50
1726 751 1741 770 ι

1059 791 1166 821 Cursor
1224 812 1601 819 ........
1645 789 1684 818 20
1726 799 1741 817 ι

1059 840 1162 869 Custos
1184 848 1236 868 seu
1259 838 1366 868 ianitor
1388 838 1515 867 carceris
1540 860 1546 866 .
1593 860 1599 866 .
1644 836 1683 865 30
1725 847 1739 865 ιι

1060 888 1164 919 Omnia
1194 887 1338 917 eiusmodi
1370 886 1476 916 salaria
1503 895 1538 915 ex
1562 885 1680 915 redditu
1702 893 1766 914 aca-

1020 938 1145 974 demiae,
1161 937 1321 975 eodemque
1340 934 1555 974 professoribus
1571 938 1599 964 et
1617 933 1764 963 ministris

1021 991 1153 1025 tempore
1176 985 1393 1024 persolvantur.

1193 1064 1256 1094 TIT.
1282 1063 1349 1094 LIX.
1376 1082 1410 1085 —
1435 1063 1474 1093 De
1496 1064 1586 1102 ferlis.

1142 1136 1275 1157 October
1292 1135 1386 1155 habet
1403 1135 1471 1155 dies
1489 1135 1619 1155 tornatos
1633 1140 1640 1153 =

1024 1183 1060 1212 18
1082 1182 1111 1212 S.
1142 1181 1235 1210 Lucae
1267 1179 1474 1217 evangelistae.
1500 1178 1557 1208 Hac
1591 1177 1638 1207 die
1661 1177 1694 1206 fit
1719 1186 1767 1206 so—

1103 1230 1208 1260 lemnis
1231 1228 1393 1258 studiorum
1416 1227 1599 1256 instauratio.
1616 1226 1766 1256 Professo-

1104 1289 1150 1309 res
1173 1278 1348 1315 academiae,
1365 1277 1444 1307 iuxta
1461 1276 1621 1307 Concilium
1644 1275 1768 1304 Triden-

1103 1330 1196 1359 tinum
1211 1351 1219 1364 ‚
1244 1328 1409 1357 iuramento
1441 1336 1470 1355 se
1493 1326 1710 1362 obstringunt,
1741 1328 1767 1353 et

1105 1379 1239 1417 proxima
1262 1378 1307 1406 die
1331 1377 1471 1406 lectiones
1494 1375 1664 1404 instituunt.

1024 1429 1061 1458 28
1084 1427 1210 1458 Simonis
1234 1431 1261 1456 et
1283 1426 1370 1455 Iudae
1392 1424 1603 1463 apostolorum.

1302 1482 1488 1503 november:

1049 1527 1057 1555 1
1085 1526 1202 1555 Festum
1227 1524 1357 1553 omnium
1380 1523 1564 1553 Sanctorum.

1046 1575 1063 1603 2
1086 1572 1329 1603 Commemoratio
1354 1571 1485 1601 omnium
1508 1569 1637 1599 fidelium
1667 1569 1771 1598 defun—

1107 1627 1231 1651 ctorum.

1027 1671 1066 1700 025
1088 1670 1260 1701 Catharinae
1285 1667 1405 1707 virginis
1422 1672 1450 1697 et
1473 1666 1620 1705 martyris.

1028 1719 1066 1749 30
1088 1719 1222 1749 Andreae
1245 1717 1381 1756 apostoli.

1307 1773 1497 1795 november:

1049 1818 1067 1847 0
1090 1817 1201 1847 Nicolai
1224 1815 1353 1855 episcopi
1376 1820 1404 1844 et
1427 1813 1610 1844 confessoris.

1052 1868 1066 1896 7
1091 1865 1236 1896 Ambrosii
1259 1864 1388 1903 episcopi
1411 1867 1438 1892 et
1460 1862 1645 1898 confessoris,
1669 1865 1697 1890 et
1719 1860 1775 1890 Ec-

1111 1914 1217 1943 clesiae
1239 1912 1378 1942 doctoris.

1051 1965 1068 1992 8
1091 1963 1247 2001 Conceptio
1270 1962 1302 1991 Β.
1327 1961 1363 1990 M.
1390 1960 1421 1989 V.

1033 2013 1070 2042 13
1093 2011 1197 2041 Luciae
1221 2010 1342 2048 virginis
1364 2014 1392 2038 et
1414 2008 1561 2046 martyris.

1034 2062 1070 2091 v19
1093 2060 1204 2090 Natalis
1225 2059 1287 2088 dies
1320 2057 1483 2087 fundatoris
1506 2055 1673 2086 academiae
1688 2078 1695 2091 ,
1719 2063 1777 2093 quo

1114 2113 1202 2137 etnam
1227 2108 1318 2146 prima
1342 2106 1472 2135 eiusdem
1495 2105 1569 2134 iacta
1588 2107 1656 2133 sunt
1672 2102 1777 2132 sunda-

1115 2161 1224 2186 menta.

1034 2207 1069 2236 21
1095 2206 1223 2235 Thomae
1246 2203 1388 2243 Apostoli.

1035 2256 1074 2285 25
1096 2253 1263 2284 Nativitatis
1295 2251 1405 2281 domini
1439 2250 1530 2280 nostri
1563 2250 1626 2279 lesu
1658 2248 1777 2279 Christi.

1117 2302 1233 2341 Reliqui
1256 2301 1306 2340 qui
1329 2304 1487 2339 supersunt
1509 2299 1570 2328 dies
1586 2302 1653 2328 sunt
1668 2296 1775 2327 feriati.

1312 2358 1480 2378 innuat-lus
1493 2363 1499 2376 ε

1059 2402 1071 2431 1
1098 2399 1288 2431 Circumcisio
1310 2398 1435 2428 Domini.

1058 2453 1076 2481 ὓ
1099 2449 1277 2490 Epiphaniae
1300 2447 1425 2478 Domini.

1060 2502 1075 2530 7
1100 2499 1256 2530 ltaimundi
1280 2498 1315 2527 de
1339 2496 1495 2526 Pennasort
1517 2495 1704 2525 confessoris.

1041 2550 1076 2578 17
1097 2548 1215 2578 Antonii
1240 2546 1363 2575 abbatis.

1040 2599 1078 2628 20
1100 2597 1219 2628 Fabiani
1242 2601 1270 2625 et
1292 2594 1456 2625 Sebastiani
1479 2598 1653 2633 martyrum.

1649 199 1715 232 199
1762 210 1812 234 Αη.
1832 207 1862 234 c.
1886 205 1955 234 ΠΜ
