2182 3137
59 265 110 292 An.
132 266 162 291 C.
182 264 248 291 ¹732

81 1738 180 1759 Mun-achi
194 1744 245 1759 non-

59 1766 100 1786 nisi
117 1768 164 1791 post
184 1766 244 1785 emis·

59 1798 105 1812 sam
129 1792 244 1817 professio-

60 1824 107 1838 nem
123 1825 148 1838 ac
167 1821 243 1838 statu-n

60 1845 186 1865 clericorum
213 1846 245 1865 vet

57 1872 160 1892 tainorum
171 1871 245 1892 admit-

60 1898 126 1918 teudi.

870 265 1015 288 CLEMENS
1041 266 1084 289 XII
1109 267 1159 290 Pr.

252 321 301 349 no,
324 316 406 342 extra
429 312 563 341 ordinem
587 311 784 341 confessarius
813 311 931 341 novitiis
954 312 995 340 ot'-

253 360 391 390 serendus
415 364 470 389 est.

291 417 330 438 w.
354 408 523 446 Magistrum
547 407 724 437 novitiorum
753 411 901 437 versatum
932 417 995 437 esse

252 461 366 496 oportet
387 457 416 486 in
446 456 571 486 lectione
606 456 748 485 librorum
783 456 993 495 spiritualium,

253 510 285 536 ut
307 505 505 544 deceptiones,
523 513 596 544 quae
616 504 643 533 in
667 504 814 543 spirituali
840 505 900 533 vite
922 505 997 534 acci·

252 554 336 591 dunt,
360 553 527 591 intelligat,
563 553 682 582 novitiis
705 562 774 582 vero
804 562 853 582 eos
882 557 995 582 tanturn

253 601 391 640 legendos
414 601 518 637 tradet,
542 610 615 639 quos
638 600 671 630 ad
699 610 801 630 eorum
834 601 995 639 profectum

253 650 417 680 conducere
441 649 600 687 iudicabit,
627 649 736 688 quique
758 649 818 678 sint
839 650 996 679 orthodoxi

252 702 281 728 et
304 697 339 727 ab
362 698 495 727 Ecclesia
517 697 665 727 Catholica
687 706 745 726 non
769 697 930 736 reprobati.
948 698 998 727 Se-

254 747 386 776 mihorae
406 756 473 775 vero
496 746 589 785 spatio
612 746 728 775 eosdem
752 746 869 776 docebit
892 747 997 776 oratio-

253 805 319 826 nem
343 795 498 825 mentalem
522 799 550 824 et
573 795 714 833 vocalem,
732 795 895 824 doctrinam
920 796 998 825 chri-

252 845 391 882 stianam,
408 849 436 873 et
454 844 569 881 regulas
591 848 678 882 atque
701 848 808 873 statuta
833 845 925 874 nostri
945 844 998 874 Or-

253 895 310 931 nis,
325 894 498 933 praesertim
514 903 569 933 qua
587 894 700 923 ratione
716 894 854 923 accedere
870 894 997 924 debeant

252 943 289 972 ad
311 946 492 972 sacramenta
516 942 708 972 consessionis
736 947 764 972 et
786 943 995 981 eucharistiae,

252 995 281 1021 et
299 991 445 1031 quomodo
469 991 548 1021 boris
572 992 721 1021 canonicis
744 996 772 1021 et
795 1002 895 1021 sacrae
912 993 997 1022 litur-

252 1041 317 1079 giae
350 1041 494 1071 interesse
525 1051 574 1071 eos
605 1042 780 1078 conveniat,
815 1042 865 1080 qui
898 1047 995 1071 autem

253 1090 368 1120 litteras
391 1090 538 1126 nesciunt,
562 1090 628 1119 illos
651 1094 776 1119 statutas
800 1100 901 1129 preces
924 1091 998 1120 reci-

254 1144 316 1169 tare
339 1139 464 1168 docebit.

293 1197 342 1217 vn.
366 1188 488 1218 Abbatis
504 1192 547 1217 est
564 1197 653 1218 unum
671 1198 704 1218 ex
721 1189 921 1219 sacerdotibus
938 1200 997 1219 mo-

253 1237 387 1275 nasterii,
408 1237 457 1276 qui
481 1238 517 1266 sit
540 1246 609 1276 prae
632 1237 737 1267 ceteris
760 1247 874 1267 morum
899 1238 997 1277 probi-

253 1289 311 1315 tate
333 1290 361 1315 et
385 1285 518 1315 doctrina
547 1286 789 1320 commendatus,
825 1287 997 1325 magistrum

253 1335 431 1364 novitiorum
456 1335 621 1372 designare.
647 1335 730 1364 Hunc
753 1339 863 1372 antem,
892 1336 915 1364 si
950 1346 998 1365 ne-

253 1383 411 1422 gligentem
436 1383 464 1412 in
489 1383 608 1412 novitiis
631 1384 832 1421 instituendis,
866 1389 915 1414 aut
946 1385 1000 1414 mi-

254 1442 310 1462 nus
333 1433 507 1471 prudentem
525 1433 553 1461 in
571 1433 613 1461 eis
629 1433 814 1470 corrigendis
837 1433 998 1472 deprehen-

255 1481 342 1515 derit,
368 1491 419 1520 pro
452 1481 593 1520 qualitate
627 1482 728 1521 culpae
752 1482 875 1521 puniat3
909 1482 997 1521 idque

255 1539 354 1559 coram
388 1530 549 1569 professiS,
574 1540 630 1560 non
664 1539 762 1560 coram
792 1531 912 1560 novitiis
937 1532 996 1561 fiat..

255 1579 326 1608 Eum
350 1588 418 1608 vero
441 1578 476 1607 ab
505 1579 600 1608 officio
622 1588 773 1609 removere
796 1589 854 1609 non
878 1580 996 1618 poterit,

255 1627 313 1657 nisi
335 1628 563 1665 congregatione
587 1628 799 1658 monachornm
823 1629 969 1658 consulta.

417 1676 485 1706 CAP.
511 1677 559 1706 ΙΙΙ.
578 1695 612 1698 —
631 1677 670 1706 De
691 1678 836 1716 professis.

296 1734 315 1755 1.
336 1725 493 1764 Postquain
518 1726 645 1755 novitius
662 1726 872 1765 professionem
889 1726 997 1762 emisit,

256 1774 448 1813 aliquandiu,
473 1774 587 1804 abbatis
610 1774 749 1812 arbitrio,
775 1775 836 1804 sive
861 1775 888 1804 in
913 1775 999 1805 mini-

255 1823 345 1852 sterio
375 1823 521 1859 fratrum,
545 1823 606 1852 sive
639 1823 668 1852 in
702 1823 807 1852 studiis
835 1823 997 1853 litterarum

256 1875 442 1907 exerceatur,
469 1875 499 1901 ut
528 1876 677 1910 appareat,
702 1881 738 1900 an
762 1872 797 1901 ad
821 1872 998 1901 clericorum

257 1920 388 1949 ordinem
409 1921 624 1958 promovendus
647 1920 702 1956 sit,
727 1930 763 1949 an
788 1930 855 1950 vero
888 1921 916 1949 in
948 1921 998 1950 lai-

257 1978 357 1998 corum
380 1974 463 1998 coetu
487 1978 605 1998 manere
628 1968 753 2005 debeat;
775 1978 859 1998 nemo
876 1970 952 1998 enim
971 1970 998 1999 in

257 2019 359 2047 nostra
391 2018 623 2055 Congregatione
656 2022 723 2047 ante
756 2018 930 2047 noi‘itiatnm
965 2019 998 2047 nd

257 2071 364 2096 statum
389 2067 564 2095 clericorum
589 2067 650 2095 sive
673 2067 814 2096 laicorum
831 2067 998 2105 deputatur,

256 2115 306 2145 Sed
343 2125 444 2144 omnes
480 2115 684 2144 indifferenter
716 2115 749 2144 ad
784 2125 1000 2154 quemcumque

257 2168 365 2194 statum
383 2164 579 2193 admittuntur
594 2174 600 2200 ;
615 2168 643 2193 et
660 2164 753 2193 solnm
772 2168 835 2202 post
853 2168 999 2203 peractam

258 2213 482 2252 professionem,
501 2217 624 2252 postque
647 2213 724 2243 edita
742 2213 910 2243 idoneitatis
932 2224 1001 2243 suae

257 2262 352 2300 signa,
370 2262 406 2291 ab
422 2262 540 2299 abbate,
558 2263 692 2292 consulta
709 2263 917 2292 monacliormn
933 2274 1000 2293 con-

258 2311 448 2348 gregatione,
475 2311 508 2340 ad
533 2311 702 2340 clericatum
736 2311 797 2341 sive
829 2312 864 2341 ad
894 2316 1000 2341 statum

259 2359 400 2389 laicorum
436 2360 639 2396 designantur.
674 2360 734 2389 Hac
772 2364 867 2390 tamen
906 2361 934 2390 in
972 2370 1002 2390 re

259 2408 440 2438 conscientia
466 2408 558 2446 ipsius
580 2408 694 2438 abbatis
717 2414 865 2445 oneratur,
896 2414 927 2438 ut.
960 2410 1004 2438 ni-

261 2457 367 2486 mirum
391 2461 418 2486 et
442 2457 584 2487 rationein
616 2457 785 2487 idoneitatis
815 2458 1003 2487 uniuscuius-

259 2515 317 2544 que
340 2505 456 2542 habeat,
474 2509 502 2534 et
526 2505 695 2534 monasterii
720 2506 946 2535 necessitatibus
969 2506 1003 2535 de

259 2555 453 2584 conveniente
470 2564 592 2583 numero
609 2555 806 2592 sacerdotum,
828 2555 1003 2586 clericorum

260 2608 290 2633 et
312 2604 452 2634 laicorum
476 2604 621 2633 consulat.

300 2661 330 2682 11.
355 2652 520 2691 Antequam
552 2661 619 2681 vero
654 2652 801 2690 professus
835 2653 868 2682 ad
897 2657 1006 2682 statum

1684 260 1749 293 3:35

1038 313 1164 352 aliquem
1188 314 1412 353 determinetur,
1436 325 1552 355 semper
1580 321 1695 346 maneat
1728 317 1782 347 sub

1038 363 1171 392 custodia
1193 368 1221 393 et
1237 365 1309 393 cura
1324 364 1426 394 vicarii
1446 364 1570 401 abbatiS,
1588 370 1616 394 et
1638 370 1780 404 quantum

1040 410 1101 439 sieri
1125 415 1232 449 potest,
1250 412 1364 441 nullum
1387 413 1597 442 commercium
1618 414 1721 443 babeat
1738 415 1781 444 rel

1039 468 1106 488 cum
1130 460 1248 489 novitiis
1271 461 1315 490 vel
1338 471 1405 490 cum
1438 462 1503 490 aliis
1536 463 1698 499 monachis,
1723 463 1781 493 nisi

1039 517 1104 536 cum
1129 508 1248 546 paribus
1272 513 1300 538 et
1319 509 1490 548 aequalibus
1506 510 1579 546 suis,
1596 515 1646 540 aut
1662 521 1726 540 cuin
1745 512 1780 541 iis

1039 555 1089 594 qui
1112 556 1141 584 in
1165 557 1266 586 eodem
1290 557 1455 587 ministerio
1478 563 1526 588 aut
1549 559 1653 589 studiis
1676 559 1780 589 iisdem

1041 609 1205 634 versantur.

1080 661 1120 681 111.
1145 652 1325 692 Quamquam
1349 658 1444 683 autem
1469 655 1534 693 quis
1557 655 1592 684 ab
1623 656 1725 686 abbate
1748 658 1782 687 ad

1040 704 1147 730 statum
1171 701 1345 731 clericorum
1369 702 1524 741 deputatus
1540 703 1587 740 sit,
1606 709 1631 733 et
1649 705 1782 735 ordinem

1041 749 1128 779 etiam
1152 749 1278 788 aliquem
1302 749 1533 780 ecclesiasticum
1557 753 1712 791 acceperit,
1737 754 1781 783 in-

1042 798 1152 836 telligat
1185 802 1281 827 tamen
1314 799 1350 827 ad
1380 799 1548 830 ulteriorem
1581 801 1704 838 gradum
1728 803 1783 832 sibi

1040 847 1151 876 aditum
1174 856 1359 886 nequaqnam
1386 852 1498 885 patere,
1516 848 1572 877 nisi
1595 849 1677 878 illum
1701 849 1784 880 bonis

1041 895 1173 925 moribus
1196 900 1224 925 et
1255 897 1423 934 comparata
1455 906 1492 925 cx
1525 897 1629 926 studiis
1661 898 1786 928 scientia.

1042 944 1250 984 promeruerit.
1275 943 1396 974 Abbatis
1420 944 1508 982 igitur
1531 949 1559 974 et
1582 947 1784 984 congregatio-

1041 995 1086 1023 nis
1123 993 1331 1023 monachornm
1365 993 1487 1023 arbitrio
1519 994 1718 1033 relinquitur,
1753 1000 1785 1025 ut

1041 1043 1137 1081 ipsum
1170 1042 1206 1071 ab
1239 1042 1377 1072 ulteriore
1410 1043 1512 1072 ordine
1548 1043 1718 1083 accipiendo
1750 1045 1785 1074 ad

1042 1096 1170 1130 tempus,
1198 1091 1240 1121 vel
1265 1091 1351 1120 etiam
1371 1095 1520 1130 perpetuo,
1538 1097 1677 1129 arceant,
1698 1094 1785 1133 idque

1042 1141 1225 1180 potissimum
1248 1140 1283 1169 de
1306 1140 1458 1169 ordinibus
1490 1141 1565 1170 infra
1598 1141 1784 1172 diaconatum

1041 1190 1264 1228 intelligendum
1302 1194 1367 1225 cst,
1398 1198 1464 1218 nam
1498 1190 1559 1228 qui,
1578 1191 1701 1220 servatis
1724 1201 1785 1221 ser-

1042 1239 1153 1273 vandis,
1174 1239 1208 1268 ad
1238 1238 1424 1268 diaconatum
1460 1243 1610 1277 promotus
1642 1244 1697 1275 cst,
1722 1241 1745 1269 is
1768 1251 1782 1269 a

1041 1287 1204 1317 sacerdotio
1227 1287 1408 1326 accipiendo,
1434 1287 1490 1316 nisi
1514 1288 1721 1325 urgentissima
1749 1289 1785 1318 de

1041 1338 1148 1373 eausa,
1174 1346 1358 1375 nequaquam
1383 1341 1577 1366 removeatur.

1081 1394 1119 1415 iv.
1140 1386 1205 1415 l'ari
1239 1386 1371 1421 ratione,
1395 1386 1443 1423 qni
1478 1386 1526 1415 din
1559 1386 1588 1415 in
1618 1386 1785 1417 ministerio

1042 1435 1183 1464 laicorum
1207 1434 1358 1471 deserviit,
1377 1435 1399 1463 si
1418 1435 1540 1464 idoneus
1564 1439 1661 1474 postea
1687 1445 1785 1475 reper-

1043 1489 1088 1514 tus
1112 1484 1210 1521 suerit,
1228 1488 1325 1522 potest
1341 1484 1376 1513 ab
1393 1484 1497 1513 abbate
1522 1488 1550 1513 et
1574 1485 1782 1514 monachorum

1041 1533 1269 1571 congregatione
1310 1532 1344 1561 ad
1383 1532 1500 1561 ordines
1536 1533 1623 1562 etiam
1660 1534 1784 1563 maiores

1042 1581 1228 1621 promoveri3
1253 1581 1411 1610 dummodo
1441 1585 1548 1619 tamen,
1575 1586 1726 1620 postquam
1751 1583 1785 1612 ab

1042 1630 1145 1659 abbate
1168 1629 1202 1658 ad
1224 1629 1423 1658 ministerium
1447 1629 1549 1658 laicale
1572 1630 1705 1659 addictus
1728 1635 1783 1665 est,

1042 1688 1095 1708 nec
1118 1678 1231 1707 litteras
1254 1677 1400 1713 didicerit,
1418 1687 1472 1707 nec
1488 1677 1579 1706 libros
1595 1678 1710 1716 legerit,
1729 1679 1783 1708 nisi

1042 1727 1104 1767 ipso
1127 1726 1271 1756 consulto.

1122 1776 1191 1806 CAP.
1215 1775 1262 1805 lv.
1282 1793 1316 1797 —
1340 1776 1384 1804 De
1406 1775 1515 1804 clericis
1536 1776 1705 1805 stnlenlz‘lnts

1313 1828 1337 1852 et
1360 1824 1511 1861 mayislris.

1083 1883 1102 1903 1.
1127 1874 1216 1903 Nemo
1239 1872 1274 1901 ad
1303 1872 1434 1901 ordinem
1458 1872 1687 1902 ecclesiasticum
1719 1882 1787 1913 pro-

1044 1927 1208 1957 moveatur,
1226 1921 1281 1950 nisi
1300 1925 1394 1950 aetate
1413 1930 1427 1949 a
1444 1921 1536 1950 sacris
1552 1921 1687 1951 Conciliis
1704 1932 1788 1962 prae-

1044 1971 1163 2008 srripta,
1188 1975 1235 1999 ant
1260 1970 1478 2008 dispensatione
1500 1980 1513 1998 a
1542 1970 1672 2007 legitimo
1701 1978 1787 2010 supe-

1045 2020 1120 2048 riore
1144 2019 1275 2056 obtenta,
1299 2022 1327 2047 et
1352 2018 1386 2047 de
1409 2018 1529 2047 licentia
1551 2019 1786 2057 congregationis

1045 2069 1254 2098 monachornm
1276 2072 1363 2106 atque
1379 2067 1503 2104 abbatis,
1521 2068 1570 2106 qui
1590 2068 1784 2098 ordinandum

1044 2128 1110 2147 cum
1144 2117 1251 2147 litteris
1284 2115 1533 2146 testimonialibus
1556 2116 1589 2145 ad
1614 2117 1782 2157 episcopum

1045 2166 1112 2203 loci,
1136 2171 1186 2195 aut
1208 2166 1241 2195 ad
1266 2165 1544 2195 rex'cremlissimnm
1564 2165 1714 2195 dominum
1740 2176 1787 2205 pa-

1046 2215 1205 2244 triarcham
1230 2214 1347 2243 mittere
1370 2213 1466 2251 debet,
1484 2214 1593 2243 tenoris
1615 2215 1785 2253 sequentis:

1085 2263 1323 2292 Iieuvvwllxm'nw
1345 2272 1375 2291 (ιι)
1390 2262 1597 2299 religiosissime
1621 2263 1729 2291 domine
1750 2263 1785 2293 Ν.

1045 2313 1166 2350 episcope
1178 2312 1296 2341 civitatis
1312 2311 1357 2348 N.,
1375 2315 1434 2347 ant,
1450 2311 1613 2339 Beatissimo
1627 2312 1789 2349 patriarcha

1046 2366 1146 2397 noster,
1171 2362 1279 2389 domine
1301 2360 1336 2388 N.
1354 2377 1392 2381 —
1408 2359 1464 2388 Nos
1487 2359 1577 2388 abbas
1600 2364 1628 2389 el.
1653 2361 1787 2390 monaehi

1046 2410 1164 2438 Ordinis
1187 2409 1280 2437 sancti
1304 2408 1422 2437 Antonii
1445 2408 1684 2445 tlongregationis
1709 2408 1789 2438 Mon-

1047 2459 1084 2488 tis
1109 2458 1208 2487 Libani
1234 2457 1402 2486 monasterii
1427 2457 1460 2486 N.
1486 2460 1626 2486 testamur
1648 2466 1788 2487 reveren-

1047 2508 1114 2536 dum
1141 2510 1252 2545 patrem
1270 2506 1303 2535 N.
1322 2505 1496 2534 monachum
1515 2505 1676 2543 professum
1696 2507 1788 2536 nostri

1048 2556 1166 2584 (lrslinis
1189 2555 1217 2584 in
1242 2554 1374 2591 legitima
1396 2558 1490 2583 aetate
1515 2554 1705 2584 constitutum
1730 2555 1789 2594 (rel

1049 2604 1294 2643 ‹lispensatiomun
1318 2602 1420 2631 aetatis
1443 2603 1491 2632 hic
1513 2612 1657 2632 annexam
1679 2603 1789 2633 liaben-

1051 2653 1122 2691 tem)
1145 2656 1173 2681 et
1195 2651 1353 2680 sufficienti
1376 2651 1508 2681 doctrina
1531 2651 1674 2691 bonisque
1701 2654 1791 2683 mori-

1797 273 1849 296 Αη.
1866 272 1895 296 (2.
1913 269 1982 296 ¹732

1839 2284 1907 2303 Tenui·
1924 2284 1983 2303 tetti-

1800 2311 1921 2330 vnonialunn
1945 2316 1982 2335 pru

1800 2337 1955 2361 proinureudis,
