2182 3137
151 198 207 224 An.
228 197 339 224 <21:31
389 189 453 223 978

148 732 230 752 causan
242 732 331 753 buin-ce

147 762 313 780 consuluit-uus.

181 2220 248 2242 Nemo
265 2220 334 2241 let-tu·

147 2254 184 2269 rau
202 2254 287 2268 rui-sum
305 2248 334 2267 in*

147 2274 227 2295 clinare
269 2274 332 2298 possit

147 2302 193 2321 sinu
246 2300 334 2326 prm-rio

148 2327 254 2349 examine.

342 257 479 289 rumque
516 247 695 280 litterarum
733 248 863 288 studia,
890 249 1082 291 pracsertim

342 299 426 332 inter
477 299 703 334 christifideles
754 302 869 334 divinis
918 302 1083 346 obsequiis

342 352 403 383 sub
428 352 518 385 suavi
546 353 715 394 religionis
741 353 817 397 iugo
842 356 1004 393 addictos,
1027 366 1084 398 op-

341 404 489 445 portunis
517 403 696 439 rationibus
723 405 865 437 fovemus
899 411 929 438 et
955 417 1084 448 promo-

341 466 464 490 vemus.
489 468 535 495 ar,
560 462 593 489 ut
619 458 748 493 ‹lelu'tus
774 459 882 491 virtuti
911 460 1018 491 bonor
1036 471 1084 492 re-

341 509 511 551 pendatur,
541 509 680 542 libenter
704 511 922 554 pr0v1deinus,
944 512 1027 544 sieut
1044 513 1081 545 ad

342 561 574 604 omnipotentis
600 562 653 595 Dei
676 563 823 605 gloriam,
845 564 1012 607 religionis
1030 565 1084 597 dc-

343 625 398 646 eus
428 619 457 646 ct
477 615 710 648 incrementum
734 616 909 650 salubriter
930 618 1083 661 expedire

342 667 373 699 in
394 667 528 701 Domino
548 668 753 702 arbitramur.
792 702 797 706 ,

387 721 457 764 gl.
485 721 561 754 Cuin
600 722 725 765 itaque,
763 723 844 756 sicut
883 724 991 757 dilecti
1027 723 1082 757 lilii

343 774 528 807 Vincentius
554 775 592 808 de
619 775 796 808 Comitibus
821 777 971 809 minister
988 787 1084 818 gene-

342 828 425 861 ralis'
444 834 470 860 et
499 828 685 861 assistentes
696 829 823 862 Ordinis
837 830 968 862 fratrum
988 831 1084 863 Mino<

343 893 412 914 rum
429 882 528 915 sancti
540 882 699 915 Francisei
723 883 992 916 Conventualium
1008 894 1085 916 nun-

344 940 531 978 cupatorum
549 935 642 967 nobis
663 946 768 978 nuper
787 937 903 979 exponi
924 937 1082 977 fecerunt,

342 994 377 1020 ut
402 990 432 1020 in
459 989 573 1021 eodem
599 988 719 1021 Ordine
738 989 916 1021 studiorum
935 1000 1085 1032 progres-

343 1051 396 1072 sus
430 1046 461 1073 et
493 1041 613 1073 bonum
640 1042 786 1084 regimen
821 1042 1027 1082 stabiliatur,
1055 1049 1085 1075 ct,

343 1093 457 1125 fratres
483 1093 584 1136 ipsius
604 1093 732 1126 Ordinis
751 1095 902 1137 congruis
921 1095 1083 1128 bonorum

342 1145 495 1188 praemiis
522 1146 559 1179 ad
581 1146 633 1179 illa
653 1148 877 1190 amplectenda
897 1153 991 1191 atquc
1012 1159 1086 1191 pro-

342 1198 509 1241 sequenda
535 1199 708 1233 alacriores
734 1207 766 1233 et
784 1201 996 1234 ferventiores
1016 1202 1086 1234 red-

343 1252 479 1291 dantur,
518 1253 579 1296 ipsi
605 1254 792 1287 Vincentius
818 1255 965 1288 minister
990 1266 1087 1298 geue-

343 1306 418 1338 ralis
456 1312 484 1338 et
523 1306 710 1340 assistentes
736 1313 923 1351 opportune
950 1320 966 1342 a
992 1309 1085 1342 nobis

341 1359 507 1402 provideri
534 1365 565 1392 et
589 1365 623 1392 ut
648 1360 730 1393 infra
760 1361 922 1404 indulgeri
944 1372 1086 1395 summo-

343 1422 420 1455 pere
448 1412 656 1445 desiderent:
685 1424 764 1451 noS,
797 1415 986 1447 eorumdem
1014 1415 1086 1448 Vin<

343 1465 439 1498 centii
467 1465 603 1498 ministri
632 1467 794 1509 generalis
816 1473 846 1500 et
865 1467 1084 1501 assistentium

341 1518 434 1558 votis,
461 1524 615 1561 quantum
643 1529 714 1551 cum
742 1519 876 1553 Domino
904 1532 1085 1564 possumus,

344 1571 565 1604 favorabiliter
589 1582 732 1605 annuere
757 1574 900 1606 velentes
916 1601 923 1613 ‚
951 1580 981 1607 et
1016 1575 1088 1608 illo-

343 1635 413 1657 rum
451 1625 633 1667 singulares
669 1636 825 1669 personas
867 1638 884 1659 a
921 1628 1086 1670 quibusvis

343 1679 707 1719 excommunicationis,
735 1680 960 1723 suspensionis
987 1686 1019 1713 et
1043 1681 1088 1714 in-

342 1731 485 1772 terdicti,
501 1732 637 1775 aliisque
657 1733 883 1766 ecclesiasticis
900 1734 1085 1774 sententiis,

346 1786 490 1818 censuris
517 1790 548 1818 et
572 1785 708 1829 poenis,
735 1797 751 1819 a
777 1786 847 1819 iure
884 1787 933 1820 vel
960 1787 999 1820 ab
1026 1788 1087 1820 ho—

343 1838 444 1878 mine,
471 1839 583 1882 quavis
608 1839 779 1872 occasione
802 1841 850 1873 vel
878 1843 972 1873 causa
999 1841 1085 1881 latis,

344 1891 370 1924 si
396 1891 512 1935 quibus
539 1892 788 1935 quomodolibet.
820 1894 994 1926 innodatae
1022 1895 1087 1926 exi-

344 1949 454 1985 stunt,
480 1945 518 1978 ad
557 1944 705 1978 effectum
743 1947 962 1989 praesentium
997 1947 1088 1980 ‹lum-

345 2002 431 2031 taxat
456 1999 744 2042 consequendum,
770 2000 884 2032 barum
922 2001 1004 2043 serie
1033 2002 1088 2034 ab·

344 2052 505 2084 solventes
543 2056 576 2084 et
611 2052 776 2085 absolutas
803 2053 871 2086 sore
898 2058 1085 2094 censentes,

345 2104 642 2147 supplicationibus
678 2116 790 2139 eorum
828 2106 960 2140 nomine
994 2107 1088 2139 nobis

344 2167 444 2200 super
470 2157 531 2190 boc
557 2157 724 2190 humiliter
741 2158 900 2201 porrectis
920 2158 1086 2191 inclinati:

434 2220 456 2243 1.
474 2210 510 2243 Ut
526 2221 630 2252 nemo,
645 2211 711 2244 sive
726 2211 916 2254 collegialis,
930 2217 983 2245 aut
998 2212 1027 2244 in
1043 2223 1088 2245 sa-

346 2265 399 2296 cra
417 2264 583 2306 theologia
604 2264 759 2307 magister
784 2265 937 2306 lecturae,
959 2276 1087 2298 cursum

345 2316 502 2350 incboare
521 2317 634 2360 possit,
652 2317 712 2350 nisi
731 2317 821 2361 prius
837 2329 853 2351 a
872 2318 1040 2361 praedicto
1059 2323 1090 2351 et

346 2381 405 2414 pro
429 2376 576 2414 tempore
595 2368 745 2404 existenti
765 2371 913 2405 ministro
932 2372 1087 2414 generali,

345 2424 477 2467 praevio
504 2429 610 2457 tamen
638 2425 788 2468 rigoroso
811 2425 956 2458 examine
979 2436 1038 2468 per
1055 2436 1089 2458 se

345 2477 460 2519 ipsum,
487 2478 559 2519 vel,
587 2477 614 2510 si
639 2477 749 2521 aliquo
776 2478 1012 2522 impedimento
1038 2479 1091 2512 de-

346 2534 457 2562 tentus
483 2530 601 2572 suerit,
637 2541 696 2574 per
720 2531 817 2564 alium
854 2542 909 2564 seu
944 2531 1024 2564 alios
1051 2531 1090 2564 ab

346 2583 419 2629 ipso
457 2583 672 2629 seligendos‚
709 2583 894 2629 reperiatur
930 2584 1089 2627 idoneus,

922 199 1103 224 nt'LLAntUM
1128 199 1285 224 Romnum

1875 199 1925 225 Αιι,
1947 199 1974 226 C.
1993 200 2055 228 173¹

1126 249 1205 282 itant
1241 249 1377 292 quilibet
1412 258 1445 281 se
1479 258 1562 281 novo
1589 248 1724 282 examini
1750 248 1865 281 sistens

1126 303 1290 335 doctrinae
1311 313 1385 334 suae
1401 302 1564 345 specimen
1583 313 1619 335 ac
1633 302 1864 335 documentum

1127 356 1287 398 praebeat,
1307 361 1334 388 ct
1356 355 1471 398 religio
1491 356 1522 387 in
1543 355 1609 388 dies
1624 355 1809 399 conspicuis
1825 356 1867 388 lc·

1127 408 1270 441 cleribus
1297 410 1467 447 tha-eseam

1215 473 1250 495 lt.
1280 461 1452 494 Praeterea
1478 462 1635 495 lectiones
1660 462 1754 495 etiam
1789 467 1866 494 tcm-
1891 471 1949 495 ommi
1966 474 2060 498 compare

1127 525 1203 558 pore
1231 514 1360 558 capituli
1388 515 1551 557 generalis
1584 526 1787 559 nequaquam
1821 499 2062 572 ἰη-ΞΞΞΪΗΙιΣᾺΪΞΞΞΞᾞ

1128 567 1270 607 termitti,
1297 567 1351 599 seil
1373 578 1473 610 usque
1499 568 1537 600 ail
1565 567 1677 600 festum
1711 567 1742 600 S.
1764 568 1957 600 Bona-tantus.

1126 625 1302 659 venturae,
1339 620 1632 663 qumlinadiuodum
1659 620 1689 652 in
1717 619 1866 652 omnibus

1103 711 1105 718 χ
1127 674 1197 706 aliis
1223 673 1423 717 temporibus
1450 673 1569 706 servari
1596 674 1688 713 solet,
1711 672 1865 717 prosequi

1128 726 1288 766 debeant,

1216 790 1263 813 ut.
1292 779 1403 813 Nullus
1430 790 1464 812 cx
1493 780 1712 819 studentibus,
1738 779 1802 812 sive
1828 779 1868 812 sit
1892 789 2062 811 marmoniu-

1127 833 1359 865 bacealaureus
1385 833 1565 876 collegiatis
1582 861 1590 873 ,
1617 843 1653 866 ac
1678 833 1869 866 seminario·
1880 816 2065 875 iiiil>¹ss¹¹f¹i¹i=³===¹rllssnefl

1127 897 1195 918 rum
1222 887 1333 926 lector,
1360 892 1392 919 ct
1417 893 1596 920 conventus
1621 870 2066 925 baccalaureus,{ll'fil'anl'ss‘fflllll

1129 945 1273 982 tempore
1293 940 1576 983 quadragesimali,
1597 941 1742 983 quamvis
1762 940 1791 971 id
1811 923 1975 982 perennem.

1128 993 1374 1025 constitutiones
1401 992 1547 1025 Urbanas
1573 993 1718 1025 eiusdem
1741 992 1870 1026 Ordinis

1129 1045 1159 1076 in
1187 1055 1258 1088 rap.
1285 1055 1303 1078 v
1329 1056 1411 1088 reg„
1437 1046 1485 1077 tit.
1514 1056 1554 1084 iv,
1580 1056 1668 1078 niun.
1695 1056 1768 1085 xvi,
1796 1056 1870 1089 per-

1129 1098 1259 1131 missum
1286 1098 1337 1138 sit,
1363 1099 1496 1132 verbum
1523 1099 1576 1131 Dei
1604 1099 1792 1142 praedicare
1820 1109 1871 1132 va-

1130 1152 1213 1191 leat3

1217 1215 1258 1237 iv.
1292 1204 1469 1248 Quodque,
1498 1205 1589 1238 utin
1621 1205 1737 1238 studiis
1772 1215 1870 1248 gene·
1883 1213 1957 1239 Eueno
1971 1215 2064 1240 tempore

1882 1247 1965 1266 semper
1987 1241 2066 1267 aliquis

1129 1258 1253 1291 ralibus
1291 1259 1386 1291 ctiam
1416 1264 1562 1302 tempore
1599 1259 1957 1313 quadragesimaliquw-⁵·
1983 1267 2014 1304 vet
2038 1267 2067 1313 ¹5¹}

1131 1311 1315 1343 huiusmodi
1355 1322 1485 1354 semper
1523 1312 1681 1345 lectiones
1715 1317 1746 1344 et
1776 1299 2067 1357 εοΙίῑῑιῗοζιΓιοι-Γὲεῃιῗῐὲῗιῖ-

1131 1362 1285 1395 exercitia
1322 1362 1519 1395 scholastica
1545 1363 1798 1403 continuentur,
1823 1353 1925 1396 refu*

1131 1420 1260 1448 maneat
1286 1426 1367 1448 unus
1392 1426 1511 1457 regens
1546 1421 1600 1448 aut
1624 1416 1727 1449 lector
1750 1416 1873 1450 theolo-

1131 1469 1201 1511 giae
1228 1469 1370 1509 moralis,
1397 1468 1450 1512 qui
1478 1469 1626 1507 docendo
1656 1475 1686 1502 et
1713 1469 1873 1502 tradendo

1131 1521 1258 1554 casdem
1296 1522 1470 1561 materias,
1506 1527 1599 1565 prout
1624 1522 1671 1555 illi
1698 1523 1817 1555 docere
1843 1527 1876 1554 et

1133 1575 1262 1608 tradere
1281 1579 1480 1615 tenerentur,
1498 1575 1680 1618 regentium
1696 1575 1783 1609 vices
1801 1586 1876 1618 sup-

1132 1629 1235 1672 pleat;
1261 1628 1442 1661 alternatim
1476 1629 1695 1672 permittendo
1728 1628 1875 1672 quando·

1132 1692 1194 1725 que
1220 1681 1287 1721 uni,
1313 1681 1509 1724 quandoque
1523 1681 1625 1721 alteri,
1646 1687 1676 1714 et
1696 1681 1874 1724 aliquando

1132 1734 1226 1766 ctiam
1253 1734 1422 1777 praedicto
1452 1734 1564 1767 lectori
1592 1734 1738 1767 eiusdem
1769 1744 1876 1767 mora-

1133 1787 1170 1820 lis
1198 1787 1396 1830 theologiae,
1424 1793 1458 1820 nt
1487 1788 1524 1820 ad
1556 1787 1808 1830 praedicandum
1840 1797 1874 1820 se

1133 1841 1308 1873 transferre
1335 1840 1454 1883 possit,
1480 1846 1511 1873 et
1536 1840 1713 1884 aliquando
1739 1840 1872 1884 pariter,

1132 1893 1164 1925 in
1190 1894 1297 1936 aliqua
1321 1893 1510 1937 particulari
1538 1894 1750 1933 necessitate,
1779 1893 1876 1926 relin-

1132 1946 1262 1989 quendo
1300 1947 1404 1979 cidem
1441 1946 1607 1989 praedicto
1638 1951 1670 1979 et
1705 1956 1763 1989 pro
1790 1951 1872 1979 tern-

1132 2010 1212 2043 pore
1238 1999 1386 2032 existenti
1415 1999 1562 2033 ministro
1589 1999 1732 2043 generali
1769 1999 1873 2032 sacul-

1133 2058 1229 2086 tatem
1257 2053 1467 2096 dispensandi
1493 2063 1553 2096 pro
1579 2053 1647 2086 eius
1672 2052 1808 2086 arbitrio
1845 2057 1878 2086 et.

1133 2105 1353 2143 conscientia,
1382 2117 1455 2138 cum
1481 2106 1668 2139 conditione
1702 2111 1808 2139 tamen
1842 2111 1878 2138 ut

1133 2160 1195 2193 duo
1221 2169 1373 2199 menses,
1412 2159 1604 2192 decurrendi
1640 2159 1671 2191 in
1697 2159 1786 2192 verbi
1820 2159 1876 2191 Dei

1133 2212 1389 2256 praedicatione,
1415 2213 1594 2255 computari
1614 2217 1779 2256 nequeant
1797 2217 1876 2244 tem-

1133 2267 1206 2310 pori
1245 2266 1389 2309 praefixo
1429 2277 1488 2309 pro
1515 2266 1748 2309 consequendo
1774 2265 1876 2308 gradu

1134 2324 1166 2352 et
1190 2319 1346 2362 dignitate
1372 2319 1577 2362 paternitatis
1603 2318 1812 2362 provinciae;

1223 2383 1250 2405 v.
1279 2372 1382 2416 thue
1415 2373 1603 2415 collegiales
1638 2372 1792 2416 praedicti
1819 2371 2075 2431 Or-Fraeffgllitgffgntff

1135 2426 1219 2460 dinis
1254 2436 1313 2469 pro
1350 2431 1568 2459 conventuum
1607 2426 1718 2469 quiete
1755 2431 1788 2458 et
1821 2425 2077 2478 ⁰⁰³l}?0¹'‘'0'‡'.lsst'2⁰.“⁰‘

1134 2479 1265 2512 servitio
1292 2478 1413 2523 ubique
1439 2485 1472 2512 et
1496 2479 1528 2511 in
1553 2479 1640 2512 omni
1666 2489 1739 2512 casu
1755 2506 1762 2519 ,
1789 2489 1878 2522 prae-

1133 2537 1280 2575 terquam
1306 2531 1337 2563 in
1364 2531 1487 2564 actibus
1512 2531 1702 2571 studiorum,
1728 2531 1877 2575 patribus

1134 2585 1173 2618 de
1200 2585 1296 2618 domo
1332 2583 1545 2630 nuncupatis,
1571 2594 1637 2618 non
1664 2584 1759 2618 aliter
1790 2595 1827 2621 ac
1852 2585 1879 2619 si
