2182 3137
870 161 1012 184 CLEMENS
1038 161 1082 183 xil
1107 162 1157 183 Pr.
1668 148 1732 181 195
1780 158 1830 180 Aa.
1848 157 1877 181 u.
1903 157 1969 182 17³0

45 170 98 193 An.
117 167 147 191 C.
168 166 236 192 ¹730

246 213 440 253 principalem
458 213 589 242 obserari
609 210 775 246 mandabit3
793 209 899 238 exinde
918 217 986 238 vero
1070 208 1105 237 Hi
1139 218 1226 247 porro
1249 218 1286 238 ex
1320 213 1378 238 toto
1406 207 1574 238 Cataloniae
1605 206 1771 246 principatu
1814 217 1964 249 *Conantem-s

245 273 338 302 usque
361 263 395 292 ad
418 263 496 292 idem
519 262 549 291 S.
573 262 668 291 Lucae
701 260 808 290 festum
841 258 914 287 hora
937 266 987 286 no-
1006 266 1009 309 l
1031 256 1159 294 eligendi
1183 261 1211 286 et
1234 257 1401 287 assumendi
1425 261 1526 286 erunt:
1560 256 1660 286 decem
1694 245 1968 291 vide-221¹u'ffieggssfflffi

244 314 293 341 na.
319 312 407 342 lanua
430 311 520 341 semel
553 310 669 340 occlusa
699 317 751 348 per
784 311 873 336 totam
906 305 987 335 illam
1008 315 1010 356 ἰ
1030 304 1099 334 licet
1122 314 1156 333 ex
1179 305 1434 344 archiepiscopatu
1467 304 1698 341 Tarraconensi,
1726 303 1774 333 cui

244 366 359 391 noctem
393 369 543 399 nunquam
566 357 763 394 reserabitur,
795 355 852 386 nisi
886 364 989 393 repen·
1008 368 1010 404 ι
1031 352 1337 392 archipresbyteratus
1359 354 1517 391 Agerensis
1550 358 1577 383 et
1600 353 1723 392 quodvis
1745 362 1775 382 a-

245 410 304 439 tina
328 413 355 439 et
379 409 529 448 inopinata
547 407 672 436 alicuius
695 405 805 443 aegroti
829 403 989 433 necessitas
1009 405 1010 443 l
1032 400 1091 430 liud
1115 401 1226 430 nullius
1248 402 1391 431 dioecesis
1425 403 1618 437 territorium,
1649 411 1701 441 pro
1723 401 1776 431 hu-

245 459 330 488 aliter
352 462 448 495 cogat,
475 457 519 485 vel
543 455 650 494 aliquis
673 463 709 483 ex
725 453 925 483 convictorum
942 461 990 481 co-
1009 445 1010 495 i
1032 449 1076 478 ius
1099 449 1249 479 dumtaxat
1272 451 1434 480 sanctionis
1471 451 1588 489 effectu,
1626 460 1773 480 annexum

244 507 340 544 gnatis
364 507 399 536 ad
422 506 572 536 Cervariae
595 505 743 534 civitatem
777 507 865 532 noctu
887 510 989 540 super-
1009 501 1011 551 t
1032 503 1200 534 censeatur,
1225 498 1405 537 totidemque
1429 509 1465 527 ex
1488 499 1612 538 singulis
1631 499 1696 528 aliis
1714 499 1775 537 epi-

245 555 353 585 veniat,
1009 553 1010 587 t
1032 547 1221 586 scopatibus3
1246 558 1284 577 ex
1306 548 1388 577 denis
1422 558 1490 577 vero
1524 558 1575 586 pro
1608 547 1774 587 quibusque

73 612 234 632 Comiciormus
286 604 390 642 Legem
415 604 462 633 hic
487 603 699 642 praescriptam
725 601 814 630 semel
839 600 867 629 in
888 608 988 628 mense
1008 637 1010 644 x
1032 595 1245 634 philosophiae,
1270 596 1445 633 medicinae,
1464 597 1537 625 iuris
1553 597 1660 632 civilis,
1678 605 1774 625 sacro-

52 638 232 685 ffigtpbgpstaffi
245 657 309 692 post
340 652 494 691 prandium
532 651 577 681 vel
613 660 733 680 menam
770 648 988 680 convictoribus
1032 653 1095 673 rum
1120 654 1265 673 canonum
1290 648 1318 673 et
1341 644 1502 682 theologiae
1525 645 1628 674 studiis
1652 644 1713 674 bini
1730 654 1775 673 as-

51 691 234 738 gpnffiduemUt-once.
248 701 414 739 praelegere
434 700 646 729 baccalaureus
669 703 810 728 teneatur.
834 698 989 727 Baccalau-
1008 698 1010 740 ζ
1032 697 1198 722 sumantur·

69 1742 232 1766 suspectaeque

47 1768 140 1788 feminae
162 1773 175 1787 a
201 1767 234 1788 vi-

50 1795 108 1814 cima
125 1799 232 1815 removen-

52 1821 99 1842 dae.

245 758 313 779 reus
336 749 454 779 nonnisi
475 758 510 778 ex
540 747 705 777 rationabili
736 748 840 782 causa,
873 746 908 775 de
931 755 987 785 qua
1008 742 1010 779 l

245 798 301 827 sibi
325 801 447 829 constet,
471 797 599 836 aliquem
633 806 666 825 ex
696 795 915 825 convictoribus
938 804 989 824 no-

245 851 293 875 ctu
316 846 352 875 ab
375 845 497 875 aedibus
519 845 620 874 abesse
637 844 775 883 patiatur.
792 844 822 872 Si
839 843 904 882 quis
920 852 988 872 vero
1008 860 1009 867 ι

245 904 296 933 per
320 899 378 924 tres
401 899 501 924 noctes
524 893 661 929 abfuerit,
687 894 739 922 hac
763 893 798 922 de
821 902 851 921 re
874 892 989 922 cancel-

245 943 351 973 larium
375 943 531 973 certiorem
556 942 654 980 saciat⁷
678 942 739 980 qui,
764 942 862 971 causis
884 940 989 970 absen—
1009 976 1010 981 ¹

246 992 303 1021 tiae
327 992 455 1030 cognitis
487 996 514 1021 et
538 991 668 1029 rigorose
700 990 853 1028 discussis,
888 989 989 1018 convi-

246 1041 329 1075 ctori,
355 1045 440 1079 prout
462 1040 507 1069 ius
530 1040 630 1078 sasque
653 1039 753 1076 fuerit,
775 1039 819 1067 vel
843 1039 987 1076 ignoscet,

246 1089 290 1119 vel
313 1091 341 1119 in
365 1089 499 1119 eumdem
525 1088 751 1118 animadvertet.
772 1087 852 1122 Quod
876 1087 899 1116 si
923 1087 990 1116 bac-

245 1139 400 1168 calaureus
423 1138 450 1167 id
481 1138 654 1175 neglexerit,
686 1138 782 1176 prima
804 1137 866 1166 vice
888 1137 988 1166 decem

245 1187 347 1223 libras,
371 1187 497 1216 secunda
525 1187 627 1224 viginti
645 1186 783 1225 hospitali
799 1186 989 1225 applicandas

244 1236 273 1265 in
298 1236 437 1266 mulctam
460 1236 616 1274 dependet.

285 1285 446 1323 Diligenter
478 1285 554 1314 idem
588 1285 798 1315 baccalaureus
830 1284 987 1321 observet,

244 1343 314 1364 num
337 1334 485 1364 consuetis
503 1334 584 1364 horis
607 1334 790 1364 convictores
812 1333 909 1363 studio
936 1334 990 1362 im-

246 1383 392 1422 pendant,
426 1383 572 1422 simulque
604 1392 653 1412 eos
687 1383 840 1412 admoneat
873 1386 904 1411 ut
933 1384 990 1411 l're-

245 1437 370 1471 quenter
392 1436 420 1461 et
442 1436 580 1461 accurate
613 1431 790 1461 lectionibus
813 1431 988 1460 academicis

244 1481 394 1510 intersint.
418 1480 572 1520 Nunquam
590 1480 655 1510 alea
667 1485 716 1509 aut
739 1480 804 1509 talis
821 1480 921 1509 ludere
938 1488 987 1518 pa-

244 1529 350 1564 tiatur,
374 1529 464 1559 semel
500 1533 594 1558 tamen
629 1529 658 1558 in
696 1528 919 1565 hebdomadam,
955 1536 988 1556 ac

244 1577 348 1607 diebus
381 1577 482 1614 festis,
505 1581 636 1615 tempore
658 1577 693 1606 ad
717 1576 893 1606 litterarium
917 1584 988 1614 peu—

243 1635 307 1655 sum
338 1635 395 1655 non
429 1625 593 1660 destinato,
628 1625 764 1654 alumnos
799 1624 987 1653 convenienti

244 1675 312 1704 ludo
336 1674 467 1704 exerceri
490 1674 650 1713 permittet.

284 1724 440 1761 Feminas,
467 1724 640 1763 praesertim
673 1728 843 1762 suspectas,
877 1722 912 1752 ab
941 1732 988 1751 ae-

244 1771 339 1807 dibus,
363 1771 413 1802 ubi
436 1772 547 1802 alumni
570 1772 716 1809 habitant,
742 1772 841 1810 procul
866 1775 985 1807 arceat;

245 1821 269 1850 si
293 1821 362 1860 quid
386 1830 454 1850 vero
480 1822 583 1850 horum
610 1820 856 1859 praetermiserit,
881 1829 895 1848 a
920 1829 988 1849 can-

244 1870 375 1907 cellario,
401 1875 486 1909 prout
508 1879 632 1908 aequum
667 1870 762 1899 visum
795 1869 900 1905 suerit,
937 1879 988 1907 pu-

244 1923 352 1948 inetur.

290 1994 353 2024 T1T.
371 1994 490 2023 XLvllt.
515 2012 540 2014 2
562 1994 601 2023 De
622 1994 776 2023 academiae
798 1994 938 2023 ‹lmnict'lz'o

336 2049 360 2073 et
381 2044 501 2073 eiusdem
524 2045 658 2080 octoqiuta
680 2042 889 2072 convictoribus.

285 2115 370 2145 ,Edes
388 2115 421 2144 ad
439 2115 528 2144 latera
542 2114 718 2153 frontispicii
736 2114 902 2144 academiae
919 2123 988 2143 con-

245 2164 373 2200 stitutas,
397 2164 503 2193 alteras
524 2163 734 2201 cancellarius,
758 2163 865 2192 alteras
897 2162 987 2192 iudex

244 2212 403 2244 inhabitet.
427 2212 506 2248 Quae
528 2222 542 2242 a
567 2217 648 2250 tergo
675 2212 802 2241 aedificii
835 2216 921 2248 sunt,
944 2211 985 2240 al-

245 2267 323 2293 teras
346 2262 517 2300 alguasilius
539 2261 706 2290 scholastici
734 2265 763 2290 et
787 2261 925 2299 magister
948 2261 987 2290 si-

245 2311 339 2348 lentii,
365 2311 471 2340 alteras
495 2310 593 2339 bidelli
616 2314 770 2349 occupent.

284 2360 396 2390 Editior
417 2359 557 2389 domicilii
591 2368 657 2398 pars
691 2359 855 2397 gymnasiis
882 2358 986 2387 acade-

246 2409 321 2438 miae
355 2409 599 2448 superimposita,
635 2412 782 2437 reservato
805 2407 841 2437 ad
864 2416 987 2436 nosoco-

245 2458 296 2487 mii
320 2467 404 2487 usum
430 2456 633 2496 opportuniori
662 2456 736 2493 loco,
762 2465 813 2495 pro
836 2456 986 2493 octoginta

246 2505 442 2542 sclrolaribus,
460 2505 552 2544 ipsius
570 2505 772 2534 universitatis
792 2504 935 2543 impensis
958 2508 986 2533 et

1008 869 1010 885 l

1071 742 1318 780 Archiepiscopus
1350 741 1580 771 Tarraconensis
1598 765 1605 778 ,
1643 741 1773 781 episcopi

1031 790 1290 827 Barcliinonensis,
1301 790 1512 825 Gerundensis,
1528 790 1696 825 llerdensis,
1707 790 1777 819 Der-

1032 839 1172 875 tusensis,
1208 839 1403 877 Urgellensis,
1439 838 1570 868 Vicensis
1604 843 1631 868 et
1664 839 1777 868 Caelso-

1008 892 1009 899 ¹
1032 889 1143 925 nensis,
1167 893 1227 925 aut,
1251 888 1319 917 sede
1343 892 1463 917 vacante
1478 911 1485 923 ‚
1509 887 1705 926 capitulorum
1738 887 1778 917 vi·

1032 938 1102 967 carii
1126 937 1291 975 generales,
1309 937 1409 966 decem
1433 937 1581 966 scholares
1610 937 1775 971 nominent,

1034 996 1069 1016 ex
1091 988 1145 1015 sua
1169 986 1293 1025 quisque
1316 985 1441 1015 dioecesi
1461 985 1614 1021 oriundos,
1637 985 1776 1023 legitimis

1033 1040 1060 1065 et
1083 1036 1216 1065 honestis
1241 1035 1412 1074 parentibus
1445 1039 1538 1072 natos,
1576 1035 1694 1073 optimis
1718 1044 1777 1063 mo-

1034 1084 1115 1114 ribus
1139 1089 1166 1114 et
1190 1084 1287 1113 indole
1311 1084 1469 1123 praeditos,
1494 1093 1566 1122 quos
1586 1083 1646 1113 suis
1668 1083 1776 1112 litteris

1033 1133 1208 1163 scholastico
1245 1133 1412 1162 academiae
1446 1131 1708 1169 commendalmnt,
1744 1136 1776 1161 ut

1034 1183 1063 1211 in
1087 1182 1254 1211 academiae
1283 1182 1465 1211 domicilium
1493 1182 1694 1220 recipiantur,
1718 1182 1776 1219 quo

1034 1232 1145 1270 recepti
1167 1236 1195 1260 et
1228 1231 1367 1270 cooptati,
1402 1236 1488 1260 tenue
1511 1230 1656 1269 quoddam
1680 1229 1775 1259 subsi-

1033 1280 1112 1309 dium
1137 1280 1316 1319 persolvant,
1340 1279 1453 1309 scilicet
1491 1279 1594 1317 viginti
1626 1278 1716 1307 libras
1741 1279 1775 1308 ad

1034 1329 1138 1358 festum
1162 1329 1190 1358 S.
1217 1329 1322 1366 Lucae,
1343 1333 1371 1358 et
1395 1328 1515 1358 totidem
1540 1328 1574 1357 ad
1598 1328 1702 1357 festum
1726 1327 1777 1356 do-

1034 1378 1158 1407 minicae
1181 1377 1436 1412 Resurrcctionis,
1461 1382 1491 1405 ut
1519 1381 1668 1415 sumptus,
1704 1386 1777 1415 quos

1034 1436 1086 1465 pro
1119 1427 1155 1456 iis
1187 1427 1298 1456 alendis
1333 1431 1361 1456 et
1393 1426 1594 1455 sustentandis
1626 1425 1775 1455 academia

1033 1476 1112 1512 facit,
1138 1476 1238 1514 aliqua
1260 1476 1362 1504 saltem
1387 1484 1420 1504 ex
1446 1480 1528 1513 parte
1551 1474 1732 1503 releventur.

1072 1524 1282 1562 Cancellarius,
1299 1524 1333 1553 de
1350 1523 1473 1553 consilio
1497 1523 1693 1562 professorum
1718 1522 1776 1561 pri—

1035 1574 1139 1602 marias
1163 1573 1317 1603 cathedras
1349 1573 1378 1601 in
1412 1572 1562 1601 academia
1597 1571 1774 1610 regentium,

1032 1622 1158 1651 instituti
1190 1622 1359 1657 rationem,
1383 1621 1500 1650 vivendi
1536 1629 1691 1655 normam,
1717 1630 1777 1649 mo-

1031 1671 1098 1700 dum
1123 1676 1150 1701 et
1173 1672 1315 1709 formam,
1340 1670 1561 1700 convictoribus
1584 1669 1774 1709 praescribet,

1032 1730 1157 1760 quorum
1181 1720 1318 1758 regimini
1348 1720 1454 1759 aliquis
1477 1729 1514 1749 ex
1538 1719 1753 1758 professoribus
1768 1743 1774 1755 ,

1031 1769 1080 1808 qui
1098 1770 1223 1799 clericus
1241 1769 1279 1798 sit
1295 1778 1351 1798 non
1369 1769 1557 1806 coniugatus,
1576 1768 1774 1807 praeficietur.

1073 1818 1246 1848 Huiusmodi
1270 1818 1454 1847 convictores
1487 1817 1613 1855 spatium
1638 1817 1776 1855 temporis

1033 1868 1220 1906 praefinitum
1256 1867 1406 1903 habeant,
1435 1866 1576 1905 quamdiu
1609 1866 1776 1895 academiae

1032 1916 1158 1954 hospitio
1181 1921 1209 1945 et
1231 1916 1368 1945 convictu
1391 1915 1433 1944 uti
1458 1914 1586 1953 possint:
1611 1914 1718 1943 artium
1736 1915 1777 1944 vi-

1031 1964 1137 1994 delicet
1161 1965 1289 1994 cultores
1325 1964 1354 1993 in
1388 1964 1549 1992 triennium
1588 1963 1631 1992 vel
1654 1963 1684 1992 in
1707 1973 1778 2002 qua-

1031 2014 1212 2052 driennium,
1225 2014 1322 2043 addito
1336 2013 1488 2049 nimirum,
1504 2022 1555 2051 pro
1569 2022 1670 2042 eorum
1684 2012 1777 2050 libito,

1007 2074 1009 2087 !
1031 2068 1135 2103 quarto
1159 2063 1362 2102 philosophiae
1386 2062 1506 2091 moralis
1529 2071 1617 2096 anno,
1636 2061 1721 2099 vulgo
1740 2061 1775 2090 de

1031 2113 1192 2152 passantia‚
1222 2116 1250 2141 et
1273 2112 1307 2140 ad
1332 2115 1421 2140 totum
1447 2111 1585 2149 deinceps
1609 2110 1771 2145 facultatis,

1031 2170 1117 2201 quam
1142 2161 1303 2199 elegerint,
1327 2159 1543 2189 conficiendum
1571 2168 1707 2197 cursum,
1740 2169 1772 2188 ac

1030 2211 1118 2240 etiam
1136 2210 1170 2239 ad
1194 2210 1328 2239 licentiae
1344 2209 1466 2247 gradum
1484 2207 1694 2244 obtinendum3
1713 2217 1772 2237 me-

1029 2259 1087 2289 dici
1110 2260 1140 2289 in
1164 2258 1390 2297 quadriennium
1411 2257 1585 2293 dumtaxat,
1605 2256 1678 2286 iuris
1701 2257 1773 2286 utri-

1029 2318 1122 2348 usque
1144 2308 1270 2338 cnltores
1293 2307 1322 2336 in
1355 2306 1549 2342 sexennium3
1582 2305 1710 2343 theologi
1742 2305 1771 2335 in

1029 2356 1277 2396 quinquennium.

1070 2406 1099 2435 Si
1123 2405 1230 2435 artium
1253 2404 1412 2440 studiosus,
1438 2408 1501 2442 post
1523 2403 1688 2433 consectum
1712 2402 1772 2431 dia-

1030 2454 1150 2484 lecticae
1187 2462 1331 2489 cursum,
1369 2452 1403 2481 ad
1444 2451 1705 2490 iurisprudentiam
1741 2461 1772 2481 se

1031 2504 1160 2533 conferat
1175 2527 1182 2540 ,
1206 2506 1276 2539 aut,
1302 2505 1366 2540 post
1388 2500 1495 2530 artium
1519 2500 1702 2537 triennium,
1727 2500 1771 2529 vel

245 2557 318 2586 cura.
339 2555 453 2584 alendis
475 2558 561 2593 atque
584 2553 755 2591 educandis,
778 2553 985 2583 constituetur.
1005 2579 1009 2586 ,
1033 2552 1209 2591 theologiam
1233 2551 1277 2580 vel
1300 2550 1477 2581 medicinam
1500 2549 1708 2588 aggrediatur,
1731 2553 1773 2579 ῑο-

1812 753 1841 773 Ad
1857 758 1909 778 quos
1924 754 1969 773 illo-

1786 786 1829 799 rum
1842 783 1922 809 spectet
1932 786 1969 799 no—

1787 809 1882 827 minatio.

1807 1539 1820 1557 Α
1837 1537 1968 1558 cancellario

1788 1565 1871 1584 vivendi
1898 1570 1972 1585 norma

1788 1591 1828 1610 illis
1844 1591 1923 1612 itanda.

1815 1827 1907 1855 Tempus
1922 1834 1971 1849 con-

1788 1857 1863 1876 victus.
