2182 3137
176 217 211 241 An
241 214 270 240 c.
293 213 357 239 1730
402 204 443 237 ⁶20

939 203 1120 230 nurimnttntt
1146 201 1306 226 ROMANUM
1346 203 1357 210 ⁹

368 262 532 303 teinpus-ili
559 259 701 291 dominio
727 257 830 289 eidem
855 255 886 288 S.
915 255 948 286 tt.
974 254 1008 286 E.
1037 266 1096 284 uie-
1140 251 1238 282 nostri
1259 249 1434 283 famlliares
1463 254 1609 292 tempore
1635 249 1741 282 dictae
1761 259 1878 282 assum-

367 314 449 345 diate
477 314 523 344 rel
551 311 731 344 iuunediate
753 307 906 340 subiectis
924 307 1007 339 cives
1026 315 1096 337 esse

367 365 537 401 voluerint,
570 363 710 405 singulos
737 361 766 392 in
794 362 829 392 esi
857 360 922 402 ipsa
948 358 1096 394 civitate,

367 427 460 459 quani
476 415 659 457 singillatim
675 413 810 456 quisque
826 422 936 443 corum
952 409 1096 451 elegerit,

367 474 395 500 et
420 469 457 499 ad
485 478 577 510 quain
604 467 642 498 ab
668 466 790 498 eisdem
825 464 925 495 tribus
952 461 1097 494 cardina-

367 521 449 552 libus
475 531 507 552 se
533 519 656 552 admitti
690 517 838 560 petierit,
874 525 964 547 veros
989 514 1071 546 cives
1089 539 1096 552 ,

367 578 397 605 et
423 574 461 605 ad
488 572 598 610 instar,
616 576 647 603 et
667 571 736 602 sine
761 570 825 601 ulla
851 577 982 610 prorsus
1010 565 1099 598 dill'e-

369 625 471 658 rentia
497 625 581 656 inter
606 634 658 656 eos
677 628 707 655 ot
727 621 871 663 singulos
896 620 976 652 alios
1003 628 1097 650 veros

367 677 557 720 originarios
582 682 613 707 et
644 673 885 717 antiquissimos
919 672 1014 704 etiam
1046 681 1098 703 no-

367 730 449 762 biles
469 735 499 762 et
519 729 748 771 participantes
769 727 853 758 cives
879 724 980 767 ipsius
1002 723 1097 756 Urbis

368 783 417 814 vel
443 781 595 818 civitatis,
622 781 702 812 itaut
726 779 829 821 ipsum
857 777 904 809 ius
938 775 1098 808 civilitatis

369 834 406 866 ad
422 843 640 876 quoscumque
659 832 788 864 illorum
804 830 962 863 haeredes
982 828 1097 861 eodeni

369 887 463 919 modo
484 891 634 925 tran-scat,
651 894 808 923 creamus,
827 882 1050 916 constituimus
1069 887 1100 914 et

370 939 580 981 deputamuS,
606 948 640 970 ac
672 936 848 969 nobilitatis
881 941 913 968 et
937 934 1099 968 civilitatis

368 992 471 1031 titulo,
498 992 619 1024 honore
645 996 676 1022 et
700 989 846 1032 insigniis
882 989 1072 1021 decoramus
1090 1014 1097 1026 ,

369 1044 568 1087 aliorumque
595 1042 798 1075 familiarium
819 1046 850 1074 et
869 1041 1098 1074 continuorum

369 1096 632 1129 commensalium
651 1095 742 1127 nobis
761 1099 829 1127 actu
853 1093 884 1125 in
906 1093 1024 1136 palatio
1043 1103 1098 1126 no-

368 1155 434 1181 stro
459 1148 634 1191 apostolico
660 1147 921 1186 inservientium,
948 1157 983 1178 ac
1008 1146 1040 1178 in
1067 1146 1100 1178 il-

369 1201 430 1234 lius
450 1202 562 1234 tinello
588 1201 828 1234 comedentium
847 1205 878 1232 et
902 1200 1097 1239 bibentium,

368 1263 404 1285 ac
428 1259 607 1286 nostrorum
633 1259 662 1286 et
687 1253 778 1286 Sedis
814 1252 977 1295 praefatae
1009 1257 1101 1284 nota-

368 1306 508 1346 riorum,
533 1306 641 1349 palatii
667 1312 697 1338 et
729 1307 819 1338 aulae
856 1304 1099 1347 praedictorum

368 1360 538 1398 comitum,
567 1359 705 1391 militum
731 1364 762 1391 ct
787 1357 948 1390 nobilium
966 1384 973 1397 ,
1001 1368 1037 1390 ac
1062 1357 1101 1389 ci-

369 1411 454 1443 vium
480 1412 661 1444 huiusmodi
689 1411 939 1454 originariorum
964 1421 1100 1443 numero

369 1469 400 1496 et
425 1464 587 1497 consortio
614 1464 830 1497 favorabiliter
859 1474 1074 1507 aggregamus
1091 1491 1098 1504 ,

369 1521 401 1548 et
424 1526 483 1558 pro
507 1517 599 1557 veris,
618 1517 804 1551 indubitatis
826 1522 857 1550 et
877 1527 942 1550 non
961 1517 1042 1550 fictis
1061 1517 1103 1549 fa-

369 1569 545 1603 miliaribus
570 1570 731 1602 continuis
756 1571 1039 1609 commensalibus,
1066 1581 1102 1602 ae

369 1622 503 1654 notariis
528 1623 664 1662 nostris,
691 1624 884 1664 comitibus,
911 1623 1078 1656 nobilibus
1094 1649 1101 1662 ,

370 1674 523 1707 militibus
543 1681 574 1708 et
589 1675 708 1708 civibus
735 1676 890 1719 deinceps
916 1676 1029 1709 baberi
1054 1687 1104 1709 vo-

371 1727 474 1759 lumus
499 1733 531 1760 et
554 1729 694 1771 reputari
717 1730 920 1770 mandamus3
940 1729 1050 1772 cisque
1069 1734 1104 1761 ut

371 1780 401 1812 in
427 1781 684 1825 quibuscumque
709 1782 1004 1826 impetrationibus,
1031 1793 1105 1815 con-

371 1833 571 1867 cessionibus
590 1840 621 1867 et
637 1835 760 1875 litteris,
777 1841 839 1869 tam
859 1835 992 1878 gratiam
1009 1845 1103 1878 quam

372 1885 522 1919 iustitiam
547 1889 719 1931 separatim
752 1899 806 1921 seu
833 1894 1001 1931 utramque
1027 1888 1105 1920 mix-

373 1937 429 1970 tim
453 1940 724 1973 concernentibus
741 1967 748 1981 ,
773 1951 806 1973 se
833 1941 1007 1974 familiares
1032 1951 1106 1974 con-

374 1990 478 2024 tinuos
496 1994 741 2033 commensales,
755 1997 942 2036 nostrosque
957 1993 1105 2034 comites

372 2043 498 2085 milites,
524 2045 649 2078 nobiles
676 2051 707 2079 et
731 2046 814 2079 cives
842 2046 936 2080 etiam
964 2047 1106 2090 origina-

373 2096 440 2130 rios
466 2098 630 2131 nominare
666 2099 814 2142 possint,
840 2110 900 2133 nec
931 2106 1105 2144 propterea

373 2148 634 2192 impetrationes,
660 2152 886 2185 concessiones
922 2158 953 2186 et
978 2153 1106 2187 litterae

374 2202 558 2236 huiusmodi
574 2204 792 2247 subreptionis
809 2206 885 2238 vitio
906 2206 1104 2247 subiaceant,

374 2254 428 2287 scd
456 2255 579 2288 validae
605 2260 636 2288 et
661 2256 807 2289 efficaces
833 2257 984 2298 existant,
1010 2269 1045 2291 ac
1070 2269 1105 2292 ex

375 2316 459 2339 nunc
484 2307 638 2351 deinceps
668 2309 698 2340 in
730 2315 923 2352 perpetuum
956 2311 1107 2344 omnibus

376 2364 407 2390 et
431 2359 707 2404 quibuscumque,
734 2372 769 2394 ac
794 2372 925 2405 prorsus
951 2364 1108 2396 similibus

376 2412 636 2453 antelationibus,
659 2414 900 2456 praerogativis
920 2415 1108 2458 prIvilegiis,

376 2462 594 2504 libertatibus,
621 2465 899 2508 immunitatibus,
927 2469 1083 2501 mandatis
1100 2495 1107 2509 ‚

376 2517 652 2558 suspensionilms,
680 2519 862 2560 favoribus,
890 2521 1023 2563 gratiis,
1049 2522 1111 2565 pri-

378 2568 512 2612 vilegiis,
539 2570 681 2613 indultis,
707 2583 742 2605 ac
767 2573 889 2607 iuribus
919 2574 1035 2617 quibus
1057 2574 1109 2609 alii

1139 303 1259 346 ptionis
1286 308 1415 335 nostrae
1452 303 1489 335 ad
1526 302 1640 335 summi
1678 303 1878 345 apostolatus

1140 356 1287 398 apicem,
1312 364 1348 388 ac
1384 355 1501 398 quibus
1533 355 1586 388 alii
1614 355 1759 388 eiusdem
1785 355 1878 388 Sedis

1141 408 1268 446 notarii,
1286 407 1381 440 etiam
1401 408 1440 441 de
1459 418 1594 441 numero
1615 407 1878 451 participantium

1141 460 1328 499 existentes,
1351 461 1477 493 etiamsi
1504 460 1650 493 habitum
1678 465 1710 494 et
1734 460 1880 493 rocchet-

1142 518 1206 545 tum
1234 513 1432 546 notariorum
1458 513 1560 556 ipsius
1587 513 1680 546 Sedis
1704 524 1770 547 non
1796 513 1880 546 defe-

1141 570 1237 603 rant,
1269 566 1444 609 palatiique
1478 571 1511 599 et
1535 567 1626 599 aulae
1659 567 1879 610 praefatorum

1141 619 1285 657 comites,
1312 619 1443 656 milites,
1473 619 1598 652 nobiles
1623 619 1719 652 etiam
1743 620 1880 662 origina-

1142 672 1179 703 rii
1211 682 1247 703 ac
1272 671 1486 714 antiquissimi
1511 672 1597 705 cives
1622 672 1765 705 eiusdem
1787 672 1880 705 Urbis

1141 725 1190 757 vel
1216 724 1369 763 civitatis,
1397 735 1489 768 quam
1515 730 1550 758 ut
1574 726 1757 768 praefertur
1779 725 1880 768 elige-

1142 776 1224 814 rint,
1251 776 1370 819 quique
1404 787 1440 809 ex
1473 782 1612 821 utroque
1642 774 1779 821 parente
1805 787 1880 811 vere

1141 828 1241 861 nobili
1261 834 1292 861 et
1314 829 1381 862 cive
1399 830 1575 872 originario
1600 837 1632 863 et
1656 830 1880 874 antiquissimo

1142 881 1313 924 procreati,
1330 882 1368 914 de
1383 883 1464 923 iure,
1484 888 1614 922 statuto,
1634 883 1879 922 consuetudine,

1142 935 1189 967 vel
1216 934 1294 967 alias
1321 945 1357 967 ex
1384 937 1492 979 aliquo
1518 936 1651 979 speciali
1681 936 1878 979 privilegio,

1142 998 1199 1021 seu
1225 988 1303 1021 alias
1337 989 1610 1031 quomodolibet,
1644 989 1738 1022 etiam
1771 989 1881 1032 quoad

1142 1041 1407 1083 assequutionem
1445 1052 1723 1085 quorumcumque
1759 1042 1882 1075 beneti-

1142 1093 1264 1126 ciorum
1279 1094 1582 1133 ecclesiasticorum,
1601 1095 1696 1127 etiam
1714 1105 1772 1138 per
1788 1105 1883 1138 quas—

1143 1156 1279 1189 cumque
1305 1145 1427 1179 litteras
1451 1157 1510 1179 seu
1536 1146 1784 1180 constitutiones
1805 1157 1883 1191 apo-

1143 1199 1273 1231 stolicas
1299 1209 1359 1241 pro
1396 1205 1543 1242 tempore
1576 1199 1699 1239 editas,
1724 1204 1880 1240 utuntur,

1144 1251 1303 1291 fruuntur,
1329 1252 1497 1295 potiuntur
1522 1257 1554 1285 et
1579 1252 1740 1294 gaudent,
1765 1262 1801 1285 ac
1824 1252 1882 1292 uti,

1143 1305 1254 1347 potiri,
1270 1305 1411 1347 gaudere
1430 1310 1566 1348 possunt
1583 1311 1615 1338 et
1631 1310 1787 1348 poterunt
1803 1315 1884 1348 quo-

1143 1357 1325 1390 modolibet
1351 1357 1383 1390 in
1410 1358 1562 1397 futurum,
1588 1358 1709 1402 ubique
1734 1359 1882 1391 locorum

1144 1410 1176 1442 in
1202 1410 1323 1443 iudicio
1349 1416 1381 1444 et
1406 1411 1594 1451 ext1·a,sine
1621 1416 1728 1444 tamen
1754 1421 1884 1444 eorum-

1145 1463 1218 1496 dem
1243 1464 1445 1497 notariorum
1466 1464 1505 1497 de
1527 1474 1663 1497 numero
1688 1463 1884 1508 participan-

1145 1516 1222 1548 tium
1247 1516 1460 1559 praeiudicio,
1480 1516 1536 1555 uti,
1557 1516 1628 1556 frui,
1649 1516 1746 1559 potiri
1764 1521 1795 1550 et
1812 1527 1884 1560 gau-

1145 1569 1223 1601 dere
1252 1569 1354 1602 libere
1380 1574 1412 1601 et
1436 1569 1524 1602 licite
1548 1571 1675 1602 valeant
1704 1569 1835 1603 realiter
1852 1574 1885 1602 et

1147 1621 1270 1664 integre
1286 1622 1317 1654 in
1336 1621 1486 1654 omnibus
1505 1627 1536 1655 et
1549 1633 1610 1665 per
1623 1622 1740 1661 omnia,
1759 1621 1884 1656 etiamsi

1146 1673 1180 1706 in
1205 1674 1288 1707 Urbe
1314 1680 1346 1707 et.
1370 1675 1498 1708 civitate
1527 1674 1712 1708 huiusmodi
1737 1685 1803 1708 non
1827 1674 1885 1708 ha-

1147 1728 1337 1768 bitaverint,
1364 1728 1500 1771 perinde
1517 1739 1554 1761 ac
1572 1728 1597 1761 si
1620 1728 1660 1762 de
1683 1737 1757 1762 vere
1781 1727 1884 1761 nobili

1148 1791 1268 1823 genere
1301 1785 1332 1814 et
1366 1791 1401 1814 ex·
1435 1786 1574 1824 utroque
1607 1786 1745 1824 parente
1780 1780 1884 1815 nobili

1882 199 1932 227 An.
1952 200 1983 228 C.
2005 199 2074 230 ¹730

1148 1833 1323 1876 originario
1339 1844 1374 1866 ac
1392 1833 1617 1877 antiquissimo
1632 1833 1702 1866 cive
1719 1833 1885 1877 procreati
1928 1847 1935 1857 ·

1149 1887 1264 1926 forent,
1284 1892 1315 1919 et
1340 1886 1526 1919 huiusmodi
1552 1886 1805 1930 praerogativae,
1821 1885 1886 1929 pri-

1149 1939 1280 1981 vilegia,
1307 1938 1545 1982 exemptiones,
1571 1939 1712 1981 gratiae,
1737 1938 1886 1979 favores,

1148 1991 1387 2031 concessiones,
1407 1991 1531 2024 indulta
1555 1996 1587 2024 et
1612 1991 1691 2031 iura,
1717 2001 1801 2034 quae
1825 2001 1886 2035 pro

1147 2044 1218 2077 aliis
1233 2044 1393 2077 nobilibus
1407 2048 1439 2077 et
1455 2044 1577 2077 civibus
1599 2043 1783 2087 originariis
1802 2053 1887 2077 ema-

1148 2102 1288 2137 narunt,
1316 2101 1348 2130 et
1371 2107 1454 2140 quae
1486 2096 1613 2130 ratione
1642 2096 1821 2130 nobilitatis
1854 2101 1888 2129 et.

1148 2151 1309 2184 civilitatis
1345 2150 1501 2183 naturalis
1534 2155 1566 2183 et
1593 2149 1789 2192 originariae
1815 2149 1887 2183 aliis

1149 2208 1356 2246 competant,
1384 2213 1442 2246 pro
1475 2202 1599 2236 eisdem
1623 2203 1825 2236 conclavistis
1853 2203 1888 2236 in

1150 2257 1258 2300 specie
1277 2261 1484 2290 emanassent
1500 2266 1554 2289 seu
1576 2261 1773 2296 emanarent,
1793 2262 1823 2290 et
1841 2256 1888 2290 eis

1150 2310 1339 2343 naturaliter
1353 2309 1392 2342 de
1406 2309 1487 2350 iure,
1502 2314 1629 2347 statuto,
1641 2309 1888 2348 consuetudine,

1152 2362 1351 2401 fundatione,
1369 2363 1416 2395 vcl
1436 2361 1515 2394 alias
1532 2366 1764 2404 competerent,
1783 2367 1890 2396 aucto-

1152 2415 1243 2448 ritate
1262 2420 1293 2448 et
1314 2418 1426 2448 tenore
1445 2414 1604 2447 similibus
1622 2414 1843 2457 indulgemus.

1196 2469 1210 2511 ξ,
1236 2467 1267 2500 ⁵2.
1295 2469 1337 2500 *tc
1361 2467 1569 2500 conclavistas
1593 2467 1758 2510 praefatos
1789 2477 1807 2500 a
1837 2477 1891 2501 so-

1153 2521 1277 2554 lutione
1304 2526 1336 2554 et
1352 2520 1518 2553 exactione
1536 2530 1815 2564 quarumcumque
1834 2520 1890 2554 de-

1152 2574 1306 2609 cimarum
1327 2574 1410 2616 (non
1435 2578 1542 2608 tamen
1567 2573 1767 2608 decimarum
1790 2572 1892 2608 subsi-

1917 2471 2005 2501 ,Exi-uit
2020 2478 2033 2493 a
2049 2469 2086 2494 de-

1903 2500 1969 2524 timis.
1986 2501 2028 2521 etc.
