2182 3137
169 195 218 222 An.
236 195 266 222 Γ..
291 195 351 222 1731

196 362 282 382 Sanctio
300 367 352 388 pvo-

169 390 230 409 ralis.

196 2220 337 2242 Prooemium.

403 186 466 220 ⁶299.

361 255 443 287 quae
480 245 705 288 praesentibus
731 245 808 288 ipsis
833 244 1049 281 adhiberetur
1073 243 1098 276 si

363 297 471 330 forent
496 298 658 331 exhibitae
684 304 715 331 et
739 304 900 331 ostensae.

405 351 419 394 ἓ
445 351 475 384 8.
504 351 586 384 Nulli
609 362 687 394 ergo
710 352 843 385 omnino
870 352 1037 384 hominnm
1065 352 1100 383 li-

361 412 431 437 ceat
449 405 532 437 lianc
553 405 702 448 paginam
722 411 851 438 nostrae
871 404 1100 443 absolutionis,

363 459 590 498 revocationis,
619 459 834 492 rescissionis.
864 458 1096 499 abrogassonis,

363 513 593 551 restitutionis,
619 512 845 554 repositionis,
871 511 1100 553 reintegratio-

362 565 420 602 nis,
439 564 676 605 declarationis,
694 565 964 604 confirmationis,
983 574 1098 606 appro-

362 617 515 655 bationis,
540 617 672 656 decreti,
692 618 915 660 derogationis
941 623 973 650 et
989 618 1100 650 volun-

362 671 436 703 tatis
457 671 655 713 infringere,
683 673 732 704 vel
765 671 793 703 ei
820 682 896 704 ausu
925 671 1098 703 temerario

361 723 547 763 contraire;
574 724 599 756 si
626 724 698 767 quis
720 729 825 756 autem
852 725 914 756 boe
938 729 1099 756 attentare

361 778 637 820 praesumpserit,
666 777 922 820 indignationem
950 777 1099 820 omnipo-

361 830 459 863 tentis
484 830 537 863 Dei
562 841 598 863 ac
623 830 792 863 beatorum
826 830 910 863 Petri
947 836 979 863 et
1011 831 1097 863 Pauli

361 884 583 927 apostolorum
601 883 669 916 eius
686 894 720 916 se
738 883 865 916 noverit
879 883 1097 916 incursurum.

406 937 517 969 Datum
545 937 683 977 Romae,
711 937 796 979 apud
822 936 853 969 S.
880 936 1008 969 Mariam
1040 937 1099 969 Ma-

362 990 487 1029 iorem,
521 1000 605 1022 anno
644 989 879 1022 incarnationis
917 984 1099 1022 dominicae

361 1052 533 1082 iinccxxm,
558 1053 635 1076 xvni
662 1043 817 1075 kalendas
843 1042 1000 1083 octobris,
1021 1053 1100 1085 pou-

363 1095 501 1129 tificatus
526 1096 628 1129 nostri
650 1107 735 1129 anno
761 1107 795 1130 11.

398 1158 456 1185 Dat.
474 1158 518 1185 die
533 1159 566 1186 28
586 1159 708 1186 octobris
731 1159 808 1193 1731,
830 1159 1054 1194 pontis.ann011.

628 1221 665 1253 Α.
693 1221 780 1254 eard.
808 1221 1040 1264 pro-datarius.

669 1284 703 1317 F.
730 1284 817 1317 card.
840 1284 1010 1318 Olirerius.

437 1346 503 1373 Visa
523 1346 556 1372 de
577 1346 667 1374 Curia

561 1402 584 1435 Ι.
612 1402 874 1446 archiepiscopus
900 1403 1097 1445 Ancyranus

670 1465 771 1499 anss
795 1465 1032 1499 lllAnTmETTus.

677 1616 782 1649 XLIX.

361 1695 596 1739 Approbanlur
620 1697 860 1729 constitutiones
882 1707 941 1739 pro
963 1696 1098 1728 semina-

405 1749 466 1781 riis
490 1749 774 1782 ecclesiasticorum
802 1750 836 1782 in
862 1760 959 1792 reqno
980 1750 1102 1792 Araslo-

406 1803 482 1835 niae
507 1804 617 1835 erectis
642 1808 670 1836 el
695 1803 778 1836 alibi
795 1803 957 1846 eriyrndis
974 1804 1032 1835 sub
1053 1803 1102 1835 di-

405 1859 525 1889 ecorum
551 1858 770 1900 episcoporum
794 1857 1032 1896 iurisdictione,
1060 1856 1103 1888 cal

405 1909 541 1942 illorum
566 1910 811 1943 instructionem
838 1910 898 1954 qui
928 1911 963 1942 in
995 1920 1104 1942 mmm-

405 1962 494 1996 ribus
518 1963 704 2006 aposlolicis
728 1965 793 1996 sint
818 1963 996 2002 exercendi,
1016 1967 1044 1996 et
1061 1974 1103 1996 ec-

405 2017 602 2050 clesiasticae
626 2017 821 2061 disciplinae
851 2018 1100 2050 incrementum.

577 2098 711 2126 Clemens
732 2099 810 2132 Papa
828 2099 891 2130 ΧΠ,

477 2142 515 2169 ad
531 2145 712 2176 perpetuam
730 2143 776 2170 rei
798 2142 981 2170 memoriam.

408 2213 572 2247 Militantis
597 2214 757 2247 Ecclesiae
783 2215 953 2257 regimini,
979 2215 1101 2247 meritis

363 2267 439 2301 licet
463 2267 654 2311 imparibus,
671 2278 731 2311 per
752 2267 948 2301 ineffabilem
973 2268 1101 2301 divinae

363 2321 544 2365 sapientiae
571 2327 664 2365 atque
690 2321 842 2354 bonitatis
867 2321 1099 2354 abundantiam

362 2374 614 2417 praesidentes,
647 2374 701 2417 pia
736 2374 879 2408 virorum
916 2374 948 2407 in
979 2380 1101 2408 sortem

363 2426 489 2460 Domini
516 2432 702 2460 vocatorum
726 2438 763 2460 ac
786 2428 939 2472 propriae
964 2429 1102 2462 alienae-

364 2491 426 2523 que
444 2480 535 2513 saluti
554 2480 762 2514 laudabiliter
777 2481 1036 2514 incumbentium
1056 2482 1101 2514 in-

365 2533 482 2573 stituta,
507 2543 570 2576 quo
595 2533 762 2567 uberiores
787 2533 819 2566 in
845 2534 913 2567 dies
938 2535 1099 2568 bonorum

365 2596 502 2630 operum
527 2587 667 2629 fructus,
691 2587 878 2632 adspirante
903 2588 1035 2633 superni
1061 2589 1100 2622 sa-

946 194 1127 219 nULLARtUM
1153 194 1305 220 ROMANUM

1144 243 1227 276 voris
1245 244 1376 284 auxilio,
1397 244 1543 287 prolerre
1569 245 1718 284 valeant,
1743 248 1878 287 paterno

1145 296 1257 330 affectu
1292 297 1433 330 libenter
1468 297 1712 340 prosequimiu·;
1739 302 1769 329 et
1794 297 1878 337 illis,

1144 360 1224 392 quae
1244 361 1301 392 pro
1321 350 1401 383 felici
1421 361 1530 382 eorum
1551 350 1727 382 directione
1746 349 1879 392 provide

1144 404 1384 446 prudenterque
1403 404 1574 436 constituta
1593 413 1628 436 ac
1646 403 1793 436 ordinata
1809 413 1879 435 esse

1143 466 1213 488 esse
1239 462 1426 495 noscuntur,
1456 462 1490 488 nt
1514 457 1603 489 firma
1629 466 1760 498 semper
1785 461 1880 498 atquc

1143 509 1266 542 illibata
1292 509 1474 552 persistant,
1501 509 1671 552 apostolici
1696 508 1880 545 muniminis

1143 563 1347 605 adiungimus
1374 563 1569 596 firmitatem.

1187 617 1200 656 ,ἓ
1220 617 1251 648 i.
1280 616 1390 659 Nuper
1415 617 1574 659 siquidem
1597 627 1655 660 pro
1674 622 1764 660 parte
1785 627 1881 650 vene-

1144 669 1293 701 rabilium
1312 669 1444 701 fratrum
1465 675 1649 702 nostrorum
1666 670 1881 713 archiepisco-

1142 722 1173 765 pi
1200 721 1485 764 Caesaraugustam
1505 734 1541 755 ac
1560 722 1790 766 episcoporum
1810 723 1882 756 Ear-

1143 775 1327 813 baslrensis,
1354 775 1587 815 Tirasonensis,
1617 776 1879 809 Albaracinensis

1143 834 1173 861 et
1190 829 1373 863 Tei-ulcnsis
1392 830 1485 862 nobis
1503 830 1687 873 expositum
1709 830 1777 870 suit,
1793 830 1878 873 quod

1142 883 1228 922 alias,
1249 883 1398 916 videlicet
1414 883 1640 925 ingruentibus
1659 883 1690 915 in
1709 883 1880 926 Hispania-

1143 946 1212 967 rum
1239 935 1346 978 regnis
1371 946 1434 968 non
1462 936 1530 968 sine
1558 936 1681 978 ingenti
1709 936 1880 974 cristiside-

1143 989 1220 1020 lium
1255 989 1284 1020 in
1318 988 1543 1032 spiritualibus
1575 1000 1611 1021 ae
1646 989 1877 1031 temporalibus

1143 1042 1261 1074 damno
1288 1046 1319 1073 et
1343 1041 1535 1083 pracsertim
1561 1041 1753 1083 disciplinae
1779 1042 1881 1074 ecele-

1143 1095 1289 1127 siasticae
1305 1095 1501 1128 detrimento
1520 1095 1700 1127 novissimis
1719 1095 1880 1128 bellorum

1143 1148 1296 1187 motibus,
1314 1148 1488 1191 pravisque
1514 1148 1629 1181 exinde
1652 1148 1683 1180 in
1704 1148 1789 1181 omni
1812 1148 1880 1181 sere

1144 1212 1356 1243 personarum
1390 1211 1509 1243 genere
1543 1202 1663 1234 sensim
1690 1202 1881 1245 pullulanti-

1144 1253 1202 1286 bus
1227 1254 1392 1293 moribus,
1419 1254 1557 1287 dilectus
1584 1253 1666 1287 iilius
1691 1255 1883 1288 Franciscus

1145 1306 1267 1346 Ferrer,
1294 1318 1329 1339 ac
1356 1307 1499 1350 quinque
1526 1307 1579 1340 alii
1606 1308 1788 1351 presbyteri
1810 1318 1880 1341 sae-

1144 1360 1279 1399 culares,
1306 1360 1415 1393 divino
1434 1360 1564 1393 numine
1584 1360 1680 1400 ducti,
1709 1361 1798 1393 bisce
1814 1372 1882 1394 ma-

1145 1413 1182 1446 lis
1208 1424 1244 1446 ac
1262 1413 1477 1446 incommodis
1503 1425 1674 1447 occurrere
1697 1420 1727 1446 et
1752 1414 1879 1457 priscae

1145 1467 1336 1510 disciplinae
1377 1467 1615 1500 ecclesiasticae
1655 1468 1880 1501 instaurationi

1145 1520 1432 1564 spiritualibusque
1471 1521 1650 1554 animarum
1691 1521 1881 1554 eorumdem

1145 1573 1288 1606 fidelium
1302 1574 1552 1607 necessitatibus
1570 1575 1678 1618 aliqua
1698 1576 1882 1619 opportuna

1146 1628 1270 1660 ratione
1295 1627 1485 1671 prospicere
1517 1629 1692 1671 cupientes,
1720 1628 1751 1660 in
1776 1629 1811 1661 Β.
1838 1627 1878 1661 M.

1145 1681 1284 1724 Virginis
1311 1682 1397 1714 dela
1423 1682 1510 1714 Bella
1534 1685 1719 1725 nuncupata
1744 1682 1880 1715 civitatis

1146 1734 1384 1767 Barbastrensis
1408 1736 1625 1767 sanctuarium
1652 1735 1779 1768 insimul
1804 1746 1882 1776 con-

1146 1793 1313 1827 venerunt,
1329 1787 1447 1830 ibique,
1468 1788 1576 1821 divino
1596 1788 1770 1831 implorato
1789 1799 1883 1832 prae-

1147 1841 1238 1881 sidio,
1257 1847 1331 1884 post
1345 1846 1502 1874 maturam
1523 1841 1827 1882 considerationem,
1846 1853 1884 1875 ao

1146 1906 1218 1928 eum
1244 1895 1379 1928 consilio
1406 1900 1438 1927 et
1464 1895 1701 1938 approbatione
1728 1900 1882 1930 tunc.ex-

1146 1949 1271 1982 istentis
1292 1949 1437 1992 episcopi
1468 1948 1706 1982 Barbastrcnsis
1732 1949 1882 1983 aliorum-

1146 2013 1208 2046 que
1235 2002 1513 2045 insrascriptorum
1540 2003 1725 2036 dioecesum
1751 2002 1882 2036 Ordina-

1146 2055 1266 2088 riorum
1290 2055 1419 2088 licenti-„i
1435 2061 1466 2088 et
1482 2066 1651 2096 consensu,
1669 2056 1706 2088 ad
1724 2056 1880 2089 maior-em

1145 2108 1198 2141 Dei
1225 2108 1358 2152 gloriam
1384 2109 1629 2153 animarumque
1655 2109 1808 2142 eiusmodi
1834 2120 1879 2142 sa-

1145 2163 1244 2195 lutem
1270 2169 1301 2195 et
1326 2163 1564 2196 ecclesiasticae
1587 2162 1776 2205 discipliuae
1795 2173 1881 2206 prae-

1144 2215 1226 2249 fatae
1252 2215 1530 2256 instaurationem,
1557 2226 1657 2248 uuum
1693 2216 1726 2248 in
1762 2216 1881 2248 Barba-

1144 2269 1285 2309 strensi‚
1311 2268 1397 2301 aliud
1434 2269 1466 2301 iu
1502 2268 1708 2302 Tit-asonensi
1725 2296 1732 2309 ‚
1760 2269 1822 2302 duo
1847 2269 1881 2302 in

1143 2322 1461 2365 Caesaraugustam,
1487 2324 1622 2356 alterum
1661 2323 1692 2355 in
1718 2322 1882 2355 Albaraci-

1143 2375 1256 2414 nensi,
1294 2386 1392 2408 unum
1427 2376 1458 2408 in
1485 2375 1663 2416 Terulensi‚
1689 2386 1725 2409 ac
1750 2376 1880 2409 demum

1143 2429 1204 2462 alia
1229 2429 1261 2461 in
1287 2429 1357 2461 aliis
1387 2429 1590 2467 dioecesibus
1623 2429 1796 2462 seminaria
1820 2440 1879 2472 pro

1143 2483 1307 2516 nonnullis
1333 2483 1529 2526 presbyteris
1562 2493 1618 2516 seu
1656 2483 1785 2516 clericis
1811 2493 1880 2516 sae-

1144 2535 1324 2577 cularibus,
1350 2535 1509 2578 operariis
1544 2535 1761 2579 nuncupatis,
1788 2537 1878 2570 nullo

1143 2594 1218 2623 voto
1244 2588 1420 2631 adstrict1s‚
1444 2588 1500 2623 sed
1524 2589 1594 2624 solo
1620 2589 1787 2624 charitatis
1811 2589 1880 2624 vin-

1885 195 1935 221 Αη.
1955 194 1983 222 C.
2005 195 2068 223 ¹73¹

1918 626 2024 648 Innitutio
2042 632 2075 647 κο·

1891 655 2027 674 minatici-um
2047 653 2073 673 do

1892 681 1969 706 quibus
1996 685 2016 700 in
2040 685 2076 700 ru-

1890 707 1959 728 briva.
