2182 3137
49 213 99 237 An.
113 210 144 236 G.
167 207 236 234 1730

52 428 134 448 Creauo
157 427 230 448 butu<—

49 455 104 474 uindi
127 460 150 476 ex
172 455 227 474 dicta

48 486 120 501 causa.

864 206 1008 229 CLEMENS
1035 206 1080 229 ΧΠ
1107 207 1156 230 ΡΡ.

241 255 422 289 devotionis
435 261 466 288 et
480 255 627 298 obsequii
643 255 735 296 signa
748 255 986 301 demonstrant,

240 309 339 342 iidem
357 311 396 342 ab
415 311 485 352 ipso
504 309 650 342 Romano
669 307 826 340 Pontifice
850 307 986 339 lionori-

240 363 300 395 bus
327 368 358 395 et
382 362 496 404 gratiis
523 362 734 394 decorentur.

284 415 354 458 51.
383 415 460 447 Cum
493 414 604 456 itaque
640 423 745 456 nuper
776 413 809 445 in
843 412 985 445 solemni

241 467 449 510 equitatione,
469 477 531 509 qua
549 477 608 499 nos
626 466 743 508 insigni
761 466 793 498 S.
808 466 844 498 R.
857 465 891 498 E.
917 476 986 497 car-

242 519 415 559 dinalium,
441 519 637 558 antistitum,
664 529 836 561 procerum
862 529 898 550 ac
916 518 985 550 osti-

240 573 369 606 szialiurn
408 573 628 614 ordinumque
666 572 830 604 Romanae
871 571 984 604 Curiae

240 628 415 666 comitatu,
441 628 563 669 pompa
588 626 723 665 celebri,
751 631 783 658 et
808 626 984 658 multorum

240 679 561 712 adolescentulorum
589 678 748 711 nobilium
781 688 834 710 seu
869 688 984 721 puero-

241 743 309 765 rum
345 731 600 765 honorariorum
643 731 680 763 ad
718 732 800 764 latus
837 736 984 763 nostrum

240 786 437 819 adstantium
457 786 579 817 corona
597 784 715 827 stipati,
736 784 847 816 lectica
865 795 880 816 e
899 785 984 826 pala-

241 839 284 871 tio
311 845 425 871 nostro
452 839 605 870 Vaticano
633 838 671 869 ad
698 837 868 870 ecelesiam
887 837 918 870 S.
939 837 985 870 Io-

239 892 333 924 annis
362 891 601 929 Lateranensis‚
633 896 667 922 ut
695 890 793 923 moris
821 895 888 930 est,
913 900 984 932 pro-

239 944 402 983 cessimus,
430 950 460 975 tu
488 954 572 976 unus
600 954 636 976 ex
655 943 911 976 adolescentulis
928 954 983 975 seu

239 998 349 1039 pueris
376 997 558 1030 honorariis
585 997 772 1029 huiusmodi
807 996 981 1029 extiteris:

239 1061 298 1082 nos
323 1055 499 1093 propterea
515 1076 522 1089 ,
548 1055 583 1081 ut
609 1050 739 1092 aliquod
767 1050 895 1092 paterni
929 1059 984 1082 no-

239 1103 295 1135 stri
322 1103 455 1136 affectus
480 1103 511 1135 in
541 1103 660 1135 l'amilia
687 1105 737 1135 tua
763 1108 849 1135 extet
880 1103 986 1135 muni-

239 1163 395 1194 mentum,
424 1163 452 1189 te
477 1157 633 1199 peculiari
660 1157 912 1189 benevolentiae
932 1167 985 1189 no-

239 1216 322 1243 strae
360 1212 468 1243 l'avore
506 1210 663 1253 prosequi
700 1211 873 1246 volentes,

238 1264 406 1306 quibusvis
440 1263 812 1302 excomnumicationis‚
851 1274 985 1306 suspen-

238 1316 340 1348 sionis
361 1321 392 1348 et
417 1315 600 1354 interdicti,
627 1315 766 1358 aliisque
792 1315 985 1348 ecclesiasti-

238 1369 282 1401 cis
309 1369 489 1405 sententiis,
510 1369 655 1401 censuris
682 1374 713 1401 et
738 1369 862 1411 poeuis,
883 1369 984 1401 aiure

239 1423 288 1454 vel
315 1422 354 1454 ab
382 1422 538 1460 bomine,
579 1422 691 1464 quavis
727 1421 899 1454 (tricasione
933 1423 983 1454 vel

238 1477 334 1508 causa
359 1476 451 1513 tatis,
473 1475 632 1517 siquibus
665 1475 918 1518 quomodolibet
942 1475 984 1507 in-

238 1529 379 1562 nodatus
417 1529 526 1561 existis
543 1556 550 1567 ‚
588 1529 626 1561 ad
653 1528 803 1561 ellectum
828 1539 983 1572 praesen-

239 1581 319 1614 tium
350 1582 516 1614 dumtaxat
545 1582 809 1624 consequendum
835 1609 841 1620 ,
868 1582 982 1614 harum

237 1635 321 1668 serie
351 1635 555 1668 absolventes
577 1641 608 1668 et
626 1635 808 1667 absolutum
826 1636 893 1668 sore
912 1646 983 1667 cen-

236 1693 359 1728 sentcS,
388 1694 476 1721 motu
502 1688 640 1731 proprio
668 1693 699 1720 et
724 1699 761 1721 ex
776 1691 865 1720 certa
882 1688 983 1721 scien-

237 1741 279 1773 tia
320 1751 357 1774 ae
392 1743 479 1774 mera
519 1741 715 1774 liberalitate
756 1741 880 1773 nostris
903 1769 910 1780 ,
954 1747 982 1774 te

235 1800 366 1828 auratae
392 1794 526 1827 militiae
551 1794 694 1837 equitem
720 1805 757 1827 ac
782 1796 875 1827 aulae
894 1796 982 1828 Late-

235 1848 384 1881 ranensis
411 1853 442 1881 et
467 1847 577 1891 palatii
604 1847 775 1890 apostolici
803 1849 980 1887 comitem,

235 1902 426 1935 atlet01·itate
452 1900 653 1944 apostolica,
681 1906 793 1934 tenore
830 1912 980 1943 praesen-

236 1955 328 1994 tium,
356 1955 492 1987 facimus
519 1959 552 1986 et
577 1964 736 1993 creamus,
764 1959 861 1997 teque
894 1956 978 1988 alio-

235 2019 308 2040 rum
348 2008 494 2050 equitum
532 2013 564 2039 et
599 2007 754 2040 comitum
796 2009 980 2042 huiusmodi

234 2071 371 2095 numero
398 2067 429 2094 et
465 2060 632 2093 consortio
671 2061 891 2095 favorabiliter
926 2074 982 2105 ag·-

236 2124 421 2157 gregamus,
449 2113 573 2157 tibique
599 2119 633 2145 ut
658 2119 810 2157 torquem
832 2126 978 2157 aureum,

236 2179 271 2201 ac
296 2178 428 2205 ensem,
455 2172 486 2201 et
523 2172 636 2200 aurata
661 2168 800 2200 calcaria
827 2175 954 2210 gestare
970 2197 978 2209 ,

235 2231 366 2254 necnon
392 2221 544 2254 omnibus
571 2226 602 2253 et
627 2221 764 2263 singulis
790 2222 978 2265 privilegiis

236 2274 347 2315 gratiis
384 2280 415 2306 et
450 2274 607 2313 indultis,
645 2275 910 2317 exemptionibus
949 2282 981 2309 et

236 2327 478 2369 praerogativis,
504 2327 621 2369 quibus
647 2327 700 2360 alii
728 2327 854 2370 equites
877 2334 909 2361 ct
926 2340 979 2362 co-

236 2379 330 2412 mites
356 2379 544 2411 huiusmodi
559 2380 597 2412 de
616 2380 695 2418 iure,
716 2391 776 2412 usu
796 2386 827 2414 et
844 2392 979 2415 eonsue-

237 2432 350 2465 tudine
376 2438 430 2464 aut
455 2432 534 2465 alias
561 2434 811 2475 quomodolibet
834 2440 980 2475 utuntur,

238 2486 389 2518 fruuntur
415 2491 444 2518 et
471 2486 626 2528 gaudent,
649 2487 756 2525 acuti,
777 2487 836 2519 frui
856 2494 887 2520 ct
905 2500 980 2531 gau-

237 2539 314 2571 dere
341 2543 479 2581 possunt
504 2543 535 2571 et
560 2544 714 2581 poterunt
735 2541 980 2582 quomodolibet

238 2591 269 2624 in
297 2592 438 2623 futurum
454 2618 465 2633 s.
487 2592 557 2634 pari
592 2594 689 2624 modo
727 2593 833 2634 (citra
871 2599 978 2628 tamen

908 1216 1030 1242 ela*

1672 201 1736 232 ‘i:'›5

1031 256 1254 298 exemptiones
1273 269 1289 290 a
1310 269 1400 291 sacro
1418 258 1564 291 Concilio
1583 258 1774 291 Tridentino

1029 307 1198 350 sublatas)
1224 310 1281 349 uti,
1307 310 1367 342 frui
1395 316 1427 343 et
1452 312 1595 353 gaudere
1622 311 1724 344 libere
1744 317 1775 343 et

1030 359 1117 391 licite
1143 361 1275 401 valeas,
1309 365 1501 396 eorumdem
1535 370 1648 397 tenore
1682 374 1772 407 prae-

1029 411 1166 444 sentium
1194 415 1402 448 concedimus
1429 423 1458 449 et
1486 417 1704 459 indulgemus.

1074 465 1133 507 ξέὶ.
1158 465 1228 498 Non
1252 467 1458 501 obstantibus
1483 470 1773 502 constitutionibus

1030 522 1062 548 et
1079 517 1345 551 ordinationibus
1367 522 1569 563 apostolicis,
1589 534 1624 554 ac
1646 523 1773 565 quibus-

1029 569 1084 607 vis,
1104 570 1200 602 etiarn
1220 571 1415 609 iuramento,
1431 574 1680 607 confirmatione
1699 586 1774 618 apo-

1029 622 1151 661 stolica,
1175 625 1226 656 vel
1252 624 1365 666 quavis
1391 625 1542 660 firmitate
1565 627 1627 659 alia
1644 629 1775 660 robora-

1030 675 1079 715 tis,
1107 676 1236 708 statutis
1262 682 1294 709 et
1319 680 1631 726 consuetiutinibus,
1646 682 1775 713 ceteris·

1029 739 1092 771 que
1119 730 1292 762 contrariis
1319 731 1594 775 quibuscumque.

1073 782 1187 815 Datum
1214 783 1356 823 Romae,
1384 786 1470 827 apud
1497 786 1528 818 S.
1556 786 1686 818 Mariam
1712 787 1774 818 Ma-

1028 835 1156 874 iorem,
1183 836 1242 867 sub
1269 838 1389 870 annulo
1421 838 1619 877 piscatoris,
1658 839 1710 871 die
1745 850 1775 872 lv

1029 887 1214 921 decembris
1239 898 1410 929 Moccxxx,
1436 890 1646 933 pontificatus
1671 892 1774 923 nostri

1029 952 1114 974 anno
1141 952 1161 974 r

1066 1003 1123 1028 ilat.
1145 1003 1190 1029 die
1209 1004 1227 1030 4
1246 1004 1406 1030 decembris
1438 1005 1519 1035 1730,
1543 1005 1644 1039 pontif.
1667 1014 1737 1032 anno
1758 1012 1775 1032 1.

1364 1058 1398 1090 F.
1427 1059 1515 1090 card.
1544 1058 1727 1092 Omvnmus.

1028 1136 1131 1163 Similis
1152 1145 1200 1172 pro
1220 1137 1335 1172 singulis
1351 1138 1409 1163 aliis
1426 1139 1518 1173 pueris
1535 1138 1686 1165 honorariis
1701 1139 1773 1165 iuxta

1064 1181 1185 1208 notulam
1205 1182 1317 1208 inferius
1339 1182 1463 1218 positam.
1488 1183 1545 1209 nat.
1563 1186 1592 1209 ut
1612 1183 1637 1209 in
1659 1192 1773 1218 praece-

1063 1226 1149 1252 denti.

1069 1288 1209 1318 Nominali
1231 1289 1517 1319 dall'eminentissimo
1540 1291 1721 1329 cctinerleuyo.
1738 1309 1772 1312 —

1028 1337 1108 1376 Sigg.
1134 1339 1262 1368 cavalier
1285 1338 1414 1378 Gasparo
1437 1339 1534 1378 Pani,
1559 1344 1643 1370 conte
1670 1340 1773 1370 Cesare

1029 1387 1203 1423 Panimolla,
1227 1387 1319 1417 baron
1343 1387 1485 1418 Giovanni
1503 1389 1605 1427 Puget,
1624 1390 1773 1419 marcliese

1028 1436 1157 1465 Adriano
1179 1436 1295 1471 Canale,
1320 1436 1477 1466 Cristosaro
1500 1438 1640 1467 Fouseca.

1072 1484 1376 1514 Dall'eccellentissimo
1403 1487 1494 1524 primo
1523 1491 1772 1516 conservatore.-

1027 1533 1106 1571 Sigg.
1131 1534 1283 1563 marchese
1306 1534 1468 1563 Innoceuzo
1492 1535 1536 1564 ‹lel
1561 1535 1674 1570 Busalo,
1694 1545 1770 1565 mar-

1027 1582 1113 1611 chese
1136 1582 1234 1611 Nicola
1268 1583 1314 1612 del
1348 1583 1447 1611 Busalo
1462 1607 1468 1619 ‚
1494 1584 1645 1613 marcliese
1668 1584 1770 1614 Cursio

1026 1631 1107 1667 Muti,
1127 1631 1279 1660 marchese
1301 1631 1392 1660 Mario
1415 1631 1494 1669 Muti,
1519 1637 1604 1662 conte
1634 1633 1771 1663 Alessan-

1026 1680 1088 1720 drov
1100 1679 1211 1710 Orsini.

1068 1729 1368 1758 Dall'eecellentissimo
1390 1731 1503 1759 seeomlo
1524 1735 1771 1760 conservatore.—

1026 1778 1106 1816 Sigg.
1124 1783 1208 1808 conte
1237 1779 1344 1808 Cesarc
1371 1779 1479 1816 All'ani,
1507 1780 1669 1809 Franccseo
1695 1780 1770 1809 della

1027 1826 1142 1862 Vetere,
1166 1827 1344 1857 Alessandro
1366 1828 1506 1863 Bouerlii,
1525 1832 1610 1858 conte
1633 1829 1770 1859 Alessan-

1027 1875 1080 1904 dro
1104 1876 1238 1913 Ferretti,
1263 1876 1414 1905 marchese
1437 1876 1584 1916 Giuseppe
1607 1877 1718 1906 Nuucz.
1733 1896 1771 1900 —

1066 1924 1367 1953 Drill'eccellentissimo
1402 1929 1473 1954 terzo
1509 1932 1706 1955 conservatore.
1734 1944 1769 1947 —

1025 1972 1104 2010 Sigg.
1130 1973 1282 2002 marchese
1315 1973 1462 2012 Giuseppe
1484 1974 1668 2011 Maccarani,
1694 1984 1770 2003 mar-

1026 2022 1112 2051 cliese
1134 2022 1238 2051 Nicolo
1261 2022 1379 2061 Giugni,
1397 2023 1525 2052 cavalicr
1553 2024 1642 2053 Silvio
1666 2024 1770 2053 Yicen-

1027 2071 1080 2100 tini
1099 2095 1105 2107 ,
1131 2071 1276 2100 Giovanni
1313 2072 1395 2101 Carlo
1431 2072 1568 2101 Cittadiui
1586 2095 1593 2109 ‚
1619 2073 1770 2102 marcliese

1025 2119 1160 2149 Emerico
1184 2120 1350 2158 Bolognini.

1064 2168 1118 2198 Dal
1134 2170 1226 2206 sigyuor
1240 2170 1336 2208 priore
1352 2169 1393 2198 ἄρ’
1404 2170 1556 2208 ‹mporioui⁴
1571 2187 1609 2192 --
1623 2169 1701 2207 Sigg.
1720 2170 1768 2199 ba-

1023 2226 1094 2247 rone
1119 2218 1245 2256 Pompeo
1273 2218 1408 2247 Searlatti
1428 2242 1435 2255 ,
1459 2218 1587 2247 Antonio
1621 2218 1741 2247 Amadei
1757 2242 1764 2255 ,

1024 2271 1109 2296 conte
1132 2266 1293 2296 Fraucesco
1315 2266 1381 2303 Mei,
1404 2267 1515 2305 Angelo
1535 2266 1676 2303 Faguani,
1695 2267 1765 2296 (lae-

1024 2320 1092 2345 tano
1114 2315 1264 2345 Corettini.

1346 2461 1436 2493 xvlt.

1022 2541 1120 2584 Leyes
1150 2541 1301 2584 publicae
1332 2541 1547 2573 scientiarum
1571 2541 1769 2574 Academiae.

1068 2595 1238 2629 Cervariae
1263 2595 1296 2627 in
1325 2594 1497 2628 catalonia·
1522 2605 1541 2626 a
1566 2595 1726 2639 Philippo
1745 2595 1770 2627 V

1785 211 1830 235 Αιι.
1850 210 1878 234 ⁴1.
1900 209 1971 237 1730

1803 480 1824 501 lu
1840 481 1967 501 contrarium

1785 513 1825 527 nou
1865 507 1967 528 obstanti-

1785 533 1823 553 bus
1845 537 1885 554 etc.

1824 1301 1912 1322 Nomina
1930 1306 1967 1321 xxv

1784 1333 1904 1353 puerorum.
