2182 3137
222 253 272 278 An.
288 251 317 278 c.
339 249 408 277 1732
453 241 520 274 344

419 298 584 337 tiquitatem
600 307 682 328 snam
698 298 727 328 in
744 299 935 338 professione,
955 300 1086 328 eamdem
1103 299 1160 328 for-

416 356 492 376 mam
516 348 713 377 renovationis
732 352 864 377 votorum
894 357 929 377 ex
961 349 1074 378 cartula
1099 348 1159 379 sive

417 395 492 425 libro
515 397 542 425 in
567 397 702 426 manibus
723 396 837 426 abbatis
869 397 1012 427 existente
1030 423 1036 432 ‚
1070 407 1160 436 genu-

420 445 484 473 tlexi
509 449 574 474 ante
599 445 692 484 ipsum
710 445 843 475 abbatem
868 447 1028 485 proferant.
1047 446 1159 482 Quibus

420 493 522 530 finitis,
539 498 639 531 surgat
661 494 750 523 abbas
771 499 800 524 et
821 494 957 524 omnibus
980 495 1046 525 aliis
1068 506 1158 534 genu-

418 542 501 571 llcxis
519 567 525 579 ,
551 543 636 572 faciat
657 543 871 573 ahsolutionem
890 569 897 582 ‚
921 545 1041 574 dicens:

457 591 530 620 Dens
552 593 716 621 misereatur
737 594 845 629 vestri,
873 598 896 622 et
922 594 1044 622 dimittat
1072 594 1160 622 debila

415 644 505 668 vestra
521 664 528 677 ‚
552 645 575 669 et
597 642 727 671 condonet
747 647 859 681 peccam
882 647 967 671 vestm
985 667 991 676 ,
1015 647 1038 671 el
1058 643 1161 681 perclu-

416 694 459 718 vat
482 700 523 718 aas
546 690 579 718 ad
602 691 686 719 ailam
708 697 858 720 aeternam.

458 738 661 776 Respondent:
687 739 784 769 Amen.

456 786 577 816 Abbas:
613 787 759 817 Benedicat
791 799 834 817 vos
866 789 1033 827 ommipotens
1067 788 1156 822 Dens,

416 834 511 872 Pater,
534 839 557 864 at
580 836 692 871 Filius,
715 841 740 865 el
761 836 884 876 Spiritus·
905 836 1031 866 Sanctus.

457 885 661 924 Respondent:
685 886 783 915 almeri.

496 935 569 963 Cn).
594 934 653 963 ΧΗ.
678 952 715 956 —-
738 934 777 963 De
798 935 936 963 mzmaclzis
959 935 1078 973 infirmis

664 988 687 1011 (Ἰ
710 983 908 1012 decedentibus.

458 1041 476 1060 1.
503 1032 572 1061 Cum
596 1032 754 1061 monachus
771 1032 899 1069 graviter
921 1035 1071 1069 aegrotare
1093 1042 1157 1061 coe-

419 1080 515 1118 perit,
540 1081 637 1108 statim
661 1080 835 1109 confiteatur
858 1079 967 1116 abbati,
984 1080 1029 1109 vel
1044 1080 1157 1109 conses-

416 1128 494 1156 sario
517 1128 551 1156 ab
574 1129 674 1157 eodem
698 1128 854 1167 deputato,
879 1133 906 1158 et
928 1130 1009 1157 sacra
1029 1138 1157 1158 commu-

416 1176 503 1205 nione
527 1176 676 1205 reficiatur
688 1201 695 1214 ‚
719 1178 834 1206 servata
852 1177 887 1206 ad
904 1177 958 1206 hoc
975 1178 1046 1206 hora
1064 1177 1156 1215 magis

416 1225 608 1254 conveniente
626 1249 632 1259 ,
656 1229 813 1264 antequam
836 1225 934 1254 cibum
957 1227 1076 1265 capiat,
1100 1225 1156 1255 nisi

417 1274 573 1303 infirmitas
597 1274 719 1303 nimium
743 1279 868 1312 urgeret.
891 1275 949 1304 Nec
972 1275 1048 1304 ultra
1064 1284 1155 1304 unum

416 1332 431 1351 a
454 1324 534 1361 gravi
558 1324 728 1353 infirmitate
758 1324 836 1353 diem
869 1324 1012 1353 consessio
1043 1324 1156 1353 differri

417 1373 534 1411 poterit,
558 1377 596 1407 et,
614 1373 636 1401 si
662 1372 723 1402 fieri
747 1376 856 1411 potest,
874 1373 960 1402 etiam
977 1373 1154 1402 communio.

249 1426 278 1455 Ας
293 1425 349 1446 bona
366 1431 403 1445 sua
415 1421 449 1451 Et
479 1421 577 1451 statim
611 1421 813 1460 praesentibus
842 1420 955 1450 duobus
987 1421 1031 1451 vel
1063 1421 1156 1452 tribus

220 1452 402 1500 pgrgffioenabbuu
415 1471 565 1500 monachis
588 1470 673 1499 debet
685 1470 819 1500 infirmus
831 1470 928 1500 abbati
943 1471 986 1500 vel
1000 1480 1157 1500 oeconomo

415 1520 546 1549 revelare
570 1520 643 1549 bona
667 1520 780 1556 onmia,
798 1530 922 1559 quorum
941 1530 1025 1549 usum
1042 1520 1155 1557 habuit,

416 1578 469 1598 nce
492 1570 520 1598 in
545 1569 710 1598 inventario
734 1569 880 1608 descripta
901 1573 981 1598 sunt.
1006 1569 1156 1608 Alioquin,

414 1618 450 1653 si,
475 1618 603 1647 monitus
625 1617 660 1647 ab
684 1617 806 1654 abbate,
830 1618 926 1647 omnia
943 1642 950 1655 ,
973 1628 1047 1657 quae
1071 1628 1157 1657 supra

416 1667 493 1696 dicta
517 1671 595 1703 sunt,
620 1669 714 1697 facere
731 1667 955 1703 detrectaverit,
973 1672 1058 1706 atque
1075 1668 1157 1697 illum

414 1716 488 1745 mori
511 1716 669 1753 contigerit
683 1739 690 1753 ,
714 1716 912 1745 ecclesiastica
934 1716 1088 1755 sepultura
1101 1716 1159 1755 pri-

416 1768 501 1794 vetur
523 1768 551 1793 et
574 1764 721 1802 suffragiis
744 1764 861 1794 divinis.
885 1764 914 1794 Si
947 1774 1013 1793 vero
1027 1780 1034 1792 -.
1047 1769 1158 1803 tempo-

415 1813 520 1842 ralium
544 1812 686 1842 bonorum
708 1813 991 1842 administrationem
1009 1813 1155 1848 habuerit,

417 1866 570 1901 postquam
604 1862 733 1901 coeperit
764 1862 892 1899 graviter
924 1867 1074 1900 aegrotare
1092 1887 1099 1900 ,
1129 1867 1157 1892 et

416 1911 541 1941 maxime
565 1911 589 1940 si
613 1911 692 1940 nulla
715 1911 752 1940 sit
767 1920 834 1949 spes
849 1911 967 1949 salutis,
985 1911 1074 1941 abbas
1090 1921 1156 1941 cum

414 1960 529 1990 duobus
552 1965 601 1990 aut
625 1960 719 1990 tribus
741 1959 864 1989 testibus
887 1960 1037 1989 monachis
1060 1961 1156 1990 onmia

415 2010 494 2040 illius
516 2010 689 2048 repositoria
713 2010 835 2046 visitet,
860 2013 888 2038 et
910 2010 997 2039 saciat
1027 2010 1155 2039 debitum

413 2059 624 2089 inventarium.
650 2058 737 2097 Sique
760 2058 919 2088 necessitas
943 2059 1154 2097 postulaverit,

413 2107 477 2137 eius
500 2107 698 2136 ministerium
720 2107 803 2136 alteri
828 2107 942 2143 tradat,
967 2107 1059 2137 donee
1075 2107 1157 2136 infir-

415 2166 479 2186 mus
502 2156 686 2186 convalescat
708 2156 752 2184 vel
775 2156 928 2185 moriatur.
955 2155 1033 2185 Idem
1056 2156 1090 2186 [le
1109 2156 1156 2186 ab·

414 2206 480 2235 bate
503 2205 621 2234 infirmo
644 2204 822 2240 dicendum,
847 2205 907 2234 sive
929 2204 1018 2234 abbas
1041 2214 1157 2235 monas-

416 2254 480 2284 terii
505 2254 559 2291 sit,
584 2254 646 2283 sive
670 2253 869 2291 hegumenus,
885 2253 946 2283 slve
963 2254 1050 2283 etiam
1067 2254 1156 2283 abbas

416 2303 575 2341 generalis.
599 2302 805 2340 Quaecumque
828 2306 925 2331 autem
949 2302 978 2332 in
1002 2303 1073 2332 cella
1097 2313 1157 2332 ino-

416 2352 501 2381 nachi
525 2355 589 2390 post
611 2351 674 2380 eius
696 2350 808 2380 obitum
824 2355 940 2389 reperta
956 2351 1080 2385 suerint,
1099 2361 1157 2381 mo-

415 2401 544 2431 nasterio
567 2400 762 2439 applicentur.

455 2458 485 2479 n.
515 2449 644 2487 Diligens
675 2457 746 2477 cura
774 2448 959 2477 infirmorum
988 2448 1154 2488 habeatur,

416 2499 534 2538 eisque,
559 2498 721 2528 secundum
742 2497 924 2527 infirmitatis
945 2497 1154 2535 indigentiam,

417 2552 446 2577 et
468 2546 630 2576 secundum
660 2545 840 2575 medicorum
863 2545 1035 2583 consilium,
1059 2547 1156 2584 provi-

416 2596 521 2625 deatur
543 2595 578 2625 de
601 2594 736 2624 omnibus
762 2594 959 2631 necessariis3
989 2598 1018 2624 et
1049 2594 1156 2633 aliquis

416 2643 570 2681 religiosus
593 2652 626 2672 ac
648 2643 714 2682 pius
743 2642 923 2681 monachus,
947 2652 1004 2673 non
1038 2642 1156 2673 aliunde

248 1041 325 1062 Infirmi
341 1042 406 1067 primo

225 1068 259 1087 die
311 1068 405 1088 confiteri

222 1094 321 1115 debeant.

237 2459 268 2489 tte
279 2459 410 2480 intirmorumv

222 2490 282 2506 cura.

1008 251 1186 274 BULLARIUM
1212 252 1364 275 ROMANUM

1202 304 1381 339 occupatus,
1405 301 1447 330 eis
1476 300 1643 339 specialiter
1675 301 1841 340 assignetur
1857 325 1864 339 ,
1893 303 1944 342 qui

1202 347 1294 384 sciat,
1320 349 1409 387 possit
1429 352 1457 377 et
1483 348 1586 378 debeat
1609 348 1785 379 ministrare.
1810 351 1943 390 Cumque

1203 395 1289 425 horas
1312 397 1468 426 canonicas
1491 397 1604 435 gravati
1633 397 1735 427 morbo
1751 407 1803 437 per
1819 407 1849 428 se
1864 399 1942 437 ipsos

1203 444 1326 474 recitare
1358 454 1416 474 non
1449 445 1585 484 possint,
1620 451 1708 480 tune,
1742 447 1766 476 si
1798 447 1943 477 sustinere

1204 498 1348 531 possunt,
1372 494 1508 524 dicantur
1530 504 1628 524 coram
1650 495 1693 525 eis
1715 495 1750 525 ab
1772 495 1880 536 aliquo.

1242 551 1283 571 111.
1308 542 1338 571 In
1362 542 1494 581 quolibet
1517 544 1711 581 monasterio,
1727 544 1776 574 ubi
1792 546 1943 576 commode

1204 591 1266 619 fieri
1290 591 1394 629 poterit
1409 615 1416 627 ,
1441 596 1610 629 segregetur
1632 592 1714 622 locus
1738 603 1789 632 pro
1805 593 1942 632 infirmis,

1203 638 1290 667 etiam
1303 648 1368 669 cum
1385 640 1513 669 oratorio
1530 640 1580 669 ubi
1597 640 1719 678 singulis
1735 641 1838 671 diebus
1854 643 1941 672 missa

1203 687 1378 725 celebretur,
1404 689 1428 718 si
1451 689 1516 728 quis
1538 690 1575 719 sit
1598 689 1731 719 infirmus
1747 691 1797 729 qui
1813 701 1876 720 eam
1892 702 1943 722 au-

1203 736 1266 765 dire
1289 737 1391 776 possit.

1242 793 1280 814 1v.
1305 785 1376 814 Item
1400 786 1428 814 in
1458 786 1584 815 ecclesi-:2
1605 788 1774 817 monasterii
1804 787 1942 818 decenter

1202 837 1229 862 et
1252 833 1372 863 honeste
1394 839 1584 864 conservetur
1599 840 1785 865 sacrosancta
1802 835 1943 866 Euchari-

1201 882 1256 911 stia
1280 892 1332 921 pro
1356 883 1505 912 monachis
1528 888 1556 913 ct
1584 884 1775 914 familiaribus
1807 885 1916 915 nostris
1932 909 1940 923 ,

1202 931 1231 959 in
1255 941 1322 960 casu
1346 932 1530 962 necessitatis
1553 933 1595 962 eis
1619 933 1806 972 porrigenda.

1241 988 1267 1009 V.
1291 980 1362 1010 Item
1389 981 1452 1010 oleo
1485 981 1637 1011 benedicto
1671 983 1819 1012 infirmum
1852 988 1942 1022 ungat

1201 1028 1289 1057 abbas
1314 1029 1356 1058 vel
1380 1030 1443 1059 cius
1466 1030 1591 1059 vicarius
1614 1031 1692 1060 iuxta
1722 1032 1811 1061 ritum
1841 1041 1942 1061 sacrae

1201 1077 1343 1116 lampadis
1365 1077 1426 1106 sive
1455 1082 1603 1107 extremae
1633 1079 1796 1109 Unctionis.
1829 1080 1863 1110 Et
1891 1081 1942 1109 ha-

1201 1125 1323 1155 beantur
1345 1126 1373 1155 in
1397 1126 1528 1165 quolibet
1552 1128 1727 1157 monasterio
1756 1128 1824 1157 libri
1851 1129 1942 1158 ritua-

1201 1174 1242 1204 les
1266 1180 1322 1204 tam
1347 1185 1397 1214 pro
1430 1175 1629 1205 Eucharistiae
1661 1176 1915 1207 administratione
1931 1202 1939 1216 ‚

1201 1233 1287 1262 quam
1318 1233 1368 1263 pro
1398 1226 1528 1254 extrema
1557 1225 1715 1261 Unctione,
1739 1230 1767 1256 et
1790 1235 1841 1265 pro
1864 1236 1942 1256 corn-

1202 1273 1387 1302 mendatioue
1409 1274 1522 1303 animae
1537 1297 1544 1310 ,
1568 1278 1596 1303 et
1618 1276 1761 1314 exequiis.

1240 1331 1279 1351 vr.
1304 1322 1407 1351 Nullus
1440 1323 1650 1352 monachorum
1680 1324 1866 1362 permittatur
1897 1324 1940 1354 uti

1201 1372 1322 1400 scientia
1347 1371 1508 1401 medicinae
1532 1376 1589 1401 tam
1606 1381 1657 1411 pro
1680 1373 1830 1402 monachis
1853 1382 1940 1412 quam

1203 1429 1252 1458 pro
1275 1420 1478 1449 saecularibus
1494 1444 1502 1458 ,
1527 1420 1583 1449 nisi
1606 1421 1635 1449 in
1659 1421 1737 1450 dicta
1759 1421 1883 1450 scientia„
1904 1421 1942 1451 sit

1201 1469 1381 1499 sufficienter
1403 1470 1564 1499 instructus
1578 1494 1585 1507 ,
1609 1475 1637 1499 et
1658 1470 1904 1509 dispensationem
1925 1480 1941 1500 a

1201 1518 1340 1556 legitimis
1368 1518 1571 1558 superioribus
1605 1518 1733 1548 habeat:
1764 1519 1850 1558 idque
1878 1519 1942 1549 sine

1202 1567 1331 1606 periculo
1354 1572 1382 1597 et
1404 1567 1552 1603 scandalo,
1578 1572 1605 1597 et
1628 1568 1691 1597 sine
1715 1569 1866 1606 mercede,
1890 1569 1941 1599 sed

1201 1626 1235 1645 ex
1258 1617 1315 1646 solii
1340 1617 1481 1646 charitate
1504 1616 1601 1646 saciat.

1241 1674 1289 1695 vu.
1320 1665 1420 1695 Abbas
1453 1666 1622 1696 monasterii
1655 1666 1766 1696 obitum
1799 1667 1942 1707 cuiusque

1203 1715 1335 1743 monachi
1358 1715 1388 1744 in
1412 1724 1463 1744 suo
1486 1715 1665 1745 monasterio
1687 1715 1855 1749 decedentis
1877 1717 1942 1747 sine

1201 1763 1339 1793 dilatione
1364 1764 1461 1793 abbati
1484 1764 1614 1802 generali
1637 1769 1665 1794 et
1689 1764 1843 1794 abbatibus
1865 1770 1943 1796 cete-

1202 1821 1299 1842 rorum
1324 1813 1573 1842 monasteriorum-
1591 1813 1749 1843 deimnciet
1770 1824 1821 1853 per
1836 1815 1942 1853 episto-

1201 1862 1256 1890 lam
1280 1862 1457 1900 encyclicam
1475 1886 1482 1899 ,
1507 1866 1537 1891 ut
1560 1871 1612 1901 pro
1634 1866 1749 1892 mortuo
1782 1863 1853 1893 fiant
1883 1864 1942 1894 suf-

1201 1911 1290 1948 fragia
1310 1921 1315 1940 :
1340 1920 1454 1950 nempe,
1479 1910 1509 1940 in
1532 1911 1719 1949 monasterio,
1742 1912 1772 1941 in
1795 1922 1852 1952 quo
1882 1922 1943 1943 mo-

1200 1960 1310 1989 nachus
1332 1959 1460 1997 obierit,
1485 1960 1556 1989 fiant
1578 1960 1718 1998 exequiae
1740 1970 1820 1990 more
1843 1961 1940 2000 solito,

1199 2013 1227 2038 et
1249 2009 1338 2038 missa
1360 2009 1515 2045 solemnis,
1539 2013 1568 2038 et
1589 2009 1790 2048 unusquisque
1805 2010 1942 2040 sacerdos

1200 2057 1277 2087 dicat
1300 2063 1358 2087 tres
1381 2057 1505 2094 missas,
1529 2061 1557 2086 et
1579 2057 1703 2096 quilibet
1724 2067 1782 2088 non
1806 2059 1942 2089 sacerdos

1200 2111 1243 2136 ter
1270 2106 1441 2145 psalterium
1473 2106 1637 2136 orationum
1671 2106 1885 2136 dominicarum
1913 2111 1942 2137 et

1199 2155 1407 2184 salutationum
1430 2155 1645 2192 angelicarum,
1670 2155 1738 2184 item
1760 2155 1874 2185 dicatur
1889 2165 1940 2195 pro

1199 2214 1233 2234 eo
1255 2204 1342 2233 missa
1366 2203 1504 2233 solemnis
1527 2203 1556 2232 in
1580 2203 1626 2232 die
1642 2203 1866 2242 quadragesimo
1882 2203 1942 2234 obi-

1951 256 2001 282 An.
2017 256 2047 283 C.
2069 255 2137 285 1732

1980 1677 2137 1707 Pro-defuntus

1954 1709 2044 1730 exequia
2054 1706 2076 1726 et
2090 1709 2137 1725 ora-

1953 1732 2029 1751 tiones.

1199 2257 1244 2283 tus
1267 2256 1295 2282 et
1317 2253 1346 2282 in
1369 2252 1581 2282 anniversario:
1605 2252 1634 2281 in
1657 2252 1779 2291 reliquis
1794 2262 1863 2282 vero
1880 2262 1942 2283 mo-
1965 2276 1967 2278 .

1199 2302 1336 2331 nasteriis
1359 2311 1415 2331 una
1438 2301 1524 2330 missa
1549 2300 1662 2330 dicatur
1685 2310 1698 2330 a
1733 2301 1865 2340 quolibet
1895 2310 1940 2337 sa-

1199 2350 1332 2386 cerdote,
1358 2354 1386 2379 et
1407 2358 1498 2378 unum
1523 2349 1692 2388 psalterium
1709 2350 1876 2380 orationum
1891 2350 1942 2380 da-

1199 2399 1375 2428 minicarum
1398 2403 1426 2428 et
1448 2398 1660 2427 salutationum
1693 2398 1891 2436 angelicarum
1924 2409 1940 2429 a

1199 2458 1257 2478 non
1279 2447 1439 2477 sacerdote.
1463 2449 1521 2476 Pro
1543 2447 1647 2477 abbate
1670 2457 1738 2477 vero
1753 2448 1895 2486 generali,
1912 2452 1941 2481 et

1200 2505 1377 2535 unoquoque
1398 2506 1433 2526 ex
1448 2500 1573 2535 quatuor
1588 2496 1761 2535 hegumenis
1772 2519 1779 2533 ‚
1795 2496 1873 2526 idem
1888 2497 1939 2527 fiat

1198 2545 1228 2574 in
1251 2549 1309 2574 toto
1334 2544 1442 2574 Ordine
1469 2544 1546 2584 quod
1574 2544 1606 2574 fit
1637 2546 1667 2574 in
1698 2545 1876 2574 monasterio
1906 2545 1938 2574 in

1198 2603 1256 2633 quo
1278 2593 1438 2623 monachus
1452 2593 1594 2625 moritur:
1612 2593 1699 2632 idque
1714 2592 1937 2631 intelligendum

1198 2646 1242 2672 est
1264 2642 1298 2672 de
1320 2642 1379 2672 illis
1400 2642 1486 2672 etiam
1504 2664 1511 2678 ,
1545 2642 1595 2681 qui
1628 2641 1784 2682 aliquando
1816 2651 1937 2672 munere
