2182 3137
38 237 86 263 An.
101 237 131 263 C.
154 235 216 262 1731

73 1092 104 1113 Do
119 1093 216 1114 araneae

32 1120 127 1141 mentali.

860 236 1001 261 CLEMENS
1028 237 1072 260 ΧΠ
1097 238 1146 262 ΡΡ.

229 284 279 318 vel
305 284 338 317 in
363 284 443 324 aliis,
468 289 565 327 prout
598 285 815 328 opportunius
850 284 992 317 iudice-¹

230 344 288 377 tur,
315 343 361 370 est
386 338 582 381 repetenda3
611 339 718 370 nullus
741 343 846 370 tamen
868 337 968 369 hono-

228 391 316 423 rifica
341 391 450 424 munia
474 391 595 424 ambire
616 396 800 434 praesumat
825 390 923 433 (quod
942 390 965 422 si

229 445 299 488 quis
325 446 417 477 aliter
454 445 590 483 feccrit,
617 444 773 477 inhabilis
802 444 963 486 maneat),

229 508 336 540 neque
373 498 432 529 sub
458 498 646 530 humilitatis
681 497 790 540 specie
815 507 966 529 recusare

229 550 427 589 contendat,
453 550 508 582 sed
535 550 671 583 aliorum
696 560 766 582 sese
792 549 967 582 subiiciens

228 603 348 636 iudicio
385 614 465 636 onus
503 603 670 636 humiliter
706 608 874 645 acceptet,
900 613 966 635 non

229 662 392 700 tamquam
418 656 649 696 dominaturus,
669 656 725 689 sed
747 659 780 689 ut
798 656 964 694 charitate,

229 710 489 749 mansuetudine,
510 709 684 752 vigilantia,
706 709 888 752 ceterisque
907 709 966 739 rii·-

230 762 361 802 tutibus,
387 762 458 795 aliis
484 768 624 805 praeeat,
645 770 677 795 et
698 762 807 794 onmia
829 762 875 793 sui
903 775 967 794 nm-
988 771 989 780 ³

228 817 316 849 neris
353 816 477 849 sortiter
509 816 714 859 suaviterque
752 816 904 858 disponat
936 821 967 848 et

229 869 356 912 dirigat.
383 869 420 902 Et
445 869 589 902 omnium
610 869 673 902 vita
702 869 798 912 dirigi
832 880 890 912 per
922 880 967 902 se-

228 929 364 966 quentes
390 923 520 965 regulas
547 923 676 956 debeat.

295 980 334 1012 De
356 982 402 1016 iis,
426 991 494 1020 quae
513 981 653 1020 pertinent
675 982 709 1010 ad
731 991 901 1010 communem

373 1031 587 1060 seminariorum
610 1030 821 1061 observantium.

269 1094 327 1117 vn.
352 1083 452 1122 Quum
474 1083 613 1116 orationi
641 1089 672 1116 et
697 1084 879 1117 ministerio
897 1095 966 1117 ver·
988 1113 989 1124 ,

226 1137 260 1170 hi
285 1138 373 1170 Iesus
400 1143 431 1170 et
454 1138 596 1181 apostoli
635 1138 790 1170 instantes
827 1138 966 1177 suerint,

227 1191 448 1234 scriptumque
485 1191 546 1223 sit:
585 1191 708 1224 Domus
744 1202 816 1224 mea
853 1191 967 1224 domus

227 1244 386 1278 oracionis
408 1244 603 1284 vocabitur&
631 1246 772 1288 operarii
800 1245 878 1278 illud
901 1256 967 1278 om-

226 1299 304 1332 nino
331 1298 467 1341 implere
493 1298 692 1331 contendent
713 1309 718 1330 2
741 1297 870 1341 Oportet
890 1309 968 1330 sem-

225 1362 282 1396 per
302 1362 395 1384 orare
415 1355 443 1384 et
464 1362 526 1384 non
547 1350 708 1393 deficere&
728 1357 793 1383 tum
817 1352 967 1384 all'ectuo-

227 1416 295 1439 sam
319 1405 374 1438 Dei
400 1405 620 1448 praesentiam
647 1405 677 1437 in
699 1405 776 1448 ipsis
796 1410 827 1438 ot
844 1405 875 1437 in
895 1405 966 1438 aliis
989 1419 990 1446 t

227 1458 461 1502 promovendo,
490 1463 556 1490 tum
583 1458 715 1490 mentali
743 1458 883 1491 orationi
910 1470 968 1502 per

228 1512 307 1545 duas
332 1511 430 1544 horas
456 1511 487 1543 in
514 1513 584 1544 loco
615 1511 808 1544 destinando
834 1522 990 1553 congre-1

227 1564 293 1607 gati
333 1564 498 1603 vacando,
540 1565 682 1607 hyemali
723 1570 868 1607 tempore
906 1571 966 1596 tam

227 1628 323 1650 mane
349 1628 446 1660 quam
471 1628 607 1660 vespere
634 1630 650 1650 a
675 1618 786 1660 quinta
807 1618 966 1660 usquead

226 1676 347 1704 sextam
374 1671 504 1710 horam,
530 1676 651 1703 aestate
677 1676 785 1703 autem
810 1683 826 1703 a
853 1671 966 1714 quarta

227 1731 260 1758 et
284 1724 416 1757 dimidia
442 1735 546 1768 usque
579 1726 617 1757 ad
644 1725 791 1768 quintam
819 1732 850 1758 et
871 1725 966 1758 dimi-

227 1779 312 1812 diam
340 1789 445 1819 mane,
472 1784 503 1811 et
528 1790 545 1811 a
571 1779 682 1822 quinta
707 1790 811 1822 usque
838 1780 875 1811 ad
898 1790 967 1812 sex-

228 1838 293 1865 tam
317 1842 471 1875 vespere3
499 1832 602 1864 oratio
640 1832 772 1875 quidem
809 1832 989 1865 matutina¹

227 1886 360 1919 finietur
385 1897 457 1918 cum
484 1886 605 1919 litaniis
631 1886 821 1926 maioribus,
849 1886 966 1919 additis

229 1939 434 1972 orationibus
461 1950 518 1982 pro
545 1940 638 1982 Papa,
666 1951 724 1983 pro
751 1940 914 1983 episcopis
936 1945 989 1986 eti

227 1993 547 2036 congregationibus,
573 2005 633 2037 pro
659 2005 735 2037 rege
754 2000 784 2026 et
809 2005 868 2037 pro
895 1994 966 2026 aliis

227 2046 478 2080 necessitatibus
505 2048 762 2086 occurrentilms,
781 2047 818 2079 ad
846 2046 967 2089 praesi-

227 2100 275 2133 dis
301 2100 429 2134 libitum
456 2101 653 2141 recitandis;
681 2101 867 2145 vespertina
892 2111 966 2133 vero

227 2165 299 2188 cum
326 2153 467 2193 litaniis,
494 2154 692 2197 antiphona,
719 2165 813 2187 versu
840 2160 870 2187 et
895 2164 967 2187 ora-

228 2208 316 2241 tione
341 2208 373 2241 B.
393 2208 429 2241 M.
456 2207 614 2251 Virginis3
642 2208 834 2241 missionum
860 2214 966 2240 autem

226 2267 374 2305 tempore
411 2261 506 2294 unius
548 2262 662 2294 saltem
698 2261 798 2294 horae
835 2261 965 2304 spatio,

226 2325 324 2358 quum
346 2315 448 2357 magis
467 2321 686 2357 opportunum
708 2315 879 2355 videbitur,
901 2326 968 2348 ora-

226 2369 304 2401 tioni
331 2369 508 2408 vacabunt3
548 2369 682 2412 eiusque
719 2380 810 2401 usum
838 2369 967 2402 clericis

225 2422 376 2456 omnibus
411 2421 584 2455 efficaciter
620 2423 820 2464 suadebunt,
848 2429 878 2456 et
904 2423 966 2466 ipsi

225 2475 307 2509 sicut
331 2474 473 2518 operarii
498 2474 578 2508 alios
604 2476 785 2508 orationem
822 2476 855 2508 in
889 2486 968 2509 con-

225 2528 374 2563 cionibus
401 2527 586 2561 edocebunt
613 2533 643 2560 et
668 2529 707 2562 ad
734 2529 821 2562 illius
846 2529 967 2563 exerci-
988 2559 989 2567 ,

261 2599 271 2625 1
294 2598 411 2633 Murri„
433 2604 496 2632 xxi,
517 2597 543 2625 3.

259 2645 276 2675 2
295 2645 371 2679 Luc.²
393 2649 476 2678 xvtu,
499 2644 522 2671 1.

1014 285 1090 317 tium
1116 286 1356 320 hortabuntur:
1384 298 1478 331 quam
1498 287 1592 320 etiam
1617 287 1651 318 in
1676 295 1751 329 qua-

1012 337 1090 370 libet
1126 339 1283 381 parochia
1321 346 1386 372 tum
1422 340 1570 383 publice,
1610 345 1674 371 tum
1717 339 1749 371 in

1011 391 1142 434 privatis
1179 393 1327 425 domibus
1365 394 1550 431 introduci,
1577 393 1690 434 augeri
1718 398 1750 424 et

1011 445 1192 477 conservari
1219 447 1388 484 curabunt,
1417 452 1450 478 ut
1475 447 1522 479 sic
1548 447 1628 478 haec
1653 446 1749 479 semi-

1010 498 1100 530 naria
1125 509 1200 531 vere
1227 499 1341 531 domus
1360 499 1515 532 orationis
1537 500 1575 531 ab
1597 499 1748 532 omnibus

1011 552 1164 594 gentibus
1189 552 1294 584 vocari
1321 558 1455 595 queant.

1053 615 1123 638 vni.
1163 605 1238 638 Cum
1277 606 1376 638 vocali
1415 606 1561 639 oratione
1598 607 1747 639 mentalis

1010 668 1141 700 semper
1166 658 1393 700 coniungatur,
1416 669 1456 691 ne
1482 659 1521 691 de
1548 660 1642 691 nobis
1670 660 1748 692 illud

1012 711 1212 744 verificetur:
1237 711 1386 754 Populus
1412 712 1463 744 hic
1489 712 1586 744 labiis
1621 723 1669 745 me
1694 713 1749 745 lm-

1011 768 1116 803 norat,
1138 775 1189 796 cor
1207 769 1312 796 aulem
1333 775 1443 797 eorum
1465 764 1555 808 longe
1575 769 1618 797 est
1636 776 1656 797 α
1674 764 1746 798 me¹.

1011 818 1119 861 Itaque
1146 818 1176 850 in
1203 817 1340 850 Rosario
1366 817 1400 850 Β.
1423 817 1463 850 Μ.
1491 817 1629 859 Virginis
1648 817 1748 861 (quod

1011 873 1042 904 in
1070 873 1191 904 sacello
1220 872 1298 904 hora
1324 873 1467 913 congrua
1492 871 1679 915 vespertina
1701 882 1750 904 re-

988 926 1174 964 ]citandum
1214 926 1359 969 quotidie
1398 926 1459 958 erit
1494 936 1565 958 Cum
1604 925 1750 967 litaniis>

988 979 1157 1017 ,eiusdem
1194 979 1344 1022 mysteria
1381 978 1618 1011 consideranda
1653 984 1748 1017 sunt,

988 1024 990 1078 ἐ
1012 1032 1161 1075 propriae
1188 1032 1401 1065 necessitates
1439 1032 1474 1064 B.
1502 1031 1624 1074 Virgini
1653 1042 1750 1074 expo-

1012 1085 1152 1124 nendae,
1169 1091 1199 1118 et
1213 1088 1330 1127 magua
1344 1096 1414 1117 eum
1435 1084 1552 1117 fiducia
1572 1085 1750 1118 remedium

988 1126 990 1147 ²
1011 1139 1050 1171 ab
1076 1141 1112 1171 ea
1130 1139 1319 1181 petendum.
1347 1138 1505 1170 similiter
1522 1138 1551 1170 in
1572 1138 1681 1171 divino
1705 1139 1751 1171 os-

1011 1190 1083 1223 ticio
1109 1191 1235 1223 statutis
1261 1191 1352 1223 horis
1378 1191 1417 1224 ab
1443 1201 1643 1234 unoquoque
1679 1201 1752 1234 per-

1011 1244 1166 1277 solvendo
1203 1244 1339 1276 attentio
1378 1244 1416 1276 ad
1454 1254 1565 1276 verum
1596 1254 1748 1283 sensum,

1012 1308 1068 1330 seu
1096 1297 1230 1340 aliquod
1257 1297 1377 1330 Christi
1403 1297 1609 1340 mysterium,
1636 1298 1684 1330 vel
1712 1297 1750 1330 ad

1012 1352 1153 1394 aliquam
1181 1350 1273 1383 aliam
1305 1350 1471 1383 veritatem
1501 1350 1595 1382 saluti
1624 1351 1751 1384 animae

1012 1405 1205 1448 proficuam,
1232 1404 1375 1437 studiose
1407 1403 1593 1437 adhibenda
1623 1409 1692 1444 est,
1718 1415 1752 1438 o-

1012 1460 1098 1492 mnia
1117 1459 1154 1491 ad
1175 1459 1274 1492 Deum
1294 1464 1500 1502 praesentem
1522 1458 1705 1498 referendo,
1721 1464 1753 1491 et

1012 1523 1140 1555 semper
1166 1513 1309 1544 curando
1335 1517 1369 1543 ut
1394 1511 1537 1544 exterior
1572 1512 1753 1545 reverentia

1012 1566 1200 1598 interiorem
1233 1565 1418 1597 comitetur.
1455 1564 1569 1597 Psalmi
1597 1565 1751 1606 paulatim

1011 1625 1106 1662 atque
1133 1629 1202 1651 curn
1230 1621 1328 1661 pausa
1353 1628 1550 1661 unoquoque
1583 1618 1614 1650 in
1647 1619 1751 1651 versi-

1011 1673 1082 1704 culo
1108 1671 1314 1714 persolvendi
1337 1677 1441 1710 eruut,
1460 1682 1496 1703 ac
1518 1677 1579 1703 tam
1602 1672 1752 1704 mentalis

1012 1725 1114 1757 oratio
1142 1735 1238 1768 quarn
1257 1725 1375 1757 vocalis
1393 1724 1484 1756 llexis
1510 1724 1647 1766 genibus
1674 1724 1750 1766 (nisi

1010 1779 1118 1820 aliqua
1151 1778 1303 1811 inciderit
1335 1778 1480 1820 corporis
1518 1778 1749 1820 imbecillitas)

1012 1832 1188 1875 implenda,
1214 1842 1369 1874 praesens
1395 1842 1524 1874 semper
1549 1831 1581 1864 in
1600 1832 1749 1864 omnibus

1011 1887 1088 1919 illud
1127 1886 1299 1918 habendo:
1332 1885 1549 1925 Maledictus,
1583 1885 1643 1928 qui
1672 1884 1750 1928 facit

1010 1950 1088 1983 opus
1115 1939 1174 1971 Dei
1198 1939 1426 1982 fraudulenter
1439 1937 1460 1971 ⁹.

1055 2004 1098 2026 ix.
1132 1993 1176 2025 Ad
1216 1994 1401 2036 exemplum
1438 1993 1509 2025 Iesu
1542 1992 1662 2026 Christi
1699 1993 1751 2026 do-

1643 226 1707 260 295
1752 237 1803 261 An.
1823 233 1851 260 C.
1877 231 1937 260 ¹731

1787 614 1817 635 De
1835 614 1910 635 vocati.

1802 2002 1831 2023 De
1850 2004 1948 2024 examino

1761 2033 1907 2050 comi-inultae
1916 2030 1947 2049 tus

1011 2046 1086 2079 mini
1114 2045 1227 2087 nostri,
1255 2046 1345 2079 cuius
1370 2056 1489 2089 opera,
1519 2046 1616 2079 verba
1641 2051 1673 2079 et
1697 2056 1948 2082 C0-diequahbetsa·

1011 2100 1185 2143 gitationes
1211 2101 1319 2133 divina
1339 2111 1411 2134 eum
1438 2101 1603 2134 voluntate
1622 2102 1751 2134 consor-

1011 2154 1074 2186 niia
1099 2164 1226 2197 semper
1253 2154 1354 2193 suere,
1373 2165 1485 2187 omnes
1511 2154 1542 2186 in
1569 2155 1751 2188 seminariis

1011 2213 1252 2241 commorantes
1271 2218 1348 2240 suae
1369 2207 1587 2241 conscientiae
1615 2208 1751 2241 examini

1011 2261 1156 2303 generali
1184 2267 1216 2294 et
1241 2261 1427 2304 particulari
1465 2265 1538 2294 ante
1577 2262 1752 2305 prandium

1011 2320 1042 2347 et
1067 2325 1202 2347 coenam
1231 2315 1260 2346 iu
1287 2315 1360 2347 loco
1387 2314 1585 2347 destinando
1607 2315 1752 2358 quotidie

1011 2368 1225 2401 convenient:
1255 2374 1285 2400 et
1312 2367 1501 2409 singillatim
1528 2368 1752 2411 unusquisque

1011 2426 1084 2454 ante
1110 2421 1279 2464 quodlibet
1297 2431 1378 2463 opus
1398 2420 1571 2462 diligenter
1592 2421 1750 2463 exquiret,

1012 2485 1085 2507 num
1113 2485 1148 2507 ex
1177 2474 1335 2506 charitate
1362 2479 1513 2506 nascatur
1539 2474 1658 2506 eteius
1678 2473 1748 2507 linis

1010 2528 1051 2560 sit
1075 2527 1181 2571 gloria
1206 2527 1334 2568 divina,
1362 2537 1461 2571 opere
1479 2537 1556 2560 vero
1575 2528 1749 2572 completo,

1047 2601 1056 2625 1
1081 2598 1198 2633 tium„
1220 2605 1271 2630 xv,
1293 2601 1325 2632 8;
1348 2598 1442 2626 IEREM.
1464 2605 1561 2633 xcviii,
1585 2600 1628 2628 10.

1044 2643 1060 2670 2
1080 2643 1185 2678 lensii„
1206 2643 1279 2673 ibid.

1763 2084 1846 2104 cii-nde.
