2182 3137
218 179 270 205 nn.
285 177 316 204 c.
338 176 409 204 1730
454 168 520 201 18⁶2

252 869 274 890 ln
289 871 365 890 artium
375 876 408 890 ex·

226 897 294 916 amine
311 902 346 922 qm
362 902 409 922 pru-

228 924 319 943 iussores

228 949 330 970 habeant.

341 923 410 944 locum

418 226 469 265 qui
492 226 597 255 saltem
621 225 752 264 quinque
774 228 890 263 praeter
923 227 1077 263 patronum
1111 231 1163 262 pro

417 273 585 304 huiusmodi
616 273 753 302 examine
775 273 917 302 interesse
939 271 1065 309 debent,
1089 272 1164 301 anti-

417 323 537 362 quitatis
559 322 662 352 ordine
684 322 761 351 inter
782 322 862 360 ipsos
884 325 1010 359 servato,
1034 321 1064 350 in
1092 320 1163 350 duas

418 371 574 400 continuas
589 371 686 405 horas,
704 379 775 409 quas
791 370 948 399 maluerint
963 369 1162 407 difficultates,

421 419 455 449 ad
479 420 647 450 universam
671 419 746 455 eiusy
769 419 818 458 qui
841 418 1017 448 laureandus
1040 423 1096 456 est,
1124 418 1164 447 fa-

420 468 561 498 cultatem
585 468 776 507 pertinentes,
811 467 962 505 obiicient‚
996 476 1069 506 quas
1102 467 1164 505 ipse

419 517 518 546 statim
542 516 681 546 dissolvet
704 520 790 555 atque
813 515 992 555 explanabit.

460 565 579 594 Praeter
601 568 771 603 argumenta
796 574 810 593 a
835 564 930 594 tribus
952 563 1101 602 magistris
1121 563 1165 593 iu-

420 613 553 643 nioribus
576 613 775 653 proponenda,
799 613 873 643 alius
895 613 1032 652 deinceps
1053 612 1088 641 ab
1106 612 1164 641 illis

419 662 519 692 doctor
542 666 676 701 quartum
700 662 839 697 instruat,
863 661 945 701 quod·
963 665 1058 690 tamen
1077 661 1165 689 horae

420 710 612 750 quadrantem
646 719 704 739 non
739 709 876 745 excedat3
908 709 1074 748 propositae
1096 717 1164 737 vero

419 759 588 788 difficultati
606 759 730 797 ipsemet
751 767 889 796 arguens,
907 766 964 787 non
984 762 1081 786 autem
1098 766 1166 786 can-

420 807 537 837 didatus
561 808 730 837 satisfaciat.

460 856 491 885 In
516 856 623 886 artium
646 855 779 884 examine
795 855 963 884 earumdem
984 854 1165 893 professores

420 914 533 934 necnon
558 904 760 943 philosophiae
783 903 900 932 moralis
915 927 922 940 ‚
952 903 1116 932 matheseos
1138 906 1166 931 et

421 953 582 982 rhetorices
605 952 806 982 tantummodo
829 952 926 981 locum
960 950 1096 979 habeant.
1134 950 1164 979 ln

422 1002 570 1031 medicina
584 1025 591 1038 ,
615 1001 745 1030 eiusdem
767 1000 912 1029 facultatis
936 1000 1115 1038 professores
1137 1003 1165 1028 et

423 1050 602 1087 chirurgiae,
627 1049 785 1079 dummodo
817 1048 1018 1086 magisterium
1045 1048 1074 1076 in
1098 1047 1167 1077 arti-

424 1098 476 1127 bus
499 1099 555 1128 iam
579 1097 775 1135 obtinuerit¹3
799 1097 876 1136 quod
893 1097 980 1126 etiam
997 1097 1025 1125 in
1042 1100 1166 1135 utroque

423 1147 487 1176 iure
508 1150 537 1176 et
561 1146 709 1183 theologia
731 1145 906 1180 servabitur,
930 1145 1035 1174 adeout
1058 1144 1168 1174 exami-

424 1195 536 1224 natoris
551 1196 560 1211 ²
583 1203 732 1233 nunquam
756 1194 838 1231 fungi
872 1194 983 1232 possit,
1007 1193 1057 1232 qui
1079 1192 1166 1222 simul

423 1244 590 1273 cathedram
614 1247 642 1272 et
664 1244 844 1272 doctoratum
868 1252 926 1272 non
943 1242 1085 1272 obtineat.

465 1292 706 1321 Examinatorum
735 1301 877 1321 numerus
905 1291 1071 1320 academiae
1103 1300 1169 1320 san-

423 1341 568 1370 ctionibus
602 1340 799 1379 praescriptus
831 1340 860 1369 in
893 1340 1060 1369 huiusmodi
1096 1349 1169 1368 uno-

424 1399 540 1428 quoque
577 1389 711 1418 examine
747 1388 930 1417 observetur.
970 1388 1104 1417 Ceterum
1144 1388 1168 1417 si

424 1438 581 1475 contigerit
604 1447 661 1467 non
692 1441 829 1467 constare
851 1446 1008 1466 numerum
1039 1446 1072 1466 ex
1104 1446 1170 1476 pro-

426 1487 598 1523 fessoribus,
616 1487 660 1515 vel
678 1486 754 1525 quod
777 1485 885 1523 absint,
910 1486 954 1514 vel
979 1485 1046 1524 quia
1071 1485 1170 1515 docto-

424 1539 489 1564 ratu
513 1539 562 1564 aut
587 1534 756 1572 magisterio
785 1534 918 1572 insigniti
946 1543 1003 1563 non
1027 1534 1097 1571 sint,
1122 1534 1171 1563 ad-

425 1584 569 1613 sciscatur
591 1583 694 1612 doctor
726 1592 777 1611 seu
800 1583 939 1620 magister
961 1582 1111 1620 antiquior
1134 1591 1170 1612 ex

424 1632 461 1662 iis
483 1633 532 1671 qui
555 1632 761 1661 cathedrarum
787 1631 985 1670 oppositiones
1000 1654 1007 1667 ,
1030 1631 1170 1661 substitu-

425 1681 532 1717 tiones,
557 1681 688 1719 aliasque
712 1680 872 1710 litterarias
895 1680 1061 1709 academiae
1085 1689 1170 1709 exer-

426 1730 581 1759 citationes
605 1730 791 1767 frequentare
815 1729 920 1757 solent.

464 1778 672 1813 Cancellarius,
697 1781 903 1816 praeterquam
926 1777 1100 1807 necessitate
1123 1788 1171 1807 ur-

426 1831 523 1864 gente,
549 1826 695 1855 neminem
719 1835 753 1854 ex
787 1825 823 1854 iis
856 1825 1082 1864 professoribus,
1120 1827 1170 1865 qui

426 1876 461 1904 ad
484 1875 621 1904 licentiae
651 1884 773 1910 examen
804 1883 854 1903 seu
879 1874 1079 1913 probationem
1103 1884 1172 1904 con-

427 1928 585 1958 venerunt,
610 1932 624 1952 e
648 1922 755 1952 sacello
777 1922 888 1959 egredi,
913 1922 969 1951 nisi
1002 1928 1065 1961 post
1088 1923 1171 1953 abso-

426 1972 520 2001 lutum
543 1981 688 2008 examen,
723 1972 861 2010 patiatur.
896 1971 1035 2001 Occlusae
1068 1972 1172 2002 ianuae

427 2020 523 2049 claves
546 2020 643 2049 iunior
666 2020 770 2049 doctor
792 2020 966 2049 asservabit.
1005 2020 1047 2049 Ad
1071 2020 1173 2049 lectio-

427 2077 506 2106 nem,
541 2072 713 2106 argumenta
747 2072 775 2096 et
803 2068 989 2106 quaestiones
1012 2069 1067 2097 rite
1091 2069 1173 2098 insti-

427 2117 551 2146 tuendas
570 2121 597 2145 et
617 2116 798 2155 peragendas
814 2116 1018 2153 cancellarius,
1036 2121 1066 2146 ut
1083 2118 1172 2146 moris

426 2170 481 2202 est,
506 2165 577 2194 certi
601 2165 742 2203 temporis
775 2165 928 2194 intervalla
962 2165 1122 2195 constituet
1144 2170 1172 2195 et

427 2223 479 2253 pro
501 2214 624 2251 singulis
647 2214 848 2253 dispensabit3
872 2223 1023 2253 nunquam
1041 2224 1107 2244 vero
1124 2224 1173 2253 pa-

428 2263 530 2298 tiatur,
555 2263 692 2292 licentiae
714 2263 891 2292 scrutinium
920 2263 949 2291 in
978 2263 1063 2292 horas
1093 2267 1173 2293 ante-

429 2311 609 2340 meridianas
631 2316 659 2340 et
691 2311 909 2350 pomeridianas
932 2311 1034 2347 dividi,
1059 2311 1107 2341 sed
1132 2316 1172 2341 to-

428 2364 491 2389 tum
515 2360 692 2390 scrutinium
715 2363 780 2398 post
803 2359 954 2389 meridiem
978 2359 1174 2389 celebrabitur

429 2408 515 2438 citius
538 2409 582 2438 vel
605 2409 701 2438 serius
733 2417 786 2447 pro
819 2413 984 2447 temporum
1020 2409 1172 2446 varietate,

430 2460 461 2486 ut
486 2457 662 2486 cancellario
685 2457 829 2496 placuerit
850 2457 1061 2487 inchoandum.

469 2517 478 2540 1
503 2514 549 2541 Vel
570 2514 661 2550 potius
677 2515 859 2542 obtinuerint
873 2516 910 2549 (n.
928 2515 977 2549 Τ.).

466 2558 482 2585 2
503 2559 586 2586 Deest
605 2567 654 2586 vox
675 2560 773 2595 officio
792 2564 831 2594 (a.
846 2560 897 2594 τ.).

1004 175 1188 198 BULLARlUM
1215 176 1369 200 ROMANUM

1246 223 1389 254 Postridie
1410 224 1474 253 eius
1495 223 1564 260 diei,
1588 232 1645 262 quo
1668 223 1804 253 licentiae
1825 231 1950 253 examen

1207 271 1338 302 habitum
1357 272 1457 310 fuerit,
1475 271 1609 311 primarii
1627 271 1774 301 facultatis
1789 271 1869 300 illius
1884 280 1951 310 pro-

1207 322 1331 351 fessores
1367 321 1547 351 vacationem
1584 319 1848 350 antemeridianam
1872 329 1887 349 a
1910 320 1951 349 le-

1207 369 1351 399 ctionibus
1374 368 1509 399 habeant.

1246 417 1275 446 Si
1299 421 1363 456 post
1385 417 1520 446 licentiae
1553 416 1729 446 scrutinium
1763 416 1842 455 paria
1874 416 1952 446 inter

1208 474 1238 494 se
1271 470 1328 494 tam
1362 465 1585 504 approbationis
1617 474 1703 504 quam
1736 464 1952 503 reprobationis

1208 514 1360 543 doctorum
1384 513 1523 550 suffragia
1561 513 1650 543 fuisse
1683 513 1850 550 contigerit,
1884 522 1953 542 can-

1208 564 1346 593 cellarius
1370 563 1457 602 parti,
1481 572 1554 602 quae
1579 563 1723 592 videbitur
1746 563 1879 602 aequior,
1902 562 1952 592 ad-

1209 612 1363 648 liaerebit;
1397 612 1480 650 sique
1502 612 1697 641 cancellarius
1730 611 1878 649 suffragiis
1901 620 1952 650 ap-

1210 661 1392 700 probationis
1414 661 1582 697 accesserit,
1604 661 1632 690 id
1648 661 1825 690 secretarius
1841 661 1871 690 in
1887 663 1950 689 acta

1210 710 1330 746 referet,
1355 719 1387 739 ac
1411 710 1441 738 in
1465 709 1528 748 ipso
1551 709 1658 746 gradus
1682 709 1852 748 diplomate,
1875 709 1952 748 quod

1209 758 1363 787 candidato
1387 757 1528 794 tradetur,
1549 758 1673 787 innuere
1695 757 1782 787 etiam
1805 762 1833 787 et
1855 757 1953 797 expri-

1210 816 1290 835 mere
1314 806 1443 836 debebit.

1249 855 1498 893 Quotiescumque
1532 854 1668 884 licentiae
1700 854 1869 884 doctoratus
1902 863 1953 884 seu

1210 904 1370 942 magisterii
1403 903 1578 933 scrutinium
1613 903 1674 932 sive
1703 912 1825 932 examen
1858 903 1953 942 primo

1210 962 1325 992 quoque
1360 957 1492 991 tempore
1526 952 1692 982 habendum
1715 952 1783 989 erit,
1808 951 1954 982 caucella-

1210 1002 1273 1030 rius
1295 1011 1344 1030 sex
1366 1002 1429 1030 dies
1452 1005 1519 1030 ante
1542 1001 1633 1030 indici
1655 1005 1683 1030 et
1707 1000 1851 1039 publicari
1874 1009 1954 1030 man-

1211 1049 1269 1084 det,
1294 1054 1325 1078 ut
1354 1049 1479 1087 quisque
1512 1058 1597 1078 suum
1631 1049 1819 1087 praelationis
1852 1049 1954 1079 ordine

1212 1097 1306 1126 locum
1332 1097 1466 1126 obtinere
1490 1097 1596 1136 possit;
1621 1106 1674 1126 nec
1697 1106 1827 1136 unquam
1850 1097 1953 1127 eodem

1212 1146 1259 1175 die
1281 1146 1388 1184 duplex
1412 1155 1464 1184 pro
1487 1146 1604 1174 licentia
1629 1145 1770 1174 habeatur
1792 1155 1928 1175 examen.

1252 1194 1306 1229 Qui
1329 1195 1357 1224 in
1382 1195 1435 1224 hac
1459 1195 1652 1224 universitate
1682 1195 1830 1224 licentiam
1853 1203 1955 1224 conse-

1213 1248 1296 1273 cutus
1319 1244 1419 1281 suerit,
1437 1244 1531 1273 iurato
1554 1243 1705 1282 spondeat,
1724 1253 1908 1282 nequaquam
1924 1253 1955 1273 se

1213 1293 1344 1322 eiusdem
1368 1293 1515 1322 facultatis
1539 1293 1722 1322 doctoratum
1746 1302 1797 1322 seu
1821 1293 1957 1330 magiste-

1214 1342 1291 1370 rium
1324 1341 1352 1370 in
1376 1341 1432 1370 alia
1455 1341 1537 1378 regni
1575 1341 1739 1379 Aragoniae
1762 1341 1956 1371 universitate

1213 1394 1430 1428 suscepturum.

1253 1438 1323 1467 Tam
1346 1438 1375 1467 in
1400 1438 1535 1467 licentiae
1564 1448 1650 1477 quam
1680 1438 1709 1467 in
1738 1438 1908 1468 doctoratus
1930 1443 1958 1468 et

1214 1487 1375 1525 magisterii
1402 1487 1567 1525 insignibus
1590 1487 1769 1526 recipiendis
1802 1491 1957 1526 patronum

1214 1541 1279 1574 agat
1311 1537 1414 1566 doctor
1436 1536 1596 1575 antiquior.
1621 1536 1653 1565 In
1686 1536 1814 1566 licentiis
1837 1545 1906 1566 vero
1928 1541 1957 1566 et

1215 1585 1393 1623 magisteriis
1415 1584 1595 1623 regularium
1619 1584 1768 1623 antiquior
1790 1593 1825 1614 ex
1841 1584 1903 1623 ipsa
1919 1585 1960 1614 fa-

1214 1634 1296 1663 milia
1328 1634 1428 1663 doctor
1462 1633 1505 1662 vel
1540 1633 1678 1671 magister
1710 1633 1779 1671 eligi
1815 1633 1921 1671 poterit
1943 1642 1958 1662 a

1214 1683 1341 1720 regulari
1364 1682 1530 1712 candidato.

1254 1731 1285 1760 ln
1309 1731 1437 1760 licentiis
1461 1731 1576 1769 patroni
1599 1731 1751 1760 dumtaxat
1775 1740 1882 1760 munus
1904 1730 1960 1760 erit

1215 1783 1387 1817 argumenta
1411 1783 1439 1808 et
1461 1779 1648 1818 quaestiones
1671 1778 1827 1808 candidato
1855 1787 1961 1817 propo—

1215 1828 1285 1858 sitas
1307 1827 1468 1857 dilucidare
1484 1851 1492 1865 ,
1516 1831 1565 1864 et,
1589 1827 1613 1856 si
1636 1827 1752 1866 quando
1778 1827 1959 1866 oportuerit,

1215 1876 1327 1906 eisdem
1350 1885 1402 1915 per
1424 1886 1455 1905 se
1476 1875 1665 1914 respondere.

1255 1926 1363 1955 Textus
1386 1935 1437 1955 seu
1460 1929 1582 1963 puncta,
1605 1925 1640 1955 ad
1664 1926 1892 1964 praelectionem
1916 1935 1961 1955 as—

1216 1975 1380 2012 signanda,
1405 1974 1540 2013 qualitati
1572 1974 1679 2011 gradus
1705 1974 1884 2013 suscipiendi
1916 1983 1963 2004 re-

1216 2022 1390 2061 spondeant,
1414 2022 1525 2051 scilicet
1547 2022 1577 2051 in
1600 2022 1712 2051 artibus
1729 2031 1763 2051 ex
1783 2022 1879 2059 logica
1896 2022 1962 2052 Ari-

1216 2070 1329 2100 stotelis
1344 2071 1378 2099 ad
1395 2070 1660 2107 baccalaureatum,
1677 2080 1713 2099 ex
1731 2070 1862 2108 physicis
1878 2071 1913 2100 ad
1930 2071 1963 2100 li-

1217 2120 1343 2148 centiam
1359 2129 1365 2155 ;
1390 2119 1420 2148 in
1437 2119 1583 2148 medicina
1606 2128 1640 2147 ex
1663 2119 1855 2157 llyppocratis
1870 2119 1963 2158 Apho-

1216 2168 1309 2196 rismis
1330 2167 1364 2196 ad
1388 2171 1547 2206 utrumque
1569 2167 1708 2204 gradum3
1734 2167 1762 2196 in
1786 2167 1851 2196 iure
1881 2168 1962 2197 civili

1217 2225 1249 2244 ex
1274 2214 1511 2244 institutionilnis
1534 2214 1737 2244 Iustinianiad
1760 2215 1963 2245 baccalaurea-

1217 2268 1289 2299 tum,
1313 2272 1347 2292 ex
1371 2262 1516 2292 Pandeclis
1532 2263 1567 2292 ad
1589 2263 1755 2299 licentiam3
1780 2263 1810 2292 in
1834 2264 1897 2294 iure
1916 2274 1964 2294 ca-

1217 2313 1322 2341 nonico
1345 2320 1380 2341 ex
1404 2311 1594 2341 Decretah‘bus
1616 2313 1651 2341 ad
1685 2311 1961 2352 baccalaureatum,

1217 2370 1250 2390 ex
1273 2361 1392 2390 decreto
1414 2360 1545 2390 Gratiani
1569 2361 1603 2390 ad
1619 2361 1783 2398 licentiam3
1808 2370 1862 2400 pro
1882 2362 1963 2392 theo-

1217 2410 1294 2448 logi-a
1316 2418 1350 2439 ex
1366 2409 1503 2447 Magistro
1518 2410 1733 2439 sententiarum
1751 2410 1786 2439 ad
1803 2413 1963 2450 utrumque

1217 2458 1350 2497 gradum.
1375 2458 1412 2488 Ut
1433 2463 1530 2488 autem
1554 2459 1633 2488 fraus
1656 2459 1776 2488 omnino
1808 2458 1897 2497 absit,
1927 2459 1964 2490 ti-

1217 2507 1272 2536 tuli
1294 2515 1345 2536 seu
1367 2506 1462 2546 capita
1485 2510 1563 2536 sorte
1585 2507 1732 2536 ducantur
1754 2516 1852 2536 coram
1875 2507 1962 2538 scho-

1217 2556 1318 2585 lastico
1340 2557 1401 2585 una
1422 2564 1488 2585 cum
1510 2555 1686 2591 tabellione,
1719 2556 1770 2595 qui
1802 2565 1865 2586 rem
1887 2555 1962 2586 actis

1961 177 2012 202 An.
2027 176 2055 202 C.
2078 174 2148 203 ¹730
2177 174 2180 182 '

2023 1946 2106 1967 Puncta
2127 1945 2159 1966 a&

1982 1972 2146 1999 praelectionem

1971 1998 2109 2026 assignanda.
