2182 3137
29 241 84 268 An.
101 240 131 270 C.
152 240 220 269 1732

58 723 146 744 Sanctio
162 728 215 749 poe-

26 750 92 771 malis.

57 2312 176 2338 Exordium.

844 241 985 264 CLEMENS
1011 242 1056 264 XII
1081 242 1130 265 PP.

227 289 377 331 fuissent3
399 290 518 334 utque¹
540 290 726 323 earumdem
741 287 967 332 praesentium

229 343 447 387 transumptis,
467 343 563 376 etiam
584 342 768 385 impressis,
789 351 885 373 manu
910 341 968 373 ali-

228 396 321 428 cuius
345 396 463 429 notarii
488 395 610 439 publici
638 393 841 437 subscriptis,
870 398 900 425 et
926 393 968 425 si-

227 449 306 492 gillo
332 459 489 492 personae
514 449 548 480 in
569 448 727 490 dignitate
747 446 968 480 ecclesiastica

227 502 422 535 constitutae
451 501 602 541 munitis,
630 501 744 533 eadem
772 510 907 543 prorsus
935 498 968 530 fi-

227 555 285 587 des
305 554 512 594 adhibeatur,
532 564 614 596 quae
639 553 764 586 eisdem
789 552 967 594 praesenti-

225 607 284 639 bus
300 607 515 640 adhiberetur
539 607 566 639 si
596 607 702 639 forent
728 606 893 639 exhibitae
917 606 965 638 vel

227 665 392 692 ostensae.

270 713 284 755 ξ
308 712 340 746 9.
367 713 453 745 Nulli
478 722 556 755 ergo
581 713 714 745 omnino
741 711 911 744 hominum
929 711 967 743 li-

226 772 308 806 ceat,
334 767 418 799 banc
444 767 594 809 paginam
626 765 731 798 nostri
757 764 890 804 statuti,
916 765 966 797 de-

227 820 315 859 creti,
341 821 526 859 voluntatis,
550 818 787 852 moderationis
813 825 846 851 et
870 819 966 850 redu-

226 873 341 906 ctionis
381 873 559 915 infringere
596 873 646 905 vel
672 882 749 904 ausu
791 871 964 904 temerario

223 927 404 967 contraire;
427 927 452 959 si
479 927 551 970 quis
575 932 681 959 antem
708 927 769 958 hoc
792 930 966 958 atttentare

222 981 497 1024 praesumpserit,
530 980 788 1023 indignationem
815 980 965 1022 omnipo-

225 1035 321 1067 tentis
357 1034 412 1067 Dei
438 1045 474 1066 ae
498 1035 669 1066 beatorum
709 1033 793 1066 Petri
821 1038 851 1066 ct
877 1033 964 1065 Pauli

223 1088 442 1132 apostolorum
479 1088 547 1120 eins
579 1098 614 1120 se
650 1087 779 1120 noverit
818 1087 966 1119 incursu-

222 1152 304 1174 rum.

266 1195 379 1228 Datum
406 1195 538 1235 Romae,
560 1195 645 1237 apud
671 1194 702 1228 S.
722 1195 852 1227 Mariam
873 1194 965 1227 Maio·

223 1259 291 1282 rem
319 1276 326 1288 ‚
371 1259 457 1281 anno
502 1248 737 1281 incarnationis
781 1248 963 1280 dominicae

226 1312 410 1342 Mnccxxxn,
437 1312 473 1335 111
500 1302 656 1335 kalendas
682 1301 811 1345 aprilis,
831 1301 964 1344 pontifi-

227 1360 316 1388 catus
341 1356 442 1388 nostri
467 1366 553 1389 anno
578 1366 613 1388 n.

258 1417 318 1444 Dat.
340 1418 383 1445 die
402 1418 437 1445 ‘29
457 1418 549 1444 martii
570 1419 653 1451 1732,
675 1418 774 1453 pontif.
798 1425 870 1444 anno
889 1424 918 1444 11.

489 1472 526 1504 A.
554 1471 642 1504 card.
671 1471 823 1504 datarius.

487 1525 519 1558 F.
550 1525 637 1558 card.
665 1524 849 1559 Otiveiuus.

295 1579 362 1606 Visa
381 1579 414 1606 de
436 1580 546 1606 Curia:

488 1624 512 1656 Ι.
544 1623 691 1667 archiep.
714 1625 917 1667 Ancyranus.

594 1678 629 1710 D.
658 1678 826 1711 siivmus.

255 1740 324 1775 Reg.
345 1739 372 1766 in
393 1740 497 1766 Secret.
520 1739 656 1767 Breviuin.

554 1883 626 1915 LVI.

231 1953 474 1995 Confirmcmtm·
497 1954 629 1996 requlae
660 1959 688 1987 el
719 1955 962 1987 constitutiones

268 2006 534 2050 Conqreycttiom's
560 2007 680 2040 Montis
705 2008 825 2040 Libani
856 2018 964 2040 mona-

266 2059 401 2092 chorum
424 2059 583 2103 Syrorum
605 2061 848 2093 Maronitarum
870 2060 963 2094 Ordi-

264 2112 318 2145 nis
341 2114 447 2146 smzcci
471 2114 611 2147 Antonii
635 2114 783 2147 Aetatis.

431 2194 563 2220 Clemens
584 2194 662 2227 Papa
683 2194 749 2226 XII,

332 2239 369 2264 ad
391 2241 573 2272 perpetuam
595 2240 642 2265 rei
663 2239 851 2265 memoriam.

265 2310 478 2352 Apostolatus
505 2309 663 2349 officium,
690 2310 777 2352 quod
802 2309 962 2343 inscruta-

219 2362 295 2396 bilis
321 2362 446 2395 divinae
473 2363 650 2406 sapientiae
676 2369 772 2406 atque
802 2364 959 2397 bonitatis

218 2417 355 2450 altitudo
378 2417 552 2451 humilitati
578 2422 716 2457 nostrae,
740 2418 864 2450 {neritis
885 2417 961 2450 licet

222 2476 255 2505 et
289 2471 412 2503 viribus
449 2472 545 2511 longe
582 2470 718 2513 impari,
756 2471 959 2505 committere

221 2524 353 2567 dignata
388 2530 455 2564 cst,
493 2524 668 2556 salubriter
705 2525 844 2568 exequi,
872 2526 960 2558 adiu-

221 2585 314 2611 vante
339 2578 491 2618 Domino,
520 2577 639 2619 iugiter
664 2582 862 2620 satagentes,
890 2590 961 2612 ino-

258 2642 268 2667 t
292 2640 363 2667 Edit.
385 2640 468 2667 Μαίη.
491 2639 555 2674 legit
574 2643 604 2667 ut
624 2642 658 2673 (av
680 2640 727 2674 τ.).

1011 290 1153 323 nastieos
1177 290 1314 324 Ordines
1351 302 1387 325 ac
1411 297 1521 325 coetus
1547 292 1578 324 in
1605 291 1753 324 Ecclesia

1010 342 1065 374 Dei
1091 343 1144 385 pie
1170 350 1347 388 sancteque
1375 346 1556 386 institutos,
1583 356 1620 378 ae
1643 346 1753 389 prisca

1010 395 1290 439 celeberrimaque
1316 398 1494 430 sanctitatis
1529 404 1561 430 et
1593 398 1754 440 religiosi-

1010 447 1083 479 tatis
1108 449 1204 481 laude
1231 450 1402 491 fulgentes,
1424 451 1455 482 in
1477 451 1610 483 salutari
1633 461 1746 483 eorum

1010 499 1135 532 vivendi
1162 504 1274 534 norma
1301 503 1509 546 regularique
1543 503 1752 536 observantia

1010 553 1183 586 consevere
1209 560 1306 597 atque
1332 566 1522 588 conservare
1537 556 1624 589 ennii
1644 557 1751 589 studio

1010 606 1225 646 connitimur;
1263 617 1300 639 ac
1322 608 1461 650 proinde
1487 619 1545 646 ea,
1570 619 1653 651 quae
1690 619 1750 652 pro

1010 658 1094 690 felici
1122 669 1348 702 prosperoque
1375 660 1505 693 illorum
1532 661 1692 703 regimine
1718 669 1751 695 et

1010 711 1171 752 gubernio
1197 713 1332 755 provide
1354 713 1596 757 prudenterque
1615 714 1697 746 sacta
1715 725 1752 747 ac

1010 764 1162 797 ordinata
1188 775 1257 797 csse
1283 772 1462 798 noscuntur
1478 793 1485 805 ,
1509 772 1543 798 ut
1579 773 1749 800 serventur

1011 819 1151 851 exactius
1177 825 1208 851 et
1226 820 1362 862 perenni
1383 819 1546 852 soliditate
1562 822 1749 863 persistant,

1010 872 1181 915 apostolici
1196 873 1385 905 muniminis
1397 873 1576 915 patrocinio
1595 874 1749 913 libenter,

1010 936 1081 957 cum
1106 936 1123 958 a
1149 926 1242 959 nobis
1268 926 1402 969 petitur,
1428 926 1689 965 corroboramus,
1709 928 1752 959 si-

1010 985 1065 1011 eut
1089 979 1128 1011 ad
1155 979 1393 1022 omnipotentis
1418 979 1473 1012 Dei
1501 980 1650 1022 glormm,
1676 980 1750 1012 reli-

1010 1032 1115 1075 gionis
1132 1033 1329 1076 piorumque
1347 1044 1483 1076 operum
1503 1033 1749 1073 incrementum,

1010 1092 1041 1119 ct
1065 1086 1246 1119 animarum
1272 1088 1409 1120 salutem
1434 1087 1467 1119 in
1493 1087 1628 1121 Domino
1655 1098 1750 1131 expe-

1010 1139 1079 1171 dire
1105 1139 1314 1172 arbitramur.

1053 1193 1067 1235 ἓ
1092 1192 1124 1224 1.
1151 1193 1238 1224 Alias
1263 1193 1427 1235 siquidem
1454 1193 1558 1226 felicis
1590 1194 1746 1227 recorda-

1008 1351 1118 1384 talium
1155 1352 1341 1384 institutum
1377 1364 1393 1385 a
1419 1353 1490 1385 divo
1516 1353 1659 1386 Antonio
1687 1355 1750 1387 Ab·

1007 1404 1081 1436 bate
1106 1405 1286 1445 fundatum,
1312 1417 1349 1438 ae
1374 1406 1412 1438 ab
1439 1406 1507 1438 eius
1529 1406 1697 1449 discipulis
1715 1407 1747 1439 in

1006 1457 1156 1501 AEgipto,
1193 1458 1283 1501 Syria
1308 1459 1447 1502 aliiSque
1476 1459 1618 1492 Orientis
1645 1460 1749 1502 regio-

1007 1511 1103 1544 nibus
1140 1518 1355 1555 propagatum
1371 1539 1378 1552 ,
1400 1524 1528 1546 summo
1553 1524 1684 1556 semper
1715 1514 1748 1546 in

1008 1565 1132 1597 bonore
1173 1576 1189 1597 a
1229 1567 1348 1599 sanetis
1388 1566 1537 1609 patribus
1577 1567 1746 1609 generali-

1007 1618 1132 1661 busque
1169 1619 1318 1651 coneiliis
1345 1619 1491 1651 habitum
1518 1630 1554 1652 ac
1579 1621 1748 1663 perpetuis

1006 1670 1156 1703 laudibus
1182 1671 1382 1704 celebratum
1399 1699 1406 1712 ‚
1433 1683 1536 1716 prope
1574 1673 1747 1706 ecclesiam

1006 1724 1054 1757 Ss.
1082 1725 1168 1758 Petri
1188 1731 1218 1758 et
1235 1726 1412 1759 Marcellini
1434 1726 1472 1759 de
1490 1726 1586 1766 Urbe,
1605 1727 1748 1760 evocatis

1007 1778 1044 1810 ad
1072 1779 1134 1811 hoe
1160 1790 1176 1811 e
1202 1779 1291 1822 Syria
1328 1779 1473 1813 eiusdem
1512 1780 1650 1812 instituti
1682 1791 1750 1813 mo-

1007 1832 1120 1864 nacbis
1155 1832 1244 1875 Syris
1282 1832 1472 1873 Maronitis,
1514 1833 1749 1866 stabiliendum

1007 1885 1142 1918 curavit.
1169 1885 1206 1918 Et
1223 1886 1299 1928 quia
1316 1885 1488 1918 monastici
1511 1886 1595 1919 illius
1613 1885 1745 1919 Ordinis

1008 1939 1133 1971 diversa
1160 1945 1234 1971 sunt
1258 1940 1341 1982 apud
1369 1940 1456 1982 ipsos
1476 1940 1649 1972 Maronitas
1677 1950 1749 1973 coc-

1007 1993 1114 2031 nobia‚
1140 2003 1200 2025 nec
1226 2003 1289 2025 una
1315 1993 1496 2036 eademque
1530 1993 1562 2025 in
1597 1993 1748 2026 omnibus

1006 2046 1092 2089 viget
1117 2047 1267 2089 gubernii
1295 2046 1386 2086 ratio,
1411 2052 1522 2089 utpote
1541 2057 1676 2089 quorum
1695 2047 1748 2080 ali-

1007 2111 1069 2142 qua
1090 2110 1107 2131 a
1131 2110 1166 2131 se
1192 2099 1332 2132 invicem
1358 2110 1423 2131 non
1449 2100 1605 2142 pendent,
1631 2100 1686 2132 sed
1713 2111 1748 2131 u-

1007 2153 1239 2196 numquodque
1275 2153 1511 2185 monasterium
1551 2163 1568 2185 a
1607 2153 1744 2196 proprio

1006 2206 1050 2239 ita
1075 2207 1197 2248 regitur
1222 2206 1351 2245 abbate,
1379 2211 1414 2238 ut
1438 2207 1529 2239 nulla
1554 2206 1640 2238 inter
1662 2206 1747 2239 cius-

1005 2260 1091 2293 tnodi
1119 2260 1251 2292 abbates
1278 2265 1386 2292 mutua
1411 2260 1568 2292 connexio
1595 2259 1743 2303 aliquave

1005 2313 1163 2345 subiectio
1188 2312 1387 2351 intercedat‘,
1414 2312 1476 2344 alia
1501 2322 1577 2344 vero
1604 2312 1635 2344 in
1661 2312 1744 2345 Con-

1005 2367 1227 2409 gregationem
1254 2365 1392 2405 redacta,
1419 2376 1456 2398 ac
1480 2366 1541 2398 sub
1564 2365 1745 2399 directione

1006 2421 1102 2453 unius
1127 2420 1254 2452 abbatis
1281 2419 1462 2461 generalis,
1489 2419 1543 2462 qui
1581 2425 1742 2463 tamquam

1003 2481 1099 2517 caput
1135 2479 1266 2516 praeest
1300 2472 1449 2505 omnibus
1474 2471 1576 2514 ipsius
1602 2471 1744 2515 Congre-

1003 2528 1144 2570 gationis
1184 2525 1391 2559 monasteriis
1432 2525 1605 2558 inferiores
1646 2526 1742 2559 etiam

1002 2581 1135 2613 abbates
1174 2579 1369 2611 habentibus
1418 2579 1611 2611 constitutae
1649 2590 1743 2623 repc-

1002 2633 1149 2673 riuntur3
1188 2633 1371 2675 duplexque
1408 2631 1440 2664 in
1465 2631 1555 2676 Syria
1578 2632 1740 2666 dictorum

1653 233 1718 267 327
1765 245 1815 270 Αη.
1829 243 1860 272 G.
1881 243 1950 272 ¹⁷32

1825 1203 1943 1225 [nstitutum

1009 1245 1107 1277 tionis
1134 1245 1282 1278 Clemens
1303 1246 1362 1278 PP.
1382 1246 1421 1278 xl
1440 1248 1673 1289 praedecessor
1692 1259 1747 1280 no<
1760 1230 1847 1277 iiiiiiffm
1865 1236 1945 1277 {¹¹32ss

1007 1304 1074 1330 ster
1100 1298 1363 1341 antiquissimum
1385 1300 1621 1332 monachorum
1640 1301 1749 1333 oricn-
1760 1285 1838 1357 {iffiiia
1858 1283 1944 1331 {inoff
