2182 3137
217 210 308 237 Aac.
334 210 398 237 ¹733
445 202 507 235 528
546 199 548 201 ’

405 260 513 293 omnia
542 266 573 293 et
605 260 730 303 singula
762 260 942 303 apostolica
975 259 1144 303 privilegia

405 313 443 345 ab
468 313 725 346 antecessoribus
752 313 872 346 nostris
896 313 1047 347 Romanis
1065 313 1143 346 Pon-

405 366 514 399 ticibus
552 376 717 405 concessa,
755 366 840 398 iuxta
873 366 1141 400 consuetudinem

405 425 436 451 et
461 419 650 452 methodum
670 419 901 462 praescriptam
922 418 969 452 vel
989 419 1142 462 praescri-

404 473 542 505 bendam
584 473 623 505 al)
664 473 779 505 eodem
827 473 969 516 generali
1014 472 1142 506 Ordinis

404 526 665 559 Praedicatorum
691 526 854 568 magistro,
883 531 928 565 ut,
952 531 1026 569 post
1050 536 1141 569 prae-

403 579 535 611 missum
570 579 709 622 diligens
744 579 944 622 probationis
980 589 1139 619 examen,

404 633 513 665 laurea
539 631 708 665 doctoralis
733 642 788 665 seu
815 632 1026 675 magistralis,
1052 642 1141 675 prae-

403 690 580 724 sentatura,
599 685 739 725 lieentia,
755 686 1028 725 bacculum-catus,
1044 691 1140 729 atque

403 739 454 771 alii
482 739 600 781 gradus
626 739 770 772 consueti
796 739 827 771 in
854 741 945 772 saera
975 739 1140 782 theologia

403 792 505 825 libere
524 797 555 825 et
577 792 662 826 licite
682 793 898 826 conferantur.
926 792 988 826 Nos
1010 792 1139 836 quidem

402 847 519 889 gradus
545 846 582 879 iis
608 857 701 889 pares
736 856 807 879 esse
839 845 983 879 volumus
1016 845 1070 888 qui
1107 845 1137 877 in

403 900 466 933 hoc
490 905 599 933 nostro
625 899 882 943 archigymnasio
909 904 940 932 et
964 898 1137 938 academia,

402 953 565 987 Romanae
582 952 766 996 Sapientiae
784 957 987 995 nuncupato,
1006 951 1139 995 quibus-

401 1017 539 1050 cumque
556 1005 760 1039 scholaribus
778 1005 916 1038 solemni
934 1004 1138 1037 caeremonia

401 1060 542 1094 conferri
568 1061 695 1093 solent:
728 1058 879 1102 idemque
918 1059 980 1091 hoc
1010 1058 1138 1101 privile-

400 1114 488 1155 gium
514 1113 647 1146 omnino
673 1114 779 1146 valere
804 1112 975 1145 statuimus
1008 1112 1039 1144 in
1071 1111 1137 1155 qui-

400 1167 600 1210 buscumque
632 1166 864 1208 insignioribus
898 1165 1081 1198 civitatibus
1107 1170 1138 1198 et

400 1220 492 1260 locis,
510 1220 671 1263 inquibus
685 1220 868 1252 saeculares
884 1219 1028 1259 iuvenes,
1046 1219 1137 1251 theo-

400 1273 525 1315 logicae
552 1273 689 1306 facultati
715 1283 848 1315 operam
875 1271 987 1311 daturi,
1007 1271 1136 1304 scholas

400 1326 527 1360 Ordinis
549 1327 681 1359 fratrum
702 1326 962 1359 Praedicatorum
990 1325 1137 1369 frequen-

401 1387 468 1413 tare
505 1380 748 1423 permittuntur,
786 1379 849 1412 sive
887 1389 1046 1422 pauperes
1073 1378 1137 1411 sive

400 1434 495 1467 etiam
527 1433 639 1467 divites
672 1434 754 1474 sint,
783 1443 863 1477 quos
893 1433 1136 1466 universitatum

401 1487 555 1520 officiales
581 1487 619 1520 ad
645 1487 761 1529 gradus
786 1497 976 1530 promovere
1003 1486 1136 1519 fortasse

400 1540 632 1581 recusaverint,
650 1540 775 1573 etiamsi
796 1540 872 1573 alias
897 1540 929 1572 in
955 1540 1069 1573 iisdem
1088 1541 1136 1573 lo-

401 1594 446 1627 cis
461 1594 609 1637 publicae
624 1593 810 1627 huiusmodi
828 1598 858 1626 et
872 1593 1056 1626 ordinariae
1073 1598 1137 1625 stu-

400 1648 526 1681 diorum
549 1648 774 1680 universitates
792 1648 837 1680 eis
857 1652 999 1690 pateant.
1027 1647 1135 1690 Itaque

399 1707 444 1741 ut,
461 1707 631 1745 postquam
651 1701 748 1734 iidem
767 1702 946 1734 saeculares
964 1705 996 1733 et
1013 1700 1135 1733 externi

399 1755 544 1795 iuvenes,
557 1754 625 1788 sine
640 1754 837 1798 praeiudicio
855 1764 1134 1797 quatumcumque

398 1808 517 1841 iurium
550 1808 628 1851 ipsis
664 1807 927 1841 universitatibus
969 1807 1007 1839 de
1044 1817 1134 1840 more

398 1862 698 1905 persolvendorum,
721 1871 737 1894 a
762 1872 824 1904 qua
842 1859 1003 1894 solutione
1022 1860 1134 1893 divites

399 1915 493 1947 eximi
514 1925 577 1948 non
597 1915 725 1954 debent,
747 1915 785 1946 ad
812 1914 872 1946 iam
892 1913 992 1946 dictos
1018 1913 1134 1956 gradus

397 1967 533 2001 solemni
560 1969 764 2001 caeremonia
790 1967 915 2011 probati
943 1978 977 1999 ac
994 1966 1133 2010 promoti

398 2021 528 2061 fuerint,
548 2021 585 2055 de
612 2021 724 2054 eadem
751 2031 783 2054 re
805 2031 840 2053 ac
865 2021 1016 2054 facultate
1042 2030 1135 2063 prae-

397 2076 515 2117 legere,
541 2074 714 2118 disputare,
741 2084 777 2107 ac
801 2074 882 2108 alios
914 2084 1134 2117 quoscumque

398 2133 487 2160 actus
513 2128 551 2160 ad
577 2127 607 2160 id
634 2127 836 2160 necessarios
869 2127 991 2171 ubique
1028 2127 1133 2159 facere

397 2181 545 2224 possint,
573 2181 788 2224 omnibusque
814 2186 845 2214 et
869 2181 1007 2224 singulis
1036 2180 1134 2224 privi-

397 2235 500 2278 legiiS,
525 2235 771 2278 praerogativi&
790 2234 1059 2275 immunitatibus,
1079 2245 1132 2267 er-

398 2288 626 2331 emptionibus,
645 2288 860 2327 libertatibus,
884 2288 1133 2330 praecedemus,

398 2341 567 2381 favoribus,
593 2341 705 2384 gratiis
730 2347 761 2374 et
785 2341 918 2374 indultis
944 2341 1009 2381 uti,
1036 2342 1131 2384 potiri

398 2400 430 2426 et
454 2395 595 2436 gaudere
621 2393 755 2436 possint,
782 2394 898 2437 quibus
923 2393 976 2427 alii
1002 2394 1132 2437 praevio

398 2448 544 2489 diligenti
572 2448 717 2481 examine
744 2447 774 2480 in
800 2448 980 2481 studiorum
998 2458 1132 2491 genera-

398 2501 474 2533 lium
515 2501 775 2534 universitatibus
816 2501 901 2534 inxta
944 2502 1129 2535 earumdem

982 210 1159 235 BULLARIUM
1184 209 1338 235 ROMANUM

1186 260 1422 303 modocumque
1441 264 1584 301 utuntur,
1602 259 1772 303 potiuntur
1797 265 1829 294 et
1848 272 1920 304 gau·

1186 313 1274 352 dent,
1302 313 1333 345 in
1360 312 1509 345 omnibus
1541 318 1571 345 et
1603 323 1661 356 per
1692 313 1808 354 onmia,
1833 314 1922 348 nullo

1186 376 1317 409 prorsus
1342 365 1539 405 discrimine,
1572 376 1608 398 ac
1641 366 1666 398 si
1700 367 1818 409 gradus
1848 378 1922 401 suos

1186 419 1217 451 in
1243 419 1381 462 publicis
1407 418 1682 459 universitatibus,
1703 424 1733 452 et
1751 430 1814 452 non
1831 420 1921 461 alibi,

1184 472 1384 516 accepissent
1411 472 1493 515 (hac
1517 473 1581 504 una
1607 472 1639 504 in
1660 482 1703 512 re,
1722 472 1747 505 si
1765 478 1795 506 et
1813 478 1924 516 quate-

1186 536 1243 559 nus
1269 536 1407 569 unquam
1434 526 1566 558 fortasse
1583 535 1664 568 opus
1683 531 1777 567 esset,
1795 531 1924 570 propte—

1185 590 1238 612 rea
1275 579 1466 621 derogantes
1507 577 1730 612 constitutioni
1767 584 1919 620 nostrae,

1184 632 1311 675 pridem
1337 631 1464 672 editae,
1491 642 1574 674 quae
1608 631 1722 674 incipit
1757 632 1922 666 Romanus

1185 686 1269 718 Pon!
1275 685 1338 728 ifex
1348 686 1371 728 ),

1230 739 1244 781 ἓ
1269 738 1300 771 3.
1323 739 1512 771 Praesentes
1530 748 1659 782 quoque
1685 737 1816 778 litteras,
1837 744 1868 772 et
1890 738 1920 772 in

1184 845 1272 878 nullo
1299 855 1440 888 unquam
1463 850 1610 888 tempore
1636 845 1675 877 de
1699 845 1923 888 subreptionis

1183 898 1230 930 vel
1257 897 1461 940 obreptionis
1487 903 1540 930 aut
1572 897 1729 930 nullitatis
1762 898 1838 931 vitio
1871 899 1921 932 vel

1183 951 1371 984 intentionis
1407 956 1548 991 nostrae,
1577 950 1672 984 etiam
1697 961 1733 983 ex
1759 962 1798 984 eo
1835 952 1920 996 quod

1183 1015 1305 1044 causae,
1331 1009 1468 1047 propter
1503 1014 1581 1047 quas
1617 1005 1692 1038 illae
1724 1006 1917 1047 emanarint,

1182 1068 1289 1091 coram
1308 1057 1401 1091 nobis
1421 1058 1471 1090 vel
1492 1057 1567 1090 alibi
1590 1057 1754 1099 adductae,
1781 1058 1920 1093 verifica·

1183 1118 1231 1144 tae
1250 1117 1280 1144 et
1295 1110 1498 1152 iustificatae,
1514 1121 1548 1143 ac
1570 1110 1766 1155 quicumque
1780 1111 1812 1144 in
1830 1123 1921 1156 prae-

1181 1165 1284 1198 missis
1309 1170 1340 1198 et
1365 1165 1448 1197 circa
1473 1175 1509 1198 ea
1533 1164 1690 1198 interesse
1716 1165 1920 1209 quomodoli-

1181 1219 1235 1251 bet
1260 1218 1417 1252 habentes
1434 1229 1489 1251 sen
1508 1218 1632 1251 habere
1652 1219 1917 1262 praetendentes,

1180 1272 1217 1304 ad
1244 1271 1275 1304 id
1301 1271 1401 1305 vocati
1432 1277 1465 1304 et
1496 1271 1595 1304 auditi
1633 1282 1698 1305 non
1733 1272 1861 1314 fuerint,
1887 1279 1919 1307 et

1180 1335 1375 1358 eonsensum
1399 1335 1492 1358 suum
1518 1325 1640 1359 eisdem
1666 1336 1731 1358 non
1749 1326 1919 1369 praestitea

1181 1378 1255 1418 rint,
1270 1383 1323 1411 aut
1340 1378 1451 1421 quovis
1469 1377 1532 1412 alio
1551 1379 1753 1421 quantumvis
1770 1379 1919 1413 substan-

1182 1432 1245 1465 tiali
1279 1432 1405 1466 defectu
1439 1432 1575 1465 fortasse
1607 1433 1814 1474 laborarent,
1853 1433 1918 1468 sive

1180 1486 1274 1519 etiam
1300 1496 1336 1519 ex
1364 1497 1401 1519 eo
1428 1486 1516 1530 quod
1542 1485 1573 1518 in
1595 1486 1641 1519 eis
1668 1486 1913 1529 solemnitates,

1179 1550 1215 1573 ac
1233 1539 1361 1583 quaevis
1380 1539 1441 1572 alia
1459 1539 1616 1572 servanda
1642 1544 1673 1572 et
1698 1539 1915 1584 adimplenda,

1179 1599 1303 1626 servata
1334 1597 1365 1626 et
1397 1592 1571 1636 adimpleta
1602 1603 1668 1626 non
1701 1592 1839 1634 fuerint,
1865 1599 1918 1627 aut

1180 1658 1215 1679 ex
1249 1656 1453 1692 quocumque
1489 1646 1552 1679 alio
1585 1646 1689 1690 capite
1721 1647 1770 1679 vel
1806 1649 1913 1688 causa,

1179 1699 1274 1733 etiam
1295 1699 1499 1742 quantumvis
1521 1698 1676 1742 legitima,
1693 1700 1777 1732 iusta
1795 1704 1827 1733 et
1850 1700 1913 1744 pri-

1179 1752 1344 1795 vilegiata,
1380 1763 1526 1796 quaeque
1563 1753 1602 1785 ad
1638 1753 1670 1785 id
1707 1753 1917 1796 exprimenda

1179 1812 1276 1846 essct,
1302 1816 1452 1849 expressa
1476 1816 1541 1839 non
1567 1806 1669 1846 fuerit,
1703 1806 1820 1847 notari,
1858 1807 1916 1840 im-

1178 1860 1328 1904 pugnari,
1354 1859 1532 1900 invalidari,
1566 1860 1597 1893 in
1632 1861 1681 1893 ius
1714 1861 1761 1894 vel
1787 1867 1917 1895 contro-

1179 1913 1313 1947 versiam
1349 1912 1466 1953 vocari,
1501 1913 1541 1946 ad
1577 1913 1659 1946 viam
1692 1919 1724 1947 et
1760 1914 1914 1948 terminos

1179 1967 1254 2000 iuris
1279 1967 1399 2007 reduci,
1425 1971 1477 1999 aut
1513 1967 1545 1999 in
1581 1967 1651 2000 illas
1686 1968 1914 2013 quodcumque

1177 2020 1256 2053 iuris
1281 2021 1330 2053 vel
1356 2020 1428 2052 facti
1454 2020 1644 2061 remedium,
1671 2025 1725 2053 aut
1750 2021 1816 2054 oris
1841 2031 1916 2066 ape-

1178 2074 1252 2107 ritio
1277 2073 1458 2117 impetrari,
1477 2084 1583 2117 neque
1609 2074 1680 2107 illas
1705 2075 1763 2108 sub
1788 2075 1915 2119 quihus·

1177 2127 1222 2160 vis
1248 2127 1402 2160 similium
1430 2127 1477 2160 vel
1504 2127 1710 2160 dissimilium
1735 2128 1913 2171 gratiarum

1179 2180 1448 2222 revocationibus,
1485 2181 1767 2224 suspensionibus,
1803 2181 1913 2216 limita·

1178 2234 1331 2275 tionibus,
1360 2234 1638 2277 derogationibus,
1663 2241 1717 2268 aut
1747 2235 1816 2269 aliis
1841 2247 1913 2270 con-

1178 2288 1284 2321 trariis
1303 2287 1573 2332 dispositionibus
1590 2289 1826 2332 comprehendi
1843 2298 1914 2334 pos-⁴

1177 2340 1256 2382 se¹3
1294 2342 1350 2374 sed
1387 2351 1515 2385 semper
1550 2342 1655 2386 excipi
1680 2342 1838 2384 debeant,
1865 2349 1910 2385 et,

1176 2394 1444 2438 quotiescumque
1480 2395 1721 2437 emanaverint,
1759 2396 1852 2430 toties
1878 2397 1911 2431 in

1176 2449 1345 2493 pristinum
1372 2455 1404 2482 et
1428 2449 1658 2483 validissimum
1683 2455 1799 2484 statum
1824 2451 1911 2485 resti-

1176 2507 1270 2543 tutas,
1295 2502 1455 2546 repositas
1481 2507 1512 2536 et
1535 2503 1683 2546 plenarie
1715 2503 1909 2547 integratas,

396 2554 496 2596 teges,
514 2555 744 2595 ordinationes,
760 2564 845 2595 usuS,
863 2555 942 2588 ritus
964 2560 995 2588 et
1013 2565 1130 2597 mores,
1174 2567 1210 2590 ac
1235 2557 1274 2590 de
1300 2566 1385 2590 novo
1411 2556 1507 2590 etiam
1539 2556 1598 2590 sub
1627 2567 1830 2602 quacumque
1854 2569 1909 2603 po-

397 2607 435 2641 dc
459 2607 528 2641 iure
553 2609 601 2641 vel
627 2609 869 2651 consuetudine,
888 2613 941 2642 aut
957 2609 1035 2643 alias
1053 2619 1130 2653 quo-

1210 2619 1221 2646 1
1243 2617 1309 2646 Mate
1325 2617 1389 2646 edit.
1410 2617 1491 2647 Main.
1512 2617 1578 2655 legit
1591 2618 1704 2659 possint
1723 2618 1762 2655 (a.
1778 2619 1829 2656 12).

1925 213 1979 240 An.
1996 213 2025 241 C.
2049 214 2115 244 ¹733

2004 753 2115 773 clausula·

2015 783 2114 800 ὕυΙΙᾸῑΙΙΙΙ·

1185 791 1231 824 eis
1264 796 1415 824 contenta
1448 797 1478 825 et
1509 802 1659 835 expressa
1686 802 2116 835 quaecumque,nune-upwear-

1933 835 2013 856 mutes.

1932 779 1986 799 tinne
