2182 3137
56 261 107 292 An.
123 259 153 288 C.
176 258 243 287 ¹732

83 695 166 717 statuta
178 701 241 722 quae-

58 723 107 744 dam
116 723 242 743 reseruntur.

887 257 1029 281 CLEMENS
1054 257 1098 281 KH
1123 258 1174 282 PP.

253 308 483 343 resolutionem
498 308 664 341 novissimi
681 306 812 351 capituli
832 307 995 348 generalis

253 362 397 396 eiusdem
435 362 563 396 Ordinis
607 362 638 394 in
677 361 806 394 civitate
843 360 997 392 Mediola-

252 415 343 448 nensi
370 426 455 448 anno
481 425 644 449 nnecxxix
667 413 841 452 celebrati,
862 413 892 444 in
913 413 995 455 capi-

253 470 320 502 tulo
345 469 533 513 provinciali
568 467 754 512 provinciae
788 466 996 498 Granatcnsis

253 523 328 555 dicti
344 522 472 555 Ordinis
490 521 604 555 habito
619 522 671 554 die
689 532 726 554 xx
748 520 821 552 maii
838 529 994 558 ninccxxx,

253 575 417 608 communi
450 585 614 608 consensu
649 574 823 612 vocalium,
850 572 996 604 nemine-

254 639 315 672 que
330 629 549 672 discrepante,
570 628 653 660 inter
670 627 731 660 alia
750 631 903 659 statutum
927 625 995 663 suit,

254 687 288 714 ut
312 692 424 715 omnes
450 686 631 714 conventus
656 679 845 723 provinciae
872 678 997 721 praeta-

256 740 323 775 tae,
348 736 439 768 nullo
466 740 623 778 excepto,
651 732 780 766 nonnisi
808 737 902 764 cantu
929 741 998 773 gre-

257 789 395 831 goriano
421 794 591 821 uterentur
623 787 654 819 in
687 786 804 819 divinis
829 785 944 818 officiis
970 788 999 817 et

255 842 371 875 missac
384 842 551 875 sacrificiis
571 842 764 874 solemniter
781 839 997 878 celebrandis,

256 896 386 939 duoque
425 896 632 938 erigerentur
668 899 721 926 ant
756 893 999 926 destinarentur

255 954 435 982 conventus
462 948 563 992 ipsius
589 947 797 991 provinciae,
825 946 855 979 in
883 946 998 989 quibus

255 1002 402 1045 religiosi
430 1002 616 1042 studentes,
641 1007 713 1044 post
738 1011 906 1034 emensum
934 1000 1000 1032 sru—

256 1061 365 1089 ctuose
385 1055 560 1089 triennium
581 1054 697 1088 studii¹
719 1055 905 1096 theologiae
932 1064 999 1086 mo-

256 1110 334 1142 ralis
352 1110 524 1153 practicae,
540 1109 634 1142 sicuti
655 1109 715 1142 iam
735 1109 773 1141 ab
789 1108 902 1141 cadem
917 1107 998 1140 Sede

256 1162 289 1195 in
317 1163 427 1205 regnis
453 1162 681 1206 Hispaniarum
709 1161 899 1205 dispositum
928 1167 960 1193 et
984 1171 1000 1193 a

256 1216 434 1250 venerabili
461 1217 560 1250 fratre
599 1215 849 1259 archiepiscopo
883 1215 1000 1247 Panor-

256 1270 400 1310 mitano,
428 1275 503 1303 tune
529 1269 685 1313 temporis
718 1269 866 1301 ministro
900 1278 1000 1311 gene-

257 1323 316 1357 rali
343 1324 496 1367 praedicti
523 1323 664 1363 Ordinis,
691 1323 742 1356 die
770 1333 819 1355 xix
847 1321 999 1355 februarii

257 1387 432 1412 mnecxxvtt
450 1379 556 1422 palam
576 1377 731 1410 indictum
749 1377 846 1409 suerat
864 1387 870 1416 ;
888 1375 999 1419 sicque

258 1437 291 1465 et.
306 1441 370 1465 non
390 1432 484 1465 aliter
510 1431 605 1464 iidem
631 1431 799 1464 studentes
822 1429 852 1462 in
872 1429 1001 1472 provin-

259 1485 330 1518 ciali
350 1486 398 1518 vel
425 1485 620 1518 intermedio
641 1485 782 1528 capitulo
802 1483 906 1516 dictae
928 1493 1002 1526 pro-

257 1538 393 1578 vinciae,
409 1538 539 1582 praevio
558 1543 711 1572 accurato
731 1537 890 1578 examine,
910 1536 999 1570 verbi

258 1591 313 1625 Dei
340 1592 584 1636 praedicatores
617 1597 648 1625 et
679 1591 892 1624 saecularium
926 1600 1003 1623 con·

259 1645 387 1678 sessarii
413 1645 535 1678 institui
562 1646 725 1685 valerent.·,
749 1645 779 1677 in
802 1654 1001 1687 unoquoque

259 1698 336 1732 vero
369 1709 385 1732 e
411 1698 563 1742 praefatis
601 1698 729 1730 duobus
762 1697 999 1736 conventibus,

259 1751 449 1793 huiusmodi
477 1751 595 1785 studiis
634 1751 824 1791 destinatis,
851 1750 1001 1783 constitui

260 1807 414 1850 nequiret
428 1805 489 1838 nisi
516 1815 599 1838 unus
626 1806 741 1845 lector,
760 1805 811 1848 qui
832 1810 926 1837 antea
945 1814 1003 1848 per

260 1859 387 1903 aliquot
410 1869 514 1892 annos
550 1858 747 1901 theologiam
773 1858 1001 1891 scholasticam

260 1913 392 1957 publice
417 1924 453 1946 ac
479 1912 690 1946 laudabiliter
714 1911 856 1955 legisset,
874 1913 922 1945 vel
943 1913 1003 1945 sal-

261 1973 325 2001 tem
345 1968 508 2011 integrum
535 1966 765 2011 philosophiae
785 1977 913 1999 cursum
936 1977 1004 2010 pcr-

261 2021 408 2061 fecissen
428 2031 464 2054 ac
489 2022 629 2054 lectores
656 2020 814 2054 eiusmodi
841 2030 899 2063 pro
927 2025 1004 2052 tem-

260 2084 340 2118 pore
366 2074 564 2114 existentes,
591 2073 646 2117 qui
684 2073 858 2106 litterarias
884 2072 1004 2106 exerci-

261 2127 401 2161 tationes
427 2127 651 2171 praescriptas
677 2127 912 2170 adimplerent,
944 2126 1003 2158 frui

261 2181 422 2215 deberent
457 2181 635 2225 privilegiis
667 2187 697 2214 et
722 2180 1002 2224 exemptionibus,

261 2235 380 2279 quibus
419 2236 522 2280 ipsius
560 2235 746 2278 theologiae
786 2234 1004 2268 scholasticae

260 2289 399 2323 lectores
424 2289 579 2332 gaudent,
607 2299 671 2322 non
698 2299 801 2327 secus,
821 2298 855 2320 ac
876 2288 900 2320 si
920 2298 1004 2321 eam-

262 2342 336 2376 dem
363 2342 563 2384 theologiam
590 2342 818 2374 scholasticam
846 2347 912 2374 toto
933 2346 1005 2374 tem-

262 2405 343 2439 pore
368 2395 406 2428 ad
427 2394 457 2428 id
477 2395 610 2428 definito
636 2395 807 2438 legissent.;
835 2400 1004 2439 praetcrea

262 2449 294 2482 in
322 2448 577 2491 congregatione
610 2459 667 2482 seu
701 2448 843 2492 capitulo
879 2449 1006 2492 provin-

263 2502 335 2535 ciali
362 2501 558 2535 intermedio
585 2502 792 2545 supradictae
819 2502 1004 2545 provinciae

295 2583 305 2608 ¹
321 2581 429 2617 Aliquid
441 2581 527 2616 deest,
540 2588 583 2608 ex.
596 2590 634 2615 g.,
648 2580 800 2616 theologiae
812 2582 1006 2616 speculativae

264 2627 316 2662 (vel
329 2627 538 2662 scholasticae),
555 2626 750 2654 incumberent
770 2635 817 2663 per
833 2635 933 2654 annum
949 2632 1006 2654 stu-

264 2671 319 2705 dio,
336 2676 386 2699 etc.
405 2676 443 2707 (u.
461 2674 510 2709 τ.),

1040 306 1072 338 in
1098 307 1227 339 civitate
1254 306 1444 339 Granatensi
1480 306 1530 339 dic
1561 315 1634 339 xxiv
1661 305 1780 338 mensis

1042 360 1226 392 novembris
1257 360 1404 402 proxime
1438 360 1605 403 praeteriti
1632 364 1776 402 peracto,

1040 413 1182 445 omnium
1219 413 1331 446 itidem
1370 413 1526 446 vocalium
1564 423 1722 446 consensu
1750 418 1781 444 et

1041 465 1213 507 suffragio,
1239 466 1423 498 ordinatum
1452 467 1507 499 suit
1533 471 1567 497 ut
1592 476 1675 498 unus
1702 465 1781 497 eim<-

1041 518 1112 550 dem
1131 518 1317 561 provinciae
1338 525 1513 552 conventus
1528 520 1557 551 in
1574 519 1780 551 seminarium

1040 571 1104 604 sive
1131 572 1363 614 1t11-c›t‘es.<01·ium
1391 573 1613 605 institueietur
1631 584 1665 605 ac
1687 573 1783 615 depu-

1042 631 1183 666 taretur,
1217 636 1281 668 quo
1308 626 1417 658 clerici
1456 627 1559 659 dictae
1597 626 1782 669 provinciae

1042 679 1228 712 immediate
1254 685 1328 722 post
1354 680 1503 712 emissam
1525 679 1564 712 ab
1590 680 1635 712 eis
1661 680 1783 721 regula-

1043 742 1108 764 rem
1134 732 1370 775 professionem
1393 732 1660 765 irremissibiliter
1682 733 1783 765 mitte·

1042 791 1162 826 rentur,
1183 786 1291 828 ibique
1319 796 1377 828 per
1403 797 1500 818 unum
1523 787 1636 819 saltem
1663 797 1783 818 annum

1042 845 1293 882 permanerent,
1321 839 1449 881 linguae
1476 839 1596 872 latinae
1623 845 1653 872 et
1678 839 1782 871 cantui

1043 892 1238 934 gregoriano
1273 892 1418 935 praefato
1452 902 1583 935 operam
1617 892 1782 930 navaturi;

1043 949 1072 979 et
1097 945 1225 979 interim
1260 946 1392 986 omnia,
1420 956 1502 988 quae
1539 946 1675 978 durante
1702 955 1785 977 anno

1043 1000 1247 1043 probationis
1274 999 1526 1033 observaverant
1559 999 1590 1031 in
1616 1000 1783 1037 clausura,

1044 1060 1110 1086 tum
1137 1053 1271 1097 privatis
1293 1064 1363 1086 cum
1386 1052 1527 1096 publicis
1552 1052 1583 1085 in
1611 1053 1787 1085 communi-

1045 1112 1108 1139 tate
1127 1107 1291 1139 cxereitiis
1311 1107 1468 1146 vacando,
1490 1106 1604 1139 codem
1625 1106 1720 1138 modo
1741 1106 1785 1137 sa-

1044 1171 1116 1194 cere
1135 1166 1338 1201 tenerentur,
1356 1166 1455 1203 utque
1471 1160 1627 1202 magister
1645 1160 1787 1192 alumno-

1045 1226 1114 1247 rum
1135 1214 1209 1247 dieti
1236 1214 1399 1247 seminarii
1426 1224 1481 1247 scu
1508 1213 1707 1257 professorii,
1731 1213 1786 1256 qni

1045 1269 1103 1302 rite
1132 1269 1205 1302 illos
1232 1269 1413 1308 docuisset,
1444 1268 1625 1312 privilegiis
1655 1278 1786 1311 qnoque

1045 1329 1076 1355 ct
1101 1322 1360 1365 exemptionibus
1393 1322 1556 1362 magistris
1589 1321 1787 1354 novitiorum

1044 1376 1174 1409 Ordinis
1200 1375 1358 1419 praedicti
1385 1375 1546 1408 attributis
1573 1374 1748 1418 potiretur.

1089 1430 1102 1473 g
1129 1429 1156 1461 02.
1183 1428 1258 1462 Cum
1284 1434 1403 1467 autem,
1421 1429 1502 1461 sicut
1521 1429 1634 1461 eadem
1660 1427 1789 1471 exposi-

1046 1537 1100 1570 nei
1139 1536 1276 1579 gloriam
1311 1546 1347 1568 ac
1372 1535 1538 1568 doctrinae
1566 1541 1596 1568 et
1629 1534 1790 1577 regularis

1046 1590 1238 1634 disciplinae
1256 1590 1288 1622 in
1306 1589 1426 1622 Ordine
1445 1589 1589 1632 praefato
1609 1589 1790 1621 incremen-

1046 1650 1111 1677 tum
1139 1644 1274 1677 tendere
1310 1643 1567 1685 dignoscantur,
1598 1642 1689 1675 nobis
1716 1653 1791 1685 pro-

1046 1703 1157 1741 pterea
1182 1697 1250 1740 ipse
1276 1696 1415 1729 loannes
1453 1695 1601 1728 minister
1627 1694 1789 1737 generalis

1047 1750 1213 1783 humiliter
1249 1748 1426 1793 supplicari
1461 1749 1539 1781 fecit
1575 1754 1608 1781 ut
1634 1749 1688 1781 itta
1714 1758 1791 1791 apo-

1046 1804 1179 1837 stolicae
1198 1802 1456 1837 confirmationis
1474 1808 1605 1835 nostrae
1625 1801 1790 1845 praesidio

1047 1857 1260 1896 communire,
1280 1862 1523 1900 perpetuaeque
1546 1866 1659 1889 eorum
1678 1855 1790 1888 obser·

1046 1912 1172 1945 vantiae
1199 1911 1374 1954 providere
1406 1911 1444 1943 de
1478 1909 1680 1953 benignitate
1715 1920 1791 1952 apo-

1047 1965 1161 1998 stolica
1187 1965 1408 2007 dignaremur.
1429 1963 1492 1996 Nos
1515 1963 1623 2006 igitur,
1643 1963 1789 1995 eiusdem

1048 2019 1177 2052 loannis
1205 2019 1342 2051 ministri
1369 2018 1532 2060 generalis
1565 2017 1645 2050 votis
1672 2017 1731 2049 hac
1759 2016 1790 2048 in

1049 2083 1105 2112 re,
1131 2077 1286 2116 quantum
1322 2082 1394 2103 eum
1432 2070 1568 2103 Domino
1595 2080 1789 2114 possumus,

1049 2125 1271 2158 favorabiliter
1297 2135 1442 2157 annuere
1468 2126 1623 2164 volentes,
1651 2133 1791 2166 eumque

1048 2190 1065 2212 a
1084 2180 1251 2223 quibusvis
1277 2178 1632 2217 excommunicationis,
1659 2187 1793 2220 suspen-

1048 2233 1148 2266 sionis
1166 2239 1197 2267 et
1214 2232 1386 2272 interdicti,
1408 2232 1545 2275 aliisque
1564 2230 1792 2264 ecelesiasticis

1048 2287 1228 2326 sententiis,
1248 2286 1393 2319 censuris
1421 2291 1451 2319 et
1469 2286 1597 2329 poenis,
1618 2296 1634 2317 a
1653 2285 1720 2317 iure
1742 2284 1791 2317 vel

1049 2340 1088 2373 ab
1115 2340 1264 2379 homine,
1292 2338 1402 2383 quavis
1427 2338 1596 2372 occasione
1623 2338 1671 2370 vel
1698 2338 1794 2370 causa

1049 2393 1130 2434 latis,
1151 2394 1176 2426 si
1199 2393 1318 2437 quibus
1345 2391 1594 2436 quomodolibet
1619 2391 1793 2424 innodatus

1050 2447 1179 2487 existit,
1207 2447 1244 2479 ad
1272 2446 1421 2480 etl‘ectum
1458 2445 1677 2488 praesentium
1703 2445 1794 2477 dum-

1051 2506 1134 2534 taxat
1161 2500 1427 2544 consequendum
1448 2499 1561 2531 harum
1585 2498 1669 2531 serie
1689 2497 1794 2531 absol-

1049 2560 1158 2588 ventes
1178 2560 1208 2587 et
1230 2553 1412 2586 absolutum
1441 2553 1507 2585 sore
1533 2557 1714 2592 censentes,
1740 2551 1794 2584 hu-

1050 2608 1190 2641 iusmodi
1227 2606 1519 2650 supplicationibus
1558 2605 1719 2646 inclinati,
1755 2605 1794 2639 de

1050 2662 1285 2697 venerabilium
1305 2662 1434 2696 fratrum
1454 2666 1638 2695 nostrorum
1658 2660 1690 2694 S.
1708 2660 1742 2693 a.
1757 2659 1792 2693 Ε.

1675 245 1740 280 435
1786 256 1838 281 An.
1859 255 1887 281 e.
1909 255 1975 282 1732

1854 1440 1883 1459 Au
1893 1442 1985 1460 -toritato

1800 1471 1826 1491 ap
1839 1467 1921 1486 ›stolii-:⁵
1936 1473 1986 1486 t'uu·

1046 1484 1090 1517 tio
1116 1483 1343 1526 subiungebat,
1367 1482 1543 1526 praemissa
1563 1482 1601 1515 ad
1628 1482 1786 1514 maiorem
1801 1494 1916 1514 arma-tur.
