2182 3137
90 205 142 233 An.
158 205 188 232 C.
212 205 275 232 1731

91 1012 150 1032 naec
165 1017 215 1032 vui-o
232 1011 274 1031 dis-

91 1039 176 1064 pumat-i
211 1044 273 1064 posse

92 1067 186 1090 temporo
226 1065 275 1085 mis·

90 1092 181 1113 stonum.

134 1596 164 1616 De
180 1596 278 1617 interiori

93 1623 266 1644 mortificatione.

95 2505 126 2526 De
144 2505 279 2527 contemnitis

96 2533 251 2559 apiruuatibus.

908 204 1049 229 CLEMENS
1077 207 1119 229 xxi
1144 208 1193 230 PP.

286 254 401 287 sciant.
429 253 559 298 Itaque,
586 254 695 297 quoad
721 257 886 286 externam
912 253 1025 285 morti-

286 306 481 347 ficationem,
505 308 657 340 omnibns
683 306 771 340 seriis
790 305 887 339 sextis
905 310 936 338 ct
957 306 1026 338 sab-

284 360 366 392 batis
401 360 502 393 totius
539 360 613 392 anui
651 359 752 401 (seria
789 363 896 391 autem
934 359 1024 390 sexta

285 413 417 446 maioris
443 413 670 446 hebdomadae
696 423 780 456 pane
806 417 837 445 et
855 413 937 455 aspra
956 421 1026 443 eon-

286 467 390 510 tenti)
417 466 625 500 ieiunabuni:
652 466 798 509 qualibet
816 465 894 498 seria
914 467 1027 507 quarta

285 526 317 553 et
340 522 447 560 sex-ta,
475 525 608 563 totoque
634 519 798 552 Adventus
825 523 856 551 et
887 517 1028 555 Quadra-

285 573 425 615 gesimae
451 578 597 616 tempore
625 573 703 606 seria
734 572 830 604 etiam
862 571 1002 604 secunda
1019 598 1026 610 ,

285 631 358 670 post
392 626 561 659 Rosarium
600 626 632 658 in
669 625 787 658 sacello
824 623 1025 667 congregati,

287 691 418 713 carnem
443 680 580 723 flagellis
607 680 839 719 macembunt,
872 678 934 712 nisi
971 678 1029 711 ali-

287 734 405 778 quibus
431 734 463 766 in
489 733 765 772 solemnitatibus,
786 738 842 766 aut
860 732 921 765 alia
947 732 1029 764 iusta

288 787 327 820 de
353 788 448 820 causa
470 786 502 819 id
527 786 559 819 in
585 786 671 819 aliud
699 796 831 828 praeses
852 790 1030 818 commuta-

289 840 388 874 verit:
416 840 454 873 de
481 839 619 873 consilio
646 844 754 872 tamen
787 838 913 882 proprii
946 838 1030 871 dire-

288 893 405 932 ctoriS‚
432 904 612 937 congruum
640 893 702 925 erit
731 893 809 926 alias
835 903 894 936 pro
927 891 1031 925 euius-

287 957 349 990 que
375 946 497 980 viribus
522 945 788 979 mortificationes
814 955 977 978 exercere.

329 1010 394 1033 xvr.
422 999 584 1042 Tempore
622 1009 700 1032 vero
737 998 928 1031 missionum
958 1009 1030 1041 ope-

285 1053 446 1086 rariorum
473 1052 652 1085 directores
679 1051 934 1085 ministeriorum
962 1051 1031 1084 sati-

288 1106 438 1148 gationes
464 1116 537 1138 cum
571 1105 717 1148 ipsorum
754 1105 875 1137 viribus
911 1115 1032 1148 appen-

289 1160 390 1193 dent:
417 1165 471 1199 et,
507 1159 531 1192 si
561 1158 824 1202 incompatibiles
850 1164 904 1191 aut
941 1159 1031 1191 valde

289 1213 437 1246 difficiles
473 1213 656 1256 praedictas
693 1212 964 1246 mortificationes
999 1213 1031 1244 in

288 1277 322 1300 se
348 1267 399 1300 vel
425 1267 456 1299 in
484 1266 555 1299 aliis
582 1277 653 1299 esse
679 1266 873 1309 repererint,
895 1277 960 1307 eas,
979 1272 1033 1299 aut

288 1322 430 1365 aliquam
458 1332 495 1354 ex
521 1321 576 1359 iis,
600 1321 790 1364 dispensare
824 1331 895 1353 cum
923 1321 1032 1354 debito

288 1374 427 1409 consilio
453 1375 619 1413 valebunt,
646 1380 681 1406 ut
706 1374 748 1406 ita
774 1374 915 1418 operarii
937 1374 1032 1414 vires,

290 1439 372 1471 quas
414 1428 446 1460 in
489 1427 686 1471 dispensantis
727 1427 1032 1461 mortificationibus

289 1481 480 1524 impendere
520 1481 707 1523 debebant,
742 1481 774 1514 in
811 1481 1031 1525 proximorum

290 1536 426 1569 salutem
453 1535 577 1568 avidius
603 1535 767 1568 insumere
792 1536 927 1568 valeant.

333 1599 408 1622 xvn.
437 1588 547 1627 Quoad
586 1589 775 1622 interiorem
812 1589 1034 1622 mortificatio-

289 1653 387 1681 nem,
417 1648 604 1675 nostrarum
640 1643 785 1674 omnium
820 1642 1031 1685 passionum,

289 1706 454 1737 sensuum,
468 1696 757 1740 potentiarumque
776 1696 934 1729 fraenatio
952 1707 1034 1729 sum-

289 1760 426 1794 mopere
444 1754 494 1783 est
510 1751 676 1789 servanda,
696 1760 808 1782 corum
828 1750 1034 1793 operationes

290 1809 322 1837 et
347 1803 593 1844 delectationes,
619 1803 738 1836 nedum
765 1803 896 1835 illicitas
923 1808 955 1835 et
980 1814 1035 1846 pe-

291 1857 465 1897 rieulosas,
490 1866 601 1889 verum
620 1856 716 1889 etiam
728 1861 759 1889 et
772 1856 903 1889 inutiles
922 1856 1034 1900 depel-

292 1910 403 1950 lendo,
429 1915 525 1953 atque
547 1909 664 1942 rationi
687 1915 719 1942 et
736 1909 864 1942 divinae
878 1911 1034 1943 voluntati

292 1963 441 1997 totaliter
466 1963 685 1996 subiiciendo.
713 1962 815 2004 Quam
851 1964 1035 1997 necessaria

291 2017 404 2056 nobis,
433 2016 485 2060 qui
512 2016 615 2049 lesum
642 2016 760 2049 imitari
787 2017 1032 2057 contendimus,

292 2070 336 2103 sit
361 2069 421 2102 ista
447 2069 663 2110 mortificatio,
690 2070 759 2113 ipse
785 2070 960 2114 expressit,
988 2070 1035 2103 di-

290 2133 388 2157 cens:
414 2123 452 2157 Sz'
475 2123 550 2167 quis
574 2123 644 2156 vult
666 2127 735 2166 post
760 2133 806 2156 me
837 2123 956 2163 venire,
983 2123 1034 2156 ab·

290 2181 384 2221 neyet
405 2177 624 2221 semetipsum,
645 2181 673 2209 et
693 2177 785 2210 tollat
803 2187 927 2210 crucem
940 2188 1032 2210 suam

289 2231 458 2275 quotidie,
487 2235 515 2264 et
540 2234 696 2275 sequatur
720 2230 811 2272 me¹;
839 2237 869 2264 et
895 2231 1034 2274 Aposto-

289 2286 353 2326 lus,
379 2285 455 2318 dum
489 2285 547 2318 ait:
582 2284 714 2328 Semper
750 2285 1033 2327 mortificationem

289 2339 365 2373 Iesu
402 2339 438 2371 in
464 2348 593 2381 corpore
627 2342 737 2371 nostro
762 2338 1033 2382 circumferente&

289 2396 326 2425 ut
351 2396 379 2425 et
403 2392 473 2425 vita
498 2392 572 2425 Iesu
596 2392 826 2435 manifestetur
857 2392 893 2425 in
917 2402 1029 2436 corpo-

289 2446 382 2479 ribus
407 2444 562 2478 nostri-5².

333 2509 422 2534 xv111.
457 2499 547 2540 lesu,
586 2500 640 2544 qui
676 2510 747 2533 cum
782 2500 968 2534 doctoribus
998 2500 1030 2534 in

327 2573 338 2599 1
361 2571 436 2606 Luc„
458 2577 505 2605 ix,
527 2570 570 2598 23.

324 2617 340 2645 2
361 2617 507 2651 Corinth„
528 2624 573 2650 IV,
598 2616 638 2643 10,

378 2671 457 2701 Bull.
479 2670 562 2700 Rom.
584 2687 615 2691 —
643 2672 702 2702 t'oc.
722 2670 831 2699 LXIII.
957 2670 991 2700 38

1071 255 1190 297 templo
1220 261 1250 287 et
1284 265 1355 287 cum
1382 254 1550 298 discipulis
1577 265 1674 297 saepe
1711 254 1809 286 disse-

1071 306 1143 345 ruit,
1161 308 1344 349 exemplum
1361 308 1527 348 sectando,
1543 308 1687 350 operarii
1703 308 1809 351 primo

1070 359 1230 402 cuiusque
1264 360 1487 394 hebdomadae
1521 361 1634 394 feriato
1668 361 1743 400 die,
1771 361 1809 393 ab

1072 412 1151 444 bora
1179 413 1322 445 secunda
1347 420 1377 446 et
1403 414 1535 446 dimidia
1552 420 1623 457 post
1642 414 1810 446 meridiem

1071 475 1171 507 usque
1197 465 1237 497 ad
1271 466 1395 498 tertiam
1422 472 1454 498 et
1479 468 1560 499 duos
1594 467 1809 509 quadrantes,

1071 527 1173 560 super
1196 518 1331 550 materia
1356 524 1428 551 octo
1454 525 1527 552 ante
1549 520 1618 552 dics
1648 520 1809 562 assignata

1072 580 1088 602 a
1113 570 1265 613 praeside
1293 575 1358 602 tum
1385 571 1424 603 de
1450 572 1561 605 morali
1589 578 1653 604 tum
1677 573 1714 605 de
1747 584 1811 615 my-

1072 623 1151 656 stica
1183 623 1349 666 theologia
1384 625 1603 657 conserentias
1629 626 1809 665 habebunt,

1073 676 1110 709 ad
1139 687 1217 720 quas
1243 687 1356 710 omnes
1383 677 1568 710 sacerdotes
1599 684 1630 710 et
1661 679 1812 711 ecclcsia—

1073 729 1155 770 stici,
1183 735 1245 763 tam
1272 731 1325 773 qui
1352 731 1390 763 ad
1419 736 1546 773 tempus
1573 732 1604 763 in
1631 732 1810 765 seminariis

1073 794 1132 827 pro
1159 794 1271 816 eorum
1308 784 1523 817 instructione
1557 791 1811 825 commorantur,

1074 848 1169 882 quam
1210 839 1265 881 qui
1301 838 1333 871 in
1374 838 1523 872 domibus
1563 838 1629 870 suis
1669 838 1812 872 viventes

1074 902 1133 935 pro
1160 893 1272 925 eadem
1307 892 1520 925 instructione
1546 892 1720 925 seminaria
1758 893 1815 924 sre-

1075 950 1242 988 quentant,
1269 945 1464 978 intervenire
1490 945 1633 988 possint:
1656 945 1688 977 in
1713 947 1815 978 omni-

1075 999 1133 1031 bus
1166 1004 1272 1031 tamen
1309 999 1470 1031 modestia
1507 999 1709 1042 intentioque
1735 1009 1815 1041 pura

1075 1057 1232 1093 servetur,
1251 1062 1316 1084 non
1336 1051 1522 1095 disputandi
1544 1052 1657 1092 livore,
1676 1052 1732 1085 sed
1750 1063 1816 1085 sco-

1075 1102 1137 1148 po¹
1164 1106 1305 1138 veritatis
1332 1105 1535 1145 inveniendi,
1555 1110 1590 1138 ut
1616 1105 1724 1139 verior
1744 1105 1815 1138 uni-

1077 1158 1276 1202 formiorque
1302 1158 1476 1191 imbibatur
1501 1159 1649 1192 doctrina
1667 1164 1728 1192 tam
1747 1170 1816 1192 mo-

1076 1212 1151 1245 ralis
1188 1213 1220 1245 in
1255 1212 1517 1245 confessionibus
1550 1212 1720 1245 audiendis
1745 1213 1815 1246 sinc

1076 1265 1276 1298 relaxatione
1303 1265 1521 1305 observanda,
1547 1276 1642 1309 quam
1683 1266 1816 1310 mystica

1077 1319 1107 1351 in
1132 1319 1313 1351 animarum
1340 1318 1518 1352 directione
1544 1319 1677 1352 omnino
1702 1330 1816 1353 secura

1078 1373 1227 1406 tenenda.
1255 1372 1397 1415 Singulis
1429 1373 1552 1416 pariter
1577 1373 1608 1404 in
1636 1373 1815 1406 bebdoma-

1077 1427 1125 1459 dis
1153 1427 1231 1460 seria
1256 1429 1343 1459 sexta
1368 1426 1407 1459 ab
1433 1427 1546 1459 eadem
1573 1427 1655 1460 hora
1673 1428 1816 1460 secunda

1077 1492 1147 1513 cum
1174 1480 1307 1513 dimidia
1332 1491 1436 1523 usque
1462 1481 1501 1513 ad
1532 1480 1660 1513 tertiam
1695 1482 1756 1514 soli
1783 1493 1816 1515 o-

1078 1533 1198 1577 perarii
1224 1534 1521 1576 congregalmntur,
1548 1540 1583 1566 ut
1607 1534 1694 1567 inter
1718 1545 1751 1567 se
1778 1536 1816 1567 de

1078 1587 1116 1619 iis
1150 1587 1300 1620 omnibus
1337 1587 1529 1628 conserant,
1554 1598 1637 1631 quae
1673 1589 1816 1621 remedio

1078 1640 1227 1683 indigere
1240 1640 1431 1680 existiment,
1447 1646 1482 1672 ut
1498 1641 1707 1683 provideatur
1729 1642 1819 1685 quid-

1079 1693 1153 1736 quid
1180 1693 1220 1726 ad
1245 1693 1410 1725 seminarii
1430 1693 1578 1736 regimen
1596 1694 1707 1727 utilius
1724 1706 1818 1738 appa-

1079 1753 1171 1789 reat,
1200 1753 1230 1781 et
1255 1748 1292 1781 ad
1320 1748 1589 1781 constitutionum
1626 1749 1816 1791 rigidiorem

1079 1803 1318 1836 observantiam
1358 1802 1639 1845 humilitatemque
1665 1803 1696 1835 in
1719 1804 1818 1835 omni-

1078 1857 1137 1889 bus
1165 1856 1356 1896 fovendam;
1383 1856 1469 1898 quod
1492 1861 1526 1887 ut
1546 1856 1656 1888 utilius
1675 1857 1817 1889 obtineri

1079 1910 1192 1954 possit,
1218 1910 1342 1943 licitum
1366 1910 1540 1953 unicuique
1567 1910 1615 1951 sit,
1643 1916 1674 1943 et
1695 1911 1818 1954 praeci-

1080 1975 1142 2008 pue
1168 1963 1342 1996 correctori
1368 1974 1465 2006 supra
1490 1963 1665 2004 destinato,
1693 1967 1818 1997 summa

1079 2029 1150 2051 cum
1187 2018 1366 2057 modestia,
1392 2017 1590 2050 discretione
1617 2024 1644 2050 et
1672 2018 1816 2051 claritate

1079 2072 1207 2114 aperire
1233 2071 1264 2104 in
1290 2081 1412 2114 genere
1438 2072 1555 2114 lapsus,
1575 2081 1655 2115 quos
1674 2072 1816 2105 remedio

1080 2124 1226 2167 indigere
1253 2124 1452 2166 agnoverint.
1491 2124 1527 2157 Et
1563 2135 1694 2167 praeses
1734 2125 1818 2158 circa

1078 2180 1202 2221 omnia,
1229 2190 1311 2223 (inae
1349 2184 1483 2212 tractata
1509 2180 1629 2212 suerint
1665 2186 1695 2212 et
1720 2191 1817 2223 expo-

1077 2234 1153 2273 sita,
1179 2244 1269 2266 suam
1296 2234 1429 2266 brevem
1456 2233 1675 2266 hortationem
1702 2234 1815 2274 l'aciet,

1077 2292 1122 2328 ut,
1150 2297 1232 2330 quae
1260 2287 1390 2319 decreta
1415 2286 1554 2327 suerint,
1582 2294 1729 2320 accurate
1748 2298 1816 2320 ser-

1077 2346 1204 2372 ventur.
1232 2339 1479 2382 Praefectusque
1506 2344 1672 2372 corrector
1692 2351 1817 2374 memor

1077 2393 1120 2425 sit
1143 2392 1189 2425 sui
1217 2391 1326 2432 officii,
1353 2397 1386 2424 ut
1411 2392 1521 2425 debita
1546 2403 1617 2425 eum
1645 2393 1814 2435 charitate,

1077 2445 1273 2479 discretione
1307 2451 1338 2477 et
1370 2445 1552 2485 modestia,
1578 2451 1724 2490 tempore
1759 2458 1816 2490 op-

1076 2505 1226 2544 portuno,
1253 2504 1378 2532 secreto
1398 2499 1436 2532 de
1458 2500 1640 2533 defectibus
1667 2512 1746 2545 quos
1764 2502 1816 2535 ob-

1075 2553 1251 2588 servaverit
1275 2553 1390 2587 sratres
1415 2564 1490 2587 suos
1515 2559 1658 2588 moneat.

1110 2618 1122 2646 1
1145 2616 1217 2646 Edit.
1237 2616 1317 2647 Μαίη.
1339 2616 1406 2654 legit
1423 2625 1541 2654 scopum
1561 2618 1602 2655 (a.
1617 2619 1667 2654 τ.).

1706 195 1769 229 ⁶297
1817 203 1866 229 An⁴
1886 202 1913 230 c.
1939 202 2002 230 1731
