2182 3137
241 268 288 292 An.
310 266 421 293 (⁷..l'13i

243 1604 411 1624 Detlisliibutio·

229 1638 254 1651 nc
270 1632 392 1656 spoliorum.

230 2584 330 2605 Lecton-ee
342 2590 354 2604 a
367 2586 414 2611 qui·

230 2611 269 2631 aus
285 2611 385 2637 eogendi.

468 258 530 291 572

432 320 479 344 ant
503 316 530 345 in
555 316 657 347 iiim-re
680 317 820 355 defertur,
845 328 878 348 ex
902 328 999 358 panno
1022 320 1097 358 nigri
1121 330 1167 351 co-

432 364 499 393 loris
515 365 620 395 ‹leserri
639 376 721 405 posse
737 368 944 402 concedimus;
962 369 1064 399 subtus
1081 380 1165 399 nemo

431 414 524 442 serius
540 415 595 453 (Ἰ)ι
619 416 779 452 vestiatur,
804 416 857 446 sub
881 420 971 456 poena
996 419 1165 458 privationis

430 463 582 502 utriusque
606 465 682 494 voris
706 466 739 495 ad
763 475 814 495 sex
838 476 964 503 menses,
990 469 1072 497 toties
1095 478 1165 508 quo-

430 512 482 540 ties
506 512 674 542 inobediens
697 520 830 554 repertus
854 516 957 553 suerit·,
982 517 1117 546 interulis
1134 517 1165 546 ti-

430 561 491 589 neis
515 562 554 590 uti
579 563 704 600 possint,
728 568 808 593 extra
832 565 934 594 cellam
952 575 1008 594 non
1029 565 1164 596 incedant

428 610 489 639 sine
514 611 611 640 tunica
629 616 655 641 et
674 613 801 651 caputio,
819 613 887 643 licet
909 614 972 643 sine
994 614 1035 643 eis
1058 614 1163 644 cubare

428 659 548 696 possint3
574 659 715 689 manicam
740 661 889 699 pelliceam
907 662 1013 691 nostris
1033 672 1089 691 non
1114 672 1163 692 ne-

427 716 539 745 gamus,
564 708 611 737 sed
636 709 673 738 sit
696 709 762 738 lanii
785 710 827 739 vel
852 720 947 749 panno
971 711 1054 749 nigro
1073 715 1161 748 tecta3

427 755 609 786 chirothecas
642 767 755 797 quoque
788 758 909 788 modesti
944 759 1059 798 coloris,
1095 760 1161 789 duni

426 804 481 834 iter
503 810 603 844 agunt,
629 808 841 845 permittimus;
866 813 984 838 tonsura
1017 809 1045 838 in
1080 810 1162 839 cleri-

427 854 468 883 cis
491 855 524 884 ad
549 856 668 885 sormam
692 866 815 886 coronae
838 867 893 887 non
918 858 954 887 sit
977 858 1087 888 nudum
1124 858 1162 888 si-

427 913 515 940 gnum
541 905 749 944 monasticum,
770 906 818 935 sed
842 916 895 936 nec
919 906 974 936 talc
997 911 1027 936 ut
1050 916 1161 936 comam

426 952 541 981 nutrire
564 953 727 983 videantur.

488 1001 558 1030 CAP.
575 1001 622 1030 Xl.
645 1019 682 1024 —
706 1002 799 1037 Quoad
821 1004 941 1042 infirmos
963 1008 987 1032 el
1009 1004 1096 1043 spolia

694 1053 892 1082 decedentium.

464 1108 483 1128 1.
518 1099 571 1129 Ubi
595 1110 609 1129 e
632 1101 740 1130 nostris
773 1102 839 1140 quis
870 1102 1047 1140 infirmatur,
1083 1103 1161 1132 illico

425 1148 505 1186 prior
527 1148 580 1178 sub
603 1150 696 1188 poena
732 1150 904 1189 privationis
940 1151 1029 1180 officii
1061 1152 1160 1182 sedulo

424 1201 506 1226 curet
530 1201 560 1227 ut
592 1197 621 1227 in
645 1198 856 1229 valetudinario
879 1204 985 1229 cuncta
1019 1200 1061 1230 illi
1094 1200 1162 1230 sub-

424 1245 628 1276 ministrentur
650 1252 812 1287 opportuna
837 1253 894 1278 tam
918 1249 948 1279 in
972 1250 1088 1279 animae
1104 1251 1162 1289 spi-

423 1294 528 1324 rituale
544 1295 729 1331 benesieium,
748 1307 833 1336 quam
851 1307 903 1337 pro
922 1299 1051 1338 eorporis
1068 1299 1161 1329 salute

422 1345 644 1383 recuperanda,
678 1350 707 1375 et
729 1346 846 1385 quidem
883 1357 917 1376 ex
950 1347 1035 1377 bonis
1068 1347 1161 1387 ipsius

423 1397 593 1431 conventus,
618 1394 640 1423 si
663 1395 844 1425 convaluerit
872 1400 899 1425 et
933 1397 1021 1426 suerit
1052 1396 1091 1426 ibi
1126 1397 1160 1426 de

423 1441 549 1480 familia,
573 1442 597 1471 si
620 1452 687 1472 vcro
710 1443 749 1473 ibi
773 1444 940 1475 morabatur
977 1450 1007 1474 ut
1035 1445 1158 1485 hospes,

422 1500 455 1520 ex
478 1490 561 1520 bonis
576 1497 736 1522 conventus
759 1502 828 1524 suae
851 1494 1056 1533 assignationis
1073 1504 1087 1524 a
1104 1504 1160 1534 quo

421 1539 605 1569 discesserat.

459 1597 490 1617 11.
513 1588 542 1618 Si
566 1598 632 1618 vero
655 1590 728 1620 mori
751 1591 906 1629 contigerit
939 1592 967 1622 in
1002 1597 1158 1632 conventu,

421 1637 504 1666 cuius
526 1647 583 1667 non
606 1643 668 1668 erat
692 1639 780 1675 fitius,
805 1644 874 1669 tunc
897 1650 931 1670 ex
962 1641 1025 1671 eius
1055 1643 1158 1681 spolio⁷

421 1685 445 1715 si
467 1686 553 1722 adsit,
577 1692 751 1726 conventus,
776 1689 805 1718 in
829 1698 886 1727 quo
911 1690 1047 1729 moritur,
1066 1695 1160 1720 sumat

422 1734 563 1773 quidquid
586 1735 756 1774 expenderit
778 1746 831 1775 pro
859 1737 964 1767 ultima
992 1740 1055 1767 eius
1079 1739 1160 1768 insir-

424 1783 523 1812 mitate
536 1788 564 1813 et
577 1784 690 1822 sunere,
704 1789 732 1814 et
744 1786 888 1825 reliquum
905 1786 990 1816 detur
1012 1787 1158 1825 integrum

422 1833 578 1862 conventui
601 1833 760 1863 filiationis.

461 1890 501 1910 ni.
525 1882 554 1911 Si
576 1891 644 1912 vero
668 1882 772 1913 obierit
789 1883 817 1913 in
835 1884 961 1924 hospitio
984 1885 1157 1925 Lauretano,

422 1929 450 1958 in
474 1940 530 1969 quo
552 1935 614 1961 erat
635 1931 670 1961 de
699 1932 831 1970 familia,
856 1933 880 1963 si
915 1933 989 1963 adsit
1012 1935 1135 1974 spolium
1150 1958 1157 1972 ,

421 1978 547 2018 demptis
568 1990 602 2010 ex
625 1990 657 2010 co
686 1982 822 2020 expensis
856 1991 907 2021 pro
942 1983 1046 2012 ultima
1079 1983 1159 2013 intir-

422 2029 522 2058 mitate
545 2034 572 2060 et
595 2030 707 2069 sunere,
741 2031 888 2061 dividatur
920 2041 971 2071 pro
1004 2033 1158 2063 medietate

422 2077 499 2107 inter
527 2077 686 2118 hospitium
720 2083 748 2109 et
780 2084 955 2110 conventum
987 2081 1156 2120 filiationis;

421 2125 508 2165 idque
530 2127 596 2166 quia
621 2129 783 2167 praefatum
806 2128 966 2168 hospitium
989 2139 1074 2170 saepe
1094 2140 1159 2169 gra-

421 2179 506 2203 vatur
528 2184 542 2204 a
566 2177 677 2206 nostris
699 2177 955 2216 peregrinantibus
977 2179 1012 2208 ad
1046 2188 1158 2209 sacram

421 2223 520 2253 AEdem
543 2224 744 2256 Lauretanam.

461 2282 499 2303 iv.
523 2273 638 2304 Nemini
660 2284 694 2304 ex
717 2276 919 2315 superioribus
942 2276 1027 2306 liceat
1048 2277 1158 2316 aliquid

421 2332 454 2351 ex
477 2323 577 2361 spoliis
592 2323 793 2354 decedentIum
810 2325 965 2364 accipere3
989 2326 1043 2355 soli
1062 2330 1158 2356 tamen

423 2371 557 2401 ministro
581 2373 712 2410 generali
735 2373 909 2412 permissum
932 2374 969 2404 sit
994 2374 1028 2405 de
1058 2384 1158 2405 eorum

422 2421 513 2458 parva
535 2420 635 2459 aliqua
656 2423 819 2460 quantitate
850 2422 1005 2462 disponere
1037 2423 1067 2453 in
1100 2424 1158 2454 evi-

423 2468 538 2498 dentem
562 2468 679 2500 Ordinis
701 2470 869 2501 utilitatem.

472 2517 540 2548 CAP.
564 2518 623 2548 ΧΠ.
650 2538 682 2541 —
709 2518 803 2555 Quoad
824 2521 914 2550 studia
936 2521 1105 2551 scholastica.

462 2574 481 2595 1.
506 2566 640 2597 Lectores
656 2567 855 2608 philosophiae
871 2568 915 2598 vel
932 2578 1031 2599 sacrae
1051 2570 1160 2600 theolo-
1202 2579 1270 2608 gere
1292 2569 1347 2600 sibi
1370 2574 1556 2607 conventum,
1580 2569 1629 2600 uhi
1659 2570 1813 2610 aliqualem
1844 2571 1937 2601 samu-

424 2615 497 2653 gine,
521 2625 552 2645 ac
574 2621 718 2655 regentes,
742 2626 756 2646 a
780 2617 842 2647 solo
875 2618 1010 2648 ministro
1032 2619 1159 2657 generali

460 2670 470 2694 1
494 2667 592 2696 Forsan
614 2670 713 2698 sericis
732 2671 769 2705 (n.
787 2672 836 2704 τ.).

1015 271 1196 296 numanum
1220 273 1375 298 ROMANUM

1955 279 2002 306 An.
2024 279 2053 307 C.
2070 280 2155 323 ¹732}

1316 1495 1449 1525 Lectores
1483 1495 1682 1535 philosophiae
1719 1499 1747 1525 et
1780 1495 1940 1534 theologiae
1950 1504 2135 1553 dssfi'tii‘iiaaf‘m

1987 1540 2010 1552 ιἸ
2072 1539 2075 1543 ’
2088 1547 2094 1553 ι

1208 322 1274 360 eligi
1299 323 1408 362 possint
1432 323 1475 353 vel
1499 323 1614 363 deponi,
1639 324 1677 355 ita
1701 329 1728 355 et
1744 334 1844 356 eorum
1863 326 1945 357 scho-

1208 371 1296 409 lares,
1320 372 1368 411 qui
1392 372 1469 411 illis,
1494 374 1587 412 quoad
1611 383 1642 404 ea
1666 384 1739 414 quae
1762 376 1854 405 studia
1878 386 1944 406 con-

1208 425 1354 458 cernunt,
1379 420 1511 457 subsint3
1536 422 1624 452 immo
1646 423 1802 462 congruit,
1826 433 1861 453 ne
1895 434 1944 454 eos

1210 469 1300 507 prior,
1325 469 1393 498 dum
1416 471 1510 499 studia
1533 476 1601 500 sunt
1625 476 1735 510 aperta,
1759 482 1773 502 e
1797 478 1943 503 conventu

1208 518 1285 547 exire
1310 518 1455 556 permittat
1477 519 1540 548 sine
1563 519 1679 549 illorum
1703 520 1833 550 licentia.

1246 576 1275 596 n.
1300 568 1399 597 §tutha
1426 568 1597 598 scholastica
1622 569 1792 608 aperiantur
1821 574 1884 610 post
1906 571 1945 601 se·
1966 577 2070 607 fitemini«
2086 584 2137 605 «ψο-

1206 620 1282 645 stum
1300 616 1466 646 Nativitatis
1483 619 1517 646 Β.
1535 617 1640 647 Mariae
1662 617 1800 657 Virginis,
1818 623 1846 649 et
1865 606 2037 652 clau-iii·¹1'1'.ms
2055 606 2155 642 ”uum-3³

1206 664 1310 694 dantur
1333 669 1396 704 post
1420 674 1547 695 mensem
1570 667 1653 702 iunii;
1676 666 1725 695 ubi
1755 671 1851 697 autem
1874 677 1943 698 usus
2144 675 2156 701 ,ἰ

1204 713 1337 751 invaluit,
1363 718 1393 742 ut
1416 723 1514 743 mense
1533 714 1683 744 novembri
1699 715 1791 745 studia
1811 718 1943 755 aperian-

1206 765 1270 798 tur,
1296 766 1365 791 tunc
1396 764 1511 792 nonnisi
1543 767 1606 801 post
1629 763 1735 793 festum
1760 764 1942 805 Assumptio-

1205 812 1249 840 nis
1271 812 1306 839 B.
1330 810 1366 840 M.
1391 811 1423 840 V.
1448 811 1634 842 clauduntur.
2151 826 2155 866 l

1243 868 1283 889 111.
1303 860 1374 889 Dum
1397 860 1492 890 studia
1515 865 1582 890 sunt
1604 865 1713 900 aperta,
1730 862 1879 893 studentes
1896 862 1942 893 bis
1961 869 2136 893 Assignatiottto-
2153 870 2155 899 ἓ,

1204 911 1314 937 tantum
1332 909 1361 938 in
1385 908 1576 947 hebdomada,
1596 910 1671 940 ultra
1687 911 1789 940 seriam
1806 912 1939 951 quintam
1951 897 2136 944 sslffis'iifiillllh'lssl
2154 911 2156 938 l
2172 931 2173 942 t

1204 965 1219 985 e
1234 961 1378 988 conventu
1400 962 1513 995 exeant,
1538 962 1618 988 extra
1636 963 1730 989 tamen
1747 963 1861 999 tempus
1884 969 1941 999 quo
2143 955 2146 958 ⁴

1204 1005 1358 1035 lectionem
1385 1006 1485 1035 audire
1514 1006 1630 1045 debent,
1655 1011 1683 1037 et
1710 1016 1825 1047 semper
1846 1008 1881 1038 de
1905 1008 1940 1038 li-

1204 1054 1301 1084 centia
1323 1054 1445 1094 prioris:
1469 1055 1594 1085 lectores
1617 1065 1696 1091 vero,
1719 1058 1842 1096 excepta
1864 1058 1941 1097 pari-

1205 1107 1247 1132 ter
1263 1104 1336 1132 seria
1351 1104 1466 1143 quinta,
1484 1108 1511 1133 et
1527 1104 1655 1143 qualibet
1677 1105 1736 1134 alia,
1758 1105 1873 1145 festiva,
1896 1106 1941 1136 bis

1204 1152 1332 1191 quotidie
1361 1153 1514 1182 lectionem
1549 1152 1656 1183 habere
1688 1153 1813 1192 debent,
1837 1164 1941 1194 nempe

1203 1200 1237 1230 (le
1260 1210 1344 1230 mane
1376 1205 1404 1231 et
1436 1205 1500 1240 post
1532 1211 1680 1240 vesperas.
1704 1201 1821 1232 Duobus
1843 1207 1939 1233 autem

1203 1249 1303 1279 saltem
1338 1250 1536 1279 hebdomadae
1568 1250 1671 1280 diebus
1704 1254 1767 1290 post
1804 1260 1940 1291 vesperas

1204 1298 1265 1328 loco
1288 1299 1422 1329 lectionis
1445 1299 1562 1329 insimul
1586 1300 1760 1329 conveniant
1789 1300 1940 1331 studentes

1203 1359 1268 1378 cum
1302 1349 1462 1379 lectoribus
1493 1359 1526 1379 ac
1557 1353 1694 1388 regente,
1729 1354 1757 1380 et
1789 1350 1940 1389 disputent

1203 1407 1290 1438 super
1308 1398 1342 1428 iis
1364 1408 1438 1438 quae
1461 1398 1497 1428 ab
1520 1399 1577 1428 illis
1600 1399 1758 1429 audierunt
1780 1399 1809 1428 in
1832 1398 1941 1429 hebdo-

1204 1447 1299 1476 matta.

1243 1504 1281 1524 iv.
2150 1526 2153 1531 ,

1203 1553 1270 1574 suos
1292 1544 1456 1574 doctrinam
1479 1544 1594 1574 Ioannis
1612 1545 1689 1574 Dunz
1704 1544 1794 1583 Scoti,
1810 1544 1940 1575 doctoris

1203 1592 1389 1622 subtilissimi
1411 1602 1444 1622 ex
1468 1592 1577 1623 Ordine
1598 1593 1741 1622 Minorum
1756 1616 1763 1630 ,
1793 1593 1937 1632 doceant,

1204 1651 1326 1681 eamque
1344 1646 1402 1671 tum
1425 1642 1453 1672 in
1471 1642 1593 1682 privatis
1609 1646 1669 1672 tum
1690 1643 1719 1672 in
1736 1642 1861 1682 publicis
1883 1642 1939 1672 dis-

1205 1690 1417 1729 putationibus,
1439 1690 1544 1730 quibus
1568 1696 1717 1730 praesunt,
1743 1695 1937 1731 propugnent,

1202 1749 1286 1769 secus
1317 1740 1459 1770 lectorum
1494 1740 1655 1779 privilegiis
1688 1750 1744 1770 non
1781 1741 1936 1779 gaudeant.

1203 1788 1285 1825 Item,
1309 1789 1333 1818 si
1364 1789 1447 1818 statis
1479 1798 1565 1828 supra
1599 1789 1794 1829 temporibus,
1818 1794 1938 1829 excepto

1202 1837 1447 1876 quadragesimali
1473 1837 1502 1866 in
1521 1847 1577 1876 quo
1600 1838 1789 1876 provincialis
1811 1839 1939 1877 regenti-

1202 1885 1256 1915 bus
1291 1890 1318 1915 et
1354 1885 1512 1915 lectoribus
1547 1886 1712 1916 facultatem
1750 1886 1938 1926 praedicandi

1202 1934 1361 1964 concedere
1379 1934 1480 1974 possit,
1497 1935 1638 1965 lectiones
1654 1935 1783 1974 legitime
1805 1945 1862 1965 non
1885 1935 1940 1965 im-

1202 1983 1291 2022 pediti
1313 1992 1364 2022 per
1385 1983 1531 2021 integrum
1550 1993 1678 2013 mensem
1695 1993 1751 2013 non
1769 1983 1936 2023 habuerint,

1202 2032 1264 2071 ipso
1293 2032 1367 2061 sacto
1389 2031 1424 2061 ab
1446 2032 1542 2062 osticio
1570 2032 1695 2063 lectores
1727 2033 1771 2063 vel
1803 2037 1938 2071 regentes

1202 2080 1336 2119 suspensi
1360 2079 1572 2118 intelligantur,
1596 2080 1706 2120 absque
1738 2090 1789 2120 spe
1821 2081 1940 2111 restitu-

1202 2128 1300 2158 tionis.
1326 2128 1355 2159 Si
1378 2138 1445 2158 vero
1462 2133 1573 2159 tantum
1597 2133 1640 2159 ter
1656 2139 1707 2169 per
1729 2129 1938 2160 hebdomadam

1201 2186 1249 2206 cas
1265 2177 1429 2215 omiserint,
1447 2177 1631 2216 corrigantur
1647 2187 1660 2208 a
1679 2178 1783 2218 priore,
1800 2178 1860 2218 qui,
1883 2178 1937 2209 sub

1202 2227 1297 2265 poena
1317 2226 1489 2266 privationis
1504 2227 1604 2264 officii,
1628 2227 1821 2266 persistentes
1843 2227 1873 2257 in
1887 2236 1939 2257 ne-

1200 2275 1340 2314 gligentia
1375 2276 1518 2306 ministris
1552 2276 1723 2315 provinciali
1752 2280 1780 2306 et
1807 2276 1936 2314 generali

1201 2324 1320 2354 revelet.
1354 2324 1426 2354 Item
1458 2334 1514 2354 non
1548 2329 1726 2364 occupentur
1755 2325 1812 2355 alio
1841 2325 1936 2355 officio

1201 2372 1452 2412 incompossibili,
1477 2373 1557 2403 verbi
1589 2373 1701 2412 gratia,
1725 2383 1783 2403 non
1813 2373 1850 2404 sit
1872 2374 1937 2413 quis

1202 2422 1288 2452 simul
1311 2422 1391 2462 prior
1413 2427 1442 2452 et
1473 2422 1581 2461 lector,
1605 2432 1657 2452 seu
1679 2432 1794 2461 regenS.
1817 2423 1937 2453 Demum

1202 2481 1318 2510 regens,
1335 2472 1384 2511 qui
1407 2481 1458 2511 per
1473 2481 1564 2502 annos
1587 2472 1804 2511 quatuordecim
1822 2476 1937 2503 nostros

1202 2521 1352 2559 erudierit,
1376 2521 1467 2560 possit
1488 2521 1522 2551 de
1544 2530 1688 2551 consensu
1711 2521 1854 2560 generalis
1885 2522 1937 2552 eli·

1202 2620 1292 2650 latum
1325 2619 1429 2650 habeat
1462 2619 1497 2650 ab
1529 2629 1586 2650 uno
1619 2629 1652 2650 ex
1686 2620 1766 2651 laicis
1795 2631 1809 2651 a
1842 2621 1936 2661 priore

1203 2668 1379 2708 deputando,
