2182 3137
186 185 233 210 Αη.
256 185 284 211 (ι.
305 183 370 210 1730
416 174 455 205 2ss

198 1455 306 1480 Expeditne
319 1460 362 1477 ura-

194 1489 238 1501 nu«
262 1488 289 1500 ινι-
310 1487 362 1500 iiam

183 1511 294 1528 secretana.

377 230 656 274 exemptionilms,
699 227 879 269 ceterisque
917 225 1105 269 praemissis

377 293 457 322 (uon
485 289 589 315 tamen
616 281 720 324 quoad
747 279 1029 323 participationem
1056 278 1107 309 ‹to-

375 347 440 367 cem
467 335 599 367 millium
626 338 788 365 scutorum
816 332 884 365 auri
922 330 1105 363 huiusmodi

376 399 432 430 per
448 398 512 426 nos,
528 394 559 418 ιιι
574 396 682 428 supra,
699 384 808 418 dictis¹
829 382 1032 417 conclavistis
1050 382 1107 415 do-

375 446 538 478 natorum,
566 444 596 470 et
630 438 713 470 inter
739 448 812 477 eos,
840 442 874 469 ut
898 435 1104 479 praefertur,

374 492 614 525 distributorum
630 501 685 523 seu
701 488 1017 530 distribuendorum)
1034 493 1107 519 tam·

374 557 467 589 quam
494 543 689 577 conclavista
707 542 766 574 frui
789 547 819 574 et
835 541 978 584 gaudere
1003 541 1106 573 libere

374 603 405 631 et
430 597 515 630 licite
554 596 654 638 possit
685 600 715 628 et
748 595 860 634 valeat,
898 592 1034 636 perinde
1072 602 1108 625 ac

374 649 513 683 conclavi
541 647 722 681 huiusmodi
750 657 822 679 vere
848 651 879 679 et
903 645 1033 678 realiter
1057 644 1106 677 in-

375 702 535 735 terfuisset
560 699 866 743 (constitutionibus,
894 697 1107 731 ordinationi-

374 756 440 793 bus,
465 753 647 796 ceterisque
673 752 868 795 supradictis
887 756 918 783 et
942 750 1013 784 aliis
1032 761 1108 783 con·

375 807 480 841 trariis
513 816 716 849 nequaquam
743 804 973 846 obstantibus),
1001 808 1107 843 motu,

374 860 508 893 scicntia
532 865 561 891 et
580 857 769 891 auctoritate
790 856 961 896 similibus,
980 856 1019 890 de
1037 866 1108 899 spe-

373 913 443 946 ciali
485 912 585 954 gratia
629 911 854 953 indulgemus,
897 909 1008 952 sieque
1049 919 1108 952 per

374 975 593 1009 quoscumque
621 964 754 1003 iudices,
796 962 889 995 etiam
922 961 1108 996 commissa-

375 1019 446 1059 rios,
472 1018 582 1062 (piaris
606 1016 795 1050 auctoritate
823 1015 1010 1058 fungentes,
1033 1015 1107 1047 sub-

374 1072 436 1104 lata
473 1072 518 1104 eis
551 1076 581 1104 et
613 1080 722 1103 eorum
760 1068 893 1101 cuilibet
928 1068 960 1100 in
997 1067 1107 1110 quavis

374 1125 523 1158 instantia
538 1124 628 1157 aliter
649 1122 811 1155 iudicandi
827 1127 857 1154 et
869 1120 1107 1164 interpretandi

374 1179 521 1211 facultate
546 1182 577 1210 et
600 1176 801 1214 auctoritate,
828 1174 963 1207 iudicari
999 1180 1031 1207 et
1056 1174 1106 1207 de-

374 1231 455 1264 liniri
483 1230 610 1270 debere,
639 1228 765 1261 irritum
790 1237 921 1272 quoque
947 1233 978 1260 et
1010 1228 1107 1261 inane

373 1283 529 1327 quidquid
564 1292 656 1315 secus
691 1291 789 1324 super
813 1280 864 1313 his
889 1291 906 1313 a
931 1291 1105 1324 quoquam,

374 1336 483 1380 quavis
508 1335 704 1374 auctoritate,
730 1334 871 1367 scienter
889 1334 938 1366 vel
956 1333 1107 1376 ignoran-

376 1395 443 1429 ter,
470 1388 641 1431 contigerit
666 1387 826 1421 attentari.

417 1444 431 1485 ξ
455 1442 507 1475 13,
534 1442 570 1474 Et
593 1442 728 1485 insuper
753 1441 869 1474 dilecto
894 1440 960 1474 lilio
996 1446 1106 1474 nostro

375 1496 468 1528 Petro
504 1494 534 1528 S.
562 1494 724 1527 Laurentii
749 1494 781 1526 in
811 1493 944 1527 Damaso
982 1503 1108 1526 nuncu-

374 1547 441 1592 pati
467 1547 650 1591 praedictae
677 1546 707 1580 S.
734 1546 771 1579 R.
798 1546 833 1579 E.
861 1546 1016 1579 cardinali
1049 1545 1105 1579 Ot-

377 1601 495 1634 tobono
521 1604 728 1643 nuncupato,
767 1599 911 1632 eiusdem
948 1598 978 1632 S.
1007 1598 1042 1631 R.
1071 1598 1106 1631 E.

375 1652 650 1686 vice-cancellario
680 1658 711 1685 et
743 1652 924 1685 litterarum
958 1652 1110 1695 apostoli-

376 1717 484 1739 carum
517 1707 714 1746 smmnatori,
739 1717 775 1740 ac
807 1706 933 1739 dilectis
959 1705 1031 1738 [iliis
1056 1705 1109 1739 Ca-

377 1771 482 1793 merae
507 1760 710 1803 Apostolicae
728 1760 880 1793 ministris
907 1761 979 1793 loco
1005 1769 1109 1792 secrc-

377 1814 528 1847 tariorum
553 1814 803 1856 apostolicorum
842 1823 1107 1858 suppmssorum,

376 1867 570 1910 praesidenti
596 1867 728 1910 plumbi,
754 1867 888 1911 aliisque
915 1866 1108 1901 officialibus

377 1921 415 1953 ad
442 1931 522 1963 quos
555 1920 730 1953 litterarum
763 1921 981 1964 praefatarum
1018 1921 1110 1954 desu-

378 1984 436 2016 per
460 1973 730 2006 conficiendarum
757 1974 919 2017 expeditio
944 1985 1003 2018 per
1026 1974 1108 2007 viam

377 2031 534 2058 secretam
560 2026 801 2068 quomodolibet
837 2031 962 2069 spectat
986 2032 1018 2059 et
1042 2037 1108 2070 per-

379 2079 466 2118 tinet,
492 2079 550 2111 sub
577 2080 682 2121 poena
718 2079 949 2122 indignationis
981 2085 1108 2113 nostrae

377 2137 463 2164 motu
489 2131 584 2164 simili
610 2137 641 2164 et
666 2143 703 2164 ex
729 2134 815 2164 certa
841 2132 974 2166 scientia
998 2144 1034 2166 ac
1071 2133 1109 2166 de

377 2184 573 2227 apostolicae
600 2185 766 2227 potcstatis
792 2185 993 2228 plenitudine
1029 2186 1110 2229 pari·

378 2237 435 2269 bus
460 2236 556 2269 etiam
583 2237 791 2277 mandamus,
817 2243 848 2269 ut
879 2238 1039 2280 praefatas
1064 2239 1110 2272 lit-

379 2294 462 2321 teras
487 2299 586 2332 super
610 2289 783 2331 praedictis
810 2290 956 2322 omnibus
990 2295 1020 2323 et
1046 2291 1110 2323 sin—

378 2341 470 2381 gulis,
499 2346 558 2373 tam
585 2341 778 2374 coniunctim
805 2352 898 2384 quam
923 2343 1107 2386 separatim,

378 2404 437 2435 pro
463 2393 615 2435 siugulis,
642 2394 757 2437 quibus
784 2404 939 2427 concessa
965 2396 1109 2435 suerunt,

378 2456 414 2477 ac
438 2445 570 2477 seorsim
597 2452 627 2478 et
651 2446 836 2489 separatim,
862 2458 933 2479 cum
959 2448 1110 2480 omnibus

379 2503 410 2530 et
435 2497 685 2541 quilmsfflunque
704 2499 979 2542 derogationibus,
1003 2501 1110 2535 decre·

417 2561 423 2586 1
443 2557 508 2587 Male
524 2559 590 2586 edit.
608 2560 686 2588 Main.
704 2560 768 2596 legit
785 2565 812 2589 ιιι
828 2562 1004 2597 supradictis
1019 2563 1109 2598 (nm).

955 177 1131 202 nULLAmUM
1159 175 1311 200 ROMANUM

1897 175 1945 201 Αιι.
1963 174 1989 201 C.
2014 173 2080 202 ¹730

1151 224 1188 256 tis
1215 231 1244 256 et
1271 222 1424 256 clausulis
1449 222 1480 254 in
1507 222 1554 255 eis
1580 221 1755 262 concessis,
1775 222 1886 265 gratis,

1150 276 1244 309 etiam
1271 275 1376 319 quoad
1414 274 1678 318 compositionem
1705 274 1737 307 in
1764 274 1887 308 Dataria

1150 331 1277 367 nostra,
1304 333 1335 361 et
1369 338 1427 372 per
1452 328 1599 361 eamdem
1626 327 1706 360 viam
1732 332 1887 361 secretam

1149 381 1270 424 absque
1295 380 1359 414 alio
1396 381 1545 414 mandato
1571 380 1744 424 expediant
1779 385 1810 413 et
1834 390 1887 414 ex-

1150 433 1254 477 pediri
1280 433 1410 467 saciant.

1193 487 1208 529 ξ
1234 485 1284 519 14.
1310 486 1446 530 Insuper
1470 487 1579 520 onmia
1603 491 1634 520 et
1667 487 1792 530 singula
1825 486 1885 530 pri·
1909 497 2015 527 *At-amm
2031 503 2080 521 ara-

1150 538 1274 581 vilegia,
1301 538 1417 581 gratias
1443 545 1475 572 et
1498 539 1736 580 concessiones,
1763 539 1886 572 eisdem
1898 526 1974 571 3,ἶῖἶίῗῖ
2004 523 2082 544 ‘mm'

1150 591 1352 625 conclavistis
1379 596 1411 625 et
1436 602 1549 625 eorum
1567 592 1702 626 cuilibet
1717 602 1733 624 a
1751 591 1887 625 diversis

1150 644 1287 678 Summis
1325 645 1478 678 Romanis
1515 645 1721 678 Pontificibus
1756 645 1889 689 praede-

1151 698 1335 731 cessoribus
1372 698 1491 732 nostris
1516 699 1685 742 hueusque
1711 708 1886 738 concessa,

1151 758 1252 791 motu,
1277 752 1413 785 seientia
1439 758 1470 786 et
1487 752 1659 796 potestatis
1685 750 1889 795 plenitudine

1151 805 1310 839 similibus
1336 806 1561 839 confirmamus
1592 811 1623 839 et
1647 805 1886 849 approbamus,

1150 859 1249 892 aede
1285 869 1368 892 novo
1405 858 1630 892 liberalissime
1667 857 1885 891 concedimus.

1194 911 1279 954 §15
1304 911 1373 944 Non
1400 911 1603 944 obstantibus
1628 910 1826 954 praemissis,
1852 920 1888 943 ac

1151 963 1190 996 de
1208 969 1295 996 certo
1314 964 1503 997 eorumdem
1521 963 1723 997 notariorum
1741 972 1887 1003 numero,

1151 1016 1276 1049 etiamsi
1300 1017 1338 1049 ad
1364 1016 1455 1049 illum
1481 1026 1546 1049 non
1570 1016 1612 1048 sit
1643 1017 1826 1057 deventum,
1852 1026 1888 1049 ac

1151 1070 1263 1101 nostra
1278 1074 1308 1101 et
1321 1068 1540 1101 Cancellariae
1556 1069 1761 1112 Apostolicae
1777 1069 1889 1111 regula

1152 1120 1190 1154 de
1210 1121 1407 1165 praestando
1427 1131 1590 1155 consensu
1608 1121 1641 1154 in
1662 1120 1888 1164 pensionibus,

1152 1180 1183 1207 et
1209 1173 1309 1207 felicis
1336 1173 1576 1208 reeordationis
1594 1173 1641 1207 Pii
1659 1173 1718 1207 PP.
1734 1173 1770 1206 IV
1789 1173 1829 1207 de
1848 1173 1890 1207 si-

1151 1227 1280 1260 milibus
1307 1233 1338 1261 et
1363 1227 1571 1261 dissimilibus
1596 1227 1708 1271 gratiis
1741 1227 1773 1260 in
1806 1226 1890 1261 dicta

1151 1281 1283 1315 Camera
1308 1281 1391 1314 infra
1417 1287 1482 1314 tres
1518 1291 1646 1314 menses
1681 1285 1890 1324 praesentan-

1152 1334 1199 1367 dis
1225 1339 1256 1367 et
1281 1334 1507 1377 registrandis,
1545 1344 1581 1367 ac
1605 1333 1651 1366 Pii
1677 1333 1708 1374 V,
1734 1333 1890 1366 Romano-

1152 1397 1221 1420 rum
1247 1386 1438 1420 Pontifieum
1456 1387 1743 1430 praedecessorum
1764 1390 1891 1419 nostro-

1152 1451 1243 1481 rum,
1269 1445 1382 1473 contra
1407 1439 1615 1483 illegitimos,
1639 1449 1769 1473 necnon
1794 1438 1891 1473 Picta-

1152 1493 1258 1527 vensis
1275 1493 1423 1534 Concilii‚
1439 1503 1475 1526 ac
1489 1492 1610 1526 nostris
1628 1491 1889 1527 etCaneellariae

1152 1547 1315 1590 praefatae
1350 1547 1485 1589 regulis,
1512 1546 1605 1579 etiam
1647 1545 1679 1578 in
1714 1545 1890 1579 crastinum

1152 1600 1254 1633 dictae
1279 1599 1508 1643 assumptionis
1542 1604 1675 1632 nostrae
1707 1598 1747 1631 ad
1772 1598 1888 1632 summi

1152 1653 1351 1696 apostolatus
1391 1652 1518 1696 apicem
1555 1652 1649 1685 editis
1674 1658 1705 1686 et
1740 1652 1773 1685 in
1805 1651 1890 1685 dicta

1151 1705 1351 1739 Cancellaria
1376 1704 1558 1748 publicatis,
1585 1715 1619 1738 ac
1644 1705 1741 1738 etiam
1765 1704 1798 1737 in
1823 1704 1890 1737 uni-

1152 1759 1331 1792 versalibus
1372 1764 1403 1791 et
1442 1758 1698 1802 provincialibus
1742 1757 1889 1791 conciliis

1151 1813 1256 1853 editis,
1281 1811 1474 1856 specialibus
1499 1813 1547 1845 vel
1573 1810 1792 1854 generalibus,
1818 1821 1890 1845 con-

1151 1866 1375 1900 stitutionibus
1400 1865 1715 1905 etordinationibus,
1734 1875 1771 1898 ac
1791 1864 1891 1898 eccle-

1151 1919 1282 1959 siarum,
1302 1918 1588 1958 monasteriorum,
1605 1918 1774 1958 Ordinum,
1794 1917 1891 1951 etiam

1151 1972 1182 2006 S.
1221 1972 1349 2006 Ioannis
1385 1971 1688 2015 llierosolymitani,
1721 1981 1757 2004 ac
1793 1971 1891 2005 etiam

1152 2026 1239 2060 urbis
1265 2026 1384 2059 Romae
1410 2036 1446 2059 ac
1471 2025 1606 2058 aliarum
1632 2024 1807 2066 civitatum,
1835 2034 1891 2067 op-

1152 2079 1304 2123 pidorum
1330 2084 1361 2112 et
1388 2084 1546 2112 terrarum
1575 2077 1729 2112 Gamerae
1761 2077 1891 2122 praedi-

1152 2138 1229 2172 ctae,
1250 2137 1281 2165 et
1305 2131 1488 2176 quarumvis
1514 2131 1772 2172 universitatum,
1792 2130 1889 2164 etiam

1152 2187 1345 2226 iuramento,
1372 2184 1616 2218 confirmatione
1634 2184 1826 2228 apostolica,
1839 2184 1890 2218 vcl

1153 2238 1263 2282 quavis
1289 2237 1426 2271 sirintate
1451 2237 1513 2271 alia
1549 2237 1724 2277 roboratis,
1760 2236 1889 2270 statutis

1153 2296 1184 2324 et
1209 2289 1520 2331 consuetudinibus,
1546 2288 1796 2330 stabilimentis,
1822 2288 1890 2322 usi-

1152 2343 1221 2384 bus,
1250 2343 1385 2385 naturis,
1410 2342 1548 2376 decretis
1574 2347 1605 2376 et
1630 2342 1721 2376 novis
1739 2342 1891 2376 reforma·

1154 2396 1308 2435 tionibus,
1336 2395 1430 2429 etiam
1456 2395 1598 2439 legibus,
1626 2402 1687 2429 tam
1712 2393 1890 2438 pontificiis

1152 2461 1248 2493 quam
1271 2449 1506 2493 imperialibus,
1528 2448 1625 2492 regiis
1651 2454 1682 2482 et
1707 2447 1888 2489 ducalibus,

1152 2509 1183 2535 et
1207 2503 1305 2536 sacris
1329 2503 1517 2543 canonibus,
1542 2502 1721 2546 privilegiis
1746 2511 1889 2545 quoque,

1153 2555 1284 2589 indultis
1310 2561 1342 2590 et
1367 2555 1486 2590 litteris
1522 2555 1724 2599 apostolicis,
1749 2552 1812 2594 illis
1836 2563 1890 2596 eo-

1966 921 2081 943 tieroaatio

1898 949 2061 968 contrariorum.
