<?xml version="1.0" encoding="UTF-8"?>
<!DOCTYPE html PUBLIC "-//W3C//DTD XHTML 1.0 Transitional//EN"
    "http://www.w3.org/TR/xhtml1/DTD/xhtml1-transitional.dtd">
<html xmlns="http://www.w3.org/1999/xhtml" xml:lang="en" lang="en">
 <head>
  <title>
</title>
<meta http-equiv="Content-Type" content="text/html;charset=utf-8" />
  <meta name='ocr-system' content='tesseract 3.04.00' />
  <meta name='ocr-capabilities' content='ocr_page ocr_carea ocr_par ocr_line ocrx_word'/>
</head>
<body>
  <div class='ocr_page' id='page_1' title='image "./bullarumdiplomat23cath_0576.png"; bbox 0 0 2182 3137; ppageno 0'>
   <div class='ocr_carea' id='block_1_1' title="bbox 189 278 375 305">
    <p class='ocr_par' dir='ltr' id='par_1_1' title="bbox 189 278 375 305">
     <span class='ocr_line' id='line_1_1' title="bbox 189 278 375 305; baseline 0 0"><span class='ocrx_word' id='word_1_1' title='bbox 189 281 235 305; x_wconf 83' lang='grc' dir='ltr'>Λη.</span> <span class='ocrx_word' id='word_1_2' title='bbox 256 279 283 304; x_wconf 86' lang='lat' dir='ltr'>C.</span> <span class='ocrx_word' id='word_1_3' title='bbox 312 278 375 305; x_wconf 77' lang='grc'>1733</span> 
     </span>
    </p>
   </div>
   <div class='ocr_carea' id='block_1_2' title="bbox 193 1074 376 1127">
    <p class='ocr_par' dir='ltr' id='par_1_2' title="bbox 193 1074 376 1127">
     <span class='ocr_line' id='line_1_2' title="bbox 220 1074 376 1095; baseline 0.019 -3"><span class='ocrx_word' id='word_1_4' title='bbox 220 1075 248 1095; x_wconf 69' lang='lat' dir='ltr'>Da</span> <span class='ocrx_word' id='word_1_5' title='bbox 270 1074 376 1095; x_wconf 59' lang='lat' dir='ltr'>«nrt-{iniis</span> 
     </span>
     <span class='ocr_line' id='line_1_3' title="bbox 193 1102 340 1127; baseline 0 -5"><span class='ocrx_word' id='word_1_6' title='bbox 193 1102 304 1127; x_wconf 54' lang='lat' dir='ltr'>eltgtbdua</span> <span class='ocrx_word' id='word_1_7' title='bbox 315 1102 340 1122; x_wconf 56' lang='grc' dir='ltr'>ἰδ’.</span> 
     </span>
    </p>
   </div>
   <div class='ocr_carea' id='block_1_3' title="bbox 423 269 1342 301">
    <p class='ocr_par' dir='ltr' id='par_1_3' title="bbox 423 269 1342 301">
     <span class='ocr_line' id='line_1_4' title="bbox 423 269 1342 301; baseline 0 -1"><span class='ocrx_word' id='word_1_8' title='bbox 423 269 487 301; x_wconf 69' lang='grc'>554</span> <span class='ocrx_word' id='word_1_9' title='bbox 986 275 1165 299; x_wconf 60' lang='lat' dir='ltr'>mummoli</span> <span class='ocrx_word' id='word_1_10' title='bbox 1190 275 1342 300; x_wconf 73' lang='lat' dir='ltr'><strong>ROMANUM</strong></span> 
     </span>
    </p>
   </div>
   <div class='ocr_carea' id='block_1_4' title="bbox 382 324 1131 2700">
    <p class='ocr_par' dir='ltr' id='par_1_4' title="bbox 382 324 1128 1035">
     <span class='ocr_line' id='line_1_5' title="bbox 382 324 1123 364; baseline -0.001 -10"><span class='ocrx_word' id='word_1_11' title='bbox 382 325 503 355; x_wconf 78' lang='lat' dir='ltr'>seorsim</span> <span class='ocrx_word' id='word_1_12' title='bbox 525 326 561 354; x_wconf 90' lang='lat' dir='ltr'>ab</span> <span class='ocrx_word' id='word_1_13' title='bbox 577 325 646 361; x_wconf 64' lang='lat' dir='ltr'>alia,</span> <span class='ocrx_word' id='word_1_14' title='bbox 663 328 691 354; x_wconf 89' lang='lat' dir='ltr'>et</span> <span class='ocrx_word' id='word_1_15' title='bbox 714 334 830 364; x_wconf 75' lang='lat' dir='ltr'>praeses</span> <span class='ocrx_word' id='word_1_16' title='bbox 847 324 1059 364; x_wconf 89' lang='lat' dir='ltr'>cuiuscumque</span> <span class='ocrx_word' id='word_1_17' title='bbox 1076 333 1123 354; x_wconf 92' lang='lat' dir='ltr'>vo-</span> 
     </span>
     <span class='ocr_line' id='line_1_6' title="bbox 383 372 1126 404; baseline -0.004 0"><span class='ocrx_word' id='word_1_18' title='bbox 383 374 494 404; x_wconf 83' lang='lat' dir='ltr'>calibus</span> <span class='ocrx_word' id='word_1_19' title='bbox 516 383 584 403; x_wconf 85' lang='lat' dir='ltr'>suae</span> <span class='ocrx_word' id='word_1_20' title='bbox 613 373 739 403; x_wconf 77' lang='lat' dir='ltr'>familiae</span> <span class='ocrx_word' id='word_1_21' title='bbox 772 378 873 403; x_wconf 91' lang='lat' dir='ltr'>notum</span> <span class='ocrx_word' id='word_1_22' title='bbox 903 373 989 403; x_wconf 86' lang='lat' dir='ltr'>faciat</span> <span class='ocrx_word' id='word_1_23' title='bbox 1020 372 1126 402; x_wconf 80' lang='lat' dir='ltr'>catalo-</span> 
     </span>
     <span class='ocr_line' id='line_1_7' title="bbox 383 420 1126 461; baseline 0 -11"><span class='ocrx_word' id='word_1_24' title='bbox 383 432 450 461; x_wconf 70' lang='lat' dir='ltr'>gum</span> <span class='ocrx_word' id='word_1_25' title='bbox 475 422 604 451; x_wconf 90' lang='lat' dir='ltr'>omnium</span> <span class='ocrx_word' id='word_1_26' title='bbox 628 421 856 459; x_wconf 75' lang='lat' dir='ltr'>religiosorum,</span> <span class='ocrx_word' id='word_1_27' title='bbox 882 421 931 460; x_wconf 91' lang='lat' dir='ltr'>qui</span> <span class='ocrx_word' id='word_1_28' title='bbox 955 421 983 450; x_wconf 92' lang='lat' dir='ltr'>in</span> <span class='ocrx_word' id='word_1_29' title='bbox 1008 420 1126 459; x_wconf 77' lang='lat' dir='ltr'>provin-</span> 
     </span>
     <span class='ocr_line' id='line_1_8' title="bbox 383 469 1125 508; baseline 0 -9"><span class='ocrx_word' id='word_1_30' title='bbox 383 471 437 500; x_wconf 78' lang='lat' dir='ltr'>ciis</span> <span class='ocrx_word' id='word_1_31' title='bbox 455 480 523 500; x_wconf 83' lang='lat' dir='ltr'>suae</span> <span class='ocrx_word' id='word_1_32' title='bbox 540 470 677 507; x_wconf 81' lang='lat' dir='ltr'>familiae,</span> <span class='ocrx_word' id='word_1_33' title='bbox 693 472 801 500; x_wconf 67' lang='lat' dir='ltr'>attenta</span> <span class='ocrx_word' id='word_1_34' title='bbox 820 470 913 499; x_wconf 91' lang='lat' dir='ltr'>solum</span> <span class='ocrx_word' id='word_1_35' title='bbox 933 469 1125 508; x_wconf 80' lang='lat' dir='ltr'>graduatione</span> 
     </span>
     <span class='ocr_line' id='line_1_9' title="bbox 383 518 1126 557; baseline 0 -10"><span class='ocrx_word' id='word_1_36' title='bbox 383 524 411 549; x_wconf 76' lang='lat' dir='ltr'>et</span> <span class='ocrx_word' id='word_1_37' title='bbox 438 518 576 557; x_wconf 89' lang='lat' dir='ltr'>inspectis</span> <span class='ocrx_word' id='word_1_38' title='bbox 600 518 777 556; x_wconf 73' lang='lat' dir='ltr'>interstitiis,</span> <span class='ocrx_word' id='word_1_39' title='bbox 806 518 885 548; x_wconf 84' lang='lat' dir='ltr'>iuxta</span> <span class='ocrx_word' id='word_1_40' title='bbox 916 522 1031 547; x_wconf 85' lang='lat' dir='ltr'>nostras</span> <span class='ocrx_word' id='word_1_41' title='bbox 1059 527 1126 547; x_wconf 92' lang='lat' dir='ltr'>con-</span> 
     </span>
     <span class='ocr_line' id='line_1_10' title="bbox 385 567 1126 606; baseline 0 -10"><span class='ocrx_word' id='word_1_42' title='bbox 385 568 551 597; x_wconf 81' lang='lat' dir='ltr'>stitutiones</span> <span class='ocrx_word' id='word_1_43' title='bbox 579 568 640 606; x_wconf 89' lang='lat' dir='ltr'>apti</span> <span class='ocrx_word' id='word_1_44' title='bbox 673 567 858 606; x_wconf 77' lang='lat' dir='ltr'>reperiantur</span> <span class='ocrx_word' id='word_1_45' title='bbox 888 567 921 596; x_wconf 87' lang='lat' dir='ltr'>ad</span> <span class='ocrx_word' id='word_1_46' title='bbox 954 577 1073 597; x_wconf 86' lang='lat' dir='ltr'>munera</span> <span class='ocrx_word' id='word_1_47' title='bbox 1098 571 1126 596; x_wconf 87' lang='lat' dir='ltr'>et</span> 
     </span>
     <span class='ocr_line' id='line_1_11' title="bbox 385 615 1126 655; baseline 0 -10"><span class='ocrx_word' id='word_1_48' title='bbox 385 616 480 645; x_wconf 78' lang='lat' dir='ltr'>officia</span> <span class='ocrx_word' id='word_1_49' title='bbox 505 625 573 645; x_wconf 89' lang='lat' dir='ltr'>suae</span> <span class='ocrx_word' id='word_1_50' title='bbox 603 616 731 645; x_wconf 87' lang='lat' dir='ltr'>familiae</span> <span class='ocrx_word' id='word_1_51' title='bbox 754 615 783 645; x_wconf 89' lang='lat' dir='ltr'>in</span> <span class='ocrx_word' id='word_1_52' title='bbox 818 625 851 645; x_wconf 91' lang='lat' dir='ltr'>eo</span> <span class='ocrx_word' id='word_1_53' title='bbox 877 616 1006 655; x_wconf 85' lang='lat' dir='ltr'>capitulo</span> <span class='ocrx_word' id='word_1_54' title='bbox 1039 616 1126 655; x_wconf 90' lang='lat' dir='ltr'>perti-</span> 
     </span>
     <span class='ocr_line' id='line_1_12' title="bbox 385 664 1124 704; baseline -0.001 -9"><span class='ocrx_word' id='word_1_55' title='bbox 385 665 503 701; x_wconf 77' lang='lat' dir='ltr'>nentia,</span> <span class='ocrx_word' id='word_1_56' title='bbox 529 668 560 694; x_wconf 89' lang='lat' dir='ltr'>ut</span> <span class='ocrx_word' id='word_1_57' title='bbox 593 664 691 694; x_wconf 89' lang='lat' dir='ltr'>nullus</span> <span class='ocrx_word' id='word_1_58' title='bbox 726 669 822 703; x_wconf 89' lang='lat' dir='ltr'>postea</span> <span class='ocrx_word' id='word_1_59' title='bbox 847 665 988 704; x_wconf 80' lang='lat' dir='ltr'>conqueri</span> <span class='ocrx_word' id='word_1_60' title='bbox 1014 665 1124 704; x_wconf 80' lang='lat' dir='ltr'>possit,</span> 
     </span>
     <span class='ocr_line' id='line_1_13' title="bbox 385 712 1126 751; baseline 0 -9"><span class='ocrx_word' id='word_1_61' title='bbox 385 713 462 751; x_wconf 89' lang='lat' dir='ltr'>quod</span> <span class='ocrx_word' id='word_1_62' title='bbox 485 722 535 742; x_wconf 86' lang='lat' dir='ltr'>sua</span> <span class='ocrx_word' id='word_1_63' title='bbox 559 712 691 751; x_wconf 88' lang='lat' dir='ltr'>aptitudo</span> <span class='ocrx_word' id='word_1_64' title='bbox 714 722 772 742; x_wconf 89' lang='lat' dir='ltr'>uon</span> <span class='ocrx_word' id='word_1_65' title='bbox 794 713 883 742; x_wconf 88' lang='lat' dir='ltr'>fuerit</span> <span class='ocrx_word' id='word_1_66' title='bbox 914 713 1049 743; x_wconf 90' lang='lat' dir='ltr'>omnibus</span> <span class='ocrx_word' id='word_1_67' title='bbox 1079 723 1126 742; x_wconf 88' lang='lat' dir='ltr'>vo-</span> 
     </span>
     <span class='ocr_line' id='line_1_14' title="bbox 385 760 1128 800; baseline 0 -9"><span class='ocrx_word' id='word_1_68' title='bbox 385 761 498 791; x_wconf 74' lang='lat' dir='ltr'>calibus</span> <span class='ocrx_word' id='word_1_69' title='bbox 520 770 589 790; x_wconf 88' lang='lat' dir='ltr'>suae</span> <span class='ocrx_word' id='word_1_70' title='bbox 611 760 738 790; x_wconf 86' lang='lat' dir='ltr'>familiae</span> <span class='ocrx_word' id='word_1_71' title='bbox 761 771 918 800; x_wconf 68' lang='lat' dir='ltr'>praesens,</span> <span class='ocrx_word' id='word_1_72' title='bbox 942 762 992 791; x_wconf 89' lang='lat' dir='ltr'>sed</span> <span class='ocrx_word' id='word_1_73' title='bbox 1027 762 1128 791; x_wconf 86' lang='lat' dir='ltr'>huius-</span> 
     </span>
     <span class='ocr_line' id='line_1_15' title="bbox 386 810 1127 850; baseline 0 -10"><span class='ocrx_word' id='word_1_74' title='bbox 386 811 464 840; x_wconf 89' lang='lat' dir='ltr'>modi</span> <span class='ocrx_word' id='word_1_75' title='bbox 487 810 619 850; x_wconf 89' lang='lat' dir='ltr'>aptitudo</span> <span class='ocrx_word' id='word_1_76' title='bbox 642 820 675 839; x_wconf 87' lang='lat' dir='ltr'>ex</span> <span class='ocrx_word' id='word_1_77' title='bbox 710 812 785 849; x_wconf 70' lang='lat' dir='ltr'>pura</span> <span class='ocrx_word' id='word_1_78' title='bbox 817 810 1011 848; x_wconf 78' lang='lat' dir='ltr'>graduatione</span> <span class='ocrx_word' id='word_1_79' title='bbox 1034 815 1061 840; x_wconf 91' lang='lat' dir='ltr'>et</span> <span class='ocrx_word' id='word_1_80' title='bbox 1083 811 1127 840; x_wconf 91' lang='lat' dir='ltr'>in-</span> 
     </span>
     <span class='ocr_line' id='line_1_16' title="bbox 387 858 1126 898; baseline 0.001 -10"><span class='ocrx_word' id='word_1_81' title='bbox 387 859 521 888; x_wconf 87' lang='lat' dir='ltr'>terstitiis</span> <span class='ocrx_word' id='word_1_82' title='bbox 542 858 696 888; x_wconf 83' lang='lat' dir='ltr'>iudicanda</span> <span class='ocrx_word' id='word_1_83' title='bbox 721 858 786 895; x_wconf 90' lang='lat' dir='ltr'>erit,</span> <span class='ocrx_word' id='word_1_84' title='bbox 811 859 881 898; x_wconf 89' lang='lat' dir='ltr'>quin</span> <span class='ocrx_word' id='word_1_85' title='bbox 914 859 948 888; x_wconf 85' lang='lat' dir='ltr'>ad</span> <span class='ocrx_word' id='word_1_86' title='bbox 982 868 1077 889; x_wconf 90' lang='lat' dir='ltr'>mores</span> <span class='ocrx_word' id='word_1_87' title='bbox 1099 864 1126 889; x_wconf 86' lang='lat' dir='ltr'>et</span> 
     </span>
     <span class='ocr_line' id='line_1_17' title="bbox 386 907 1127 947; baseline 0 -10"><span class='ocrx_word' id='word_1_88' title='bbox 386 907 599 937; x_wconf 76' lang='lat' dir='ltr'>observantiam</span> <span class='ocrx_word' id='word_1_89' title='bbox 633 907 777 937; x_wconf 81' lang='lat' dir='ltr'>referatur</span> <span class='ocrx_word' id='word_1_90' title='bbox 809 908 941 947; x_wconf 88' lang='lat' dir='ltr'>aptitudo</span> <span class='ocrx_word' id='word_1_91' title='bbox 971 908 1062 944; x_wconf 89' lang='lat' dir='ltr'>haec,</span> <span class='ocrx_word' id='word_1_92' title='bbox 1096 912 1127 938; x_wconf 94' lang='lat' dir='ltr'>ut</span> 
     </span>
     <span class='ocr_line' id='line_1_18' title="bbox 387 956 1128 994; baseline 0.001 -9"><span class='ocrx_word' id='word_1_93' title='bbox 387 956 436 985; x_wconf 89' lang='lat' dir='ltr'>alii</span> <span class='ocrx_word' id='word_1_94' title='bbox 460 956 656 990; x_wconf 77' lang='lat' dir='ltr'>includantur,</span> <span class='ocrx_word' id='word_1_95' title='bbox 681 957 874 986; x_wconf 77' lang='lat' dir='ltr'>excludantur</span> <span class='ocrx_word' id='word_1_96' title='bbox 897 957 958 994; x_wconf 87' lang='lat' dir='ltr'>alii,</span> <span class='ocrx_word' id='word_1_97' title='bbox 983 957 1055 986; x_wconf 74' lang='lat' dir='ltr'>alias</span> <span class='ocrx_word' id='word_1_98' title='bbox 1078 956 1128 986; x_wconf 84' lang='lat' dir='ltr'>da-</span> 
     </span>
     <span class='ocr_line' id='line_1_19' title="bbox 387 1005 1026 1035; baseline 0 -1"><span class='ocrx_word' id='word_1_99' title='bbox 387 1009 470 1034; x_wconf 82' lang='lat' dir='ltr'>retur</span> <span class='ocrx_word' id='word_1_100' title='bbox 492 1005 707 1034; x_wconf 73' lang='lat' dir='ltr'>dissensionum</span> <span class='ocrx_word' id='word_1_101' title='bbox 732 1009 759 1035; x_wconf 88' lang='lat' dir='ltr'>et</span> <span class='ocrx_word' id='word_1_102' title='bbox 781 1005 895 1034; x_wconf 81' lang='lat' dir='ltr'>occasio</span> <span class='ocrx_word' id='word_1_103' title='bbox 918 1005 1026 1035; x_wconf 91' lang='lat' dir='ltr'>litium.</span> 
     </span>
    </p>

    <p class='ocr_par' dir='ltr' id='par_1_5' title="bbox 387 1053 1131 2455">
     <span class='ocr_line' id='line_1_20' title="bbox 427 1053 1126 1092; baseline 0.001 -10"><span class='ocrx_word' id='word_1_104' title='bbox 427 1062 505 1084; x_wconf 84' lang='lat' dir='ltr'>xvnt.</span> <span class='ocrx_word' id='word_1_105' title='bbox 529 1053 609 1088; x_wconf 83' lang='lat' dir='ltr'>Quod</span> <span class='ocrx_word' id='word_1_106' title='bbox 627 1058 737 1092; x_wconf 90' lang='lat' dir='ltr'>postea,</span> <span class='ocrx_word' id='word_1_107' title='bbox 757 1054 858 1083; x_wconf 88' lang='lat' dir='ltr'>eodem</span> <span class='ocrx_word' id='word_1_108' title='bbox 877 1054 934 1088; x_wconf 90' lang='lat' dir='ltr'>die,</span> <span class='ocrx_word' id='word_1_109' title='bbox 955 1054 1013 1083; x_wconf 70' lang='lat' dir='ltr'>alia</span> <span class='ocrx_word' id='word_1_110' title='bbox 1030 1058 1126 1084; x_wconf 87' lang='lat' dir='ltr'>tamen</span> 
     </span>
     <span class='ocr_line' id='line_1_21' title="bbox 387 1102 1129 1140; baseline 0.001 -9"><span class='ocrx_word' id='word_1_111' title='bbox 387 1102 527 1136; x_wconf 77' lang='lat' dir='ltr'>sessione,</span> <span class='ocrx_word' id='word_1_112' title='bbox 548 1102 653 1131; x_wconf 87' lang='lat' dir='ltr'>iterum</span> <span class='ocrx_word' id='word_1_113' title='bbox 671 1107 889 1140; x_wconf 74' lang='lat' dir='ltr'>congregentur</span> <span class='ocrx_word' id='word_1_114' title='bbox 907 1103 1033 1132; x_wconf 85' lang='lat' dir='ltr'>familiae</span> <span class='ocrx_word' id='word_1_115' title='bbox 1050 1112 1129 1133; x_wconf 89' lang='lat' dir='ltr'>seor-</span> 
     </span>
     <span class='ocr_line' id='line_1_22' title="bbox 387 1150 1128 1188; baseline 0.001 -9"><span class='ocrx_word' id='word_1_116' title='bbox 387 1151 453 1186; x_wconf 89' lang='lat' dir='ltr'>sim,</span> <span class='ocrx_word' id='word_1_117' title='bbox 477 1155 508 1180; x_wconf 94' lang='lat' dir='ltr'>ut</span> <span class='ocrx_word' id='word_1_118' title='bbox 531 1150 724 1188; x_wconf 82' lang='lat' dir='ltr'>eligibilitatis</span> <span class='ocrx_word' id='word_1_119' title='bbox 741 1151 915 1180; x_wconf 84' lang='lat' dir='ltr'>scrutinium</span> <span class='ocrx_word' id='word_1_120' title='bbox 934 1152 983 1180; x_wconf 83' lang='lat' dir='ltr'>tlat</span> <span class='ocrx_word' id='word_1_121' title='bbox 1000 1151 1035 1180; x_wconf 89' lang='lat' dir='ltr'>ab</span> <span class='ocrx_word' id='word_1_122' title='bbox 1058 1153 1128 1181; x_wconf 69' lang='lat' dir='ltr'>unfi-</span> 
     </span>
     <span class='ocr_line' id='line_1_23' title="bbox 388 1199 1127 1238; baseline 0.001 -10"><span class='ocrx_word' id='word_1_123' title='bbox 388 1208 503 1238; x_wconf 88' lang='lat' dir='ltr'>quaque</span> <span class='ocrx_word' id='word_1_124' title='bbox 525 1199 659 1238; x_wconf 80' lang='lat' dir='ltr'>sequenti</span> <span class='ocrx_word' id='word_1_125' title='bbox 692 1199 793 1228; x_wconf 85' lang='lat' dir='ltr'>modo:</span> <span class='ocrx_word' id='word_1_126' title='bbox 828 1199 905 1238; x_wconf 90' lang='lat' dir='ltr'>quod</span> <span class='ocrx_word' id='word_1_127' title='bbox 938 1200 1059 1237; x_wconf 84' lang='lat' dir='ltr'>familia,</span> <span class='ocrx_word' id='word_1_128' title='bbox 1093 1209 1127 1229; x_wconf 86' lang='lat' dir='ltr'>ex</span> 
     </span>
     <span class='ocr_line' id='line_1_24' title="bbox 388 1247 1126 1286; baseline 0.001 -10"><span class='ocrx_word' id='word_1_129' title='bbox 388 1257 443 1286; x_wconf 92' lang='lat' dir='ltr'>qua</span> <span class='ocrx_word' id='word_1_130' title='bbox 467 1247 660 1276; x_wconf 80' lang='lat' dir='ltr'>assumendus</span> <span class='ocrx_word' id='word_1_131' title='bbox 683 1252 727 1277; x_wconf 84' lang='lat' dir='ltr'>est</span> <span class='ocrx_word' id='word_1_132' title='bbox 764 1247 898 1277; x_wconf 79' lang='lat' dir='ltr'>minister</span> <span class='ocrx_word' id='word_1_133' title='bbox 930 1249 1077 1286; x_wconf 78' lang='lat' dir='ltr'>generalis</span> <span class='ocrx_word' id='word_1_134' title='bbox 1098 1248 1126 1278; x_wconf 93' lang='lat' dir='ltr'>iu</span> 
     </span>
     <span class='ocr_line' id='line_1_25' title="bbox 388 1296 1129 1335; baseline 0.001 -10"><span class='ocrx_word' id='word_1_135' title='bbox 388 1306 421 1325; x_wconf 84' lang='lat' dir='ltr'>eo</span> <span class='ocrx_word' id='word_1_136' title='bbox 439 1296 580 1335; x_wconf 88' lang='lat' dir='ltr'>capitulo,</span> <span class='ocrx_word' id='word_1_137' title='bbox 599 1296 679 1325; x_wconf 79' lang='lat' dir='ltr'>iuxta</span> <span class='ocrx_word' id='word_1_138' title='bbox 698 1305 780 1325; x_wconf 89' lang='lat' dir='ltr'>suam</span> <span class='ocrx_word' id='word_1_139' title='bbox 804 1296 1026 1335; x_wconf 81' lang='lat' dir='ltr'>conscientiam,</span> <span class='ocrx_word' id='word_1_140' title='bbox 1046 1297 1129 1335; x_wconf 67' lang='lat' dir='ltr'>eligi-</span> 
     </span>
     <span class='ocr_line' id='line_1_26' title="bbox 389 1345 1128 1385; baseline 0.001 -11"><span class='ocrx_word' id='word_1_141' title='bbox 389 1345 512 1375; x_wconf 82' lang='lat' dir='ltr'>bilitatis</span> <span class='ocrx_word' id='word_1_142' title='bbox 535 1345 712 1374; x_wconf 86' lang='lat' dir='ltr'>scrutinium</span> <span class='ocrx_word' id='word_1_143' title='bbox 737 1345 787 1375; x_wconf 90' lang='lat' dir='ltr'>toti</span> <span class='ocrx_word' id='word_1_144' title='bbox 811 1345 939 1385; x_wconf 79' lang='lat' dir='ltr'>capitulo</span> <span class='ocrx_word' id='word_1_145' title='bbox 963 1356 1128 1385; x_wconf 88' lang='lat' dir='ltr'>proponen-</span> 
     </span>
     <span class='ocr_line' id='line_1_27' title="bbox 388 1393 1128 1434; baseline 0.001 -11"><span class='ocrx_word' id='word_1_146' title='bbox 388 1395 456 1423; x_wconf 91' lang='lat' dir='ltr'>dum</span> <span class='ocrx_word' id='word_1_147' title='bbox 479 1394 520 1423; x_wconf 84' lang='lat' dir='ltr'>sic</span> <span class='ocrx_word' id='word_1_148' title='bbox 543 1393 648 1431; x_wconf 82' lang='lat' dir='ltr'>faciat,</span> <span class='ocrx_word' id='word_1_149' title='bbox 667 1393 796 1424; x_wconf 88' lang='lat' dir='ltr'>scilicet:</span> <span class='ocrx_word' id='word_1_150' title='bbox 821 1394 898 1433; x_wconf 92' lang='lat' dir='ltr'>quod</span> <span class='ocrx_word' id='word_1_151' title='bbox 922 1395 1128 1434; x_wconf 89' lang='lat' dir='ltr'>unusquisque</span> 
     </span>
     <span class='ocr_line' id='line_1_28' title="bbox 388 1442 1128 1481; baseline 0.001 -9"><span class='ocrx_word' id='word_1_152' title='bbox 388 1443 469 1474; x_wconf 88' lang='lat' dir='ltr'>illius</span> <span class='ocrx_word' id='word_1_153' title='bbox 493 1442 631 1480; x_wconf 84' lang='lat' dir='ltr'>familiae,</span> <span class='ocrx_word' id='word_1_154' title='bbox 649 1451 683 1472; x_wconf 84' lang='lat' dir='ltr'>ex</span> <span class='ocrx_word' id='word_1_155' title='bbox 705 1443 836 1481; x_wconf 85' lang='lat' dir='ltr'>catalogo</span> <span class='ocrx_word' id='word_1_156' title='bbox 854 1442 992 1473; x_wconf 85' lang='lat' dir='ltr'>omnibus</span> <span class='ocrx_word' id='word_1_157' title='bbox 1018 1444 1128 1473; x_wconf 87' lang='lat' dir='ltr'>credito</span> 
     </span>
     <span class='ocr_line' id='line_1_29' title="bbox 389 1491 1128 1531; baseline 0.001 -10"><span class='ocrx_word' id='word_1_158' title='bbox 389 1501 490 1522; x_wconf 87' lang='lat' dir='ltr'>eorum</span> <span class='ocrx_word' id='word_1_159' title='bbox 524 1492 573 1531; x_wconf 91' lang='lat' dir='ltr'>qui</span> <span class='ocrx_word' id='word_1_160' title='bbox 608 1501 642 1521; x_wconf 88' lang='lat' dir='ltr'>ex</span> <span class='ocrx_word' id='word_1_161' title='bbox 674 1491 866 1530; x_wconf 76' lang='lat' dir='ltr'>graduatione</span> <span class='ocrx_word' id='word_1_162' title='bbox 900 1497 928 1522; x_wconf 89' lang='lat' dir='ltr'>et</span> <span class='ocrx_word' id='word_1_163' title='bbox 961 1492 1128 1523; x_wconf 84' lang='lat' dir='ltr'>interstitiis</span> 
     </span>
     <span class='ocr_line' id='line_1_30' title="bbox 389 1541 1130 1580; baseline 0.003 -10"><span class='ocrx_word' id='word_1_164' title='bbox 389 1541 447 1580; x_wconf 87' lang='lat' dir='ltr'>apti</span> <span class='ocrx_word' id='word_1_165' title='bbox 470 1541 658 1580; x_wconf 79' lang='lat' dir='ltr'>reperiantur</span> <span class='ocrx_word' id='word_1_166' title='bbox 680 1541 715 1570; x_wconf 90' lang='lat' dir='ltr'>ad</span> <span class='ocrx_word' id='word_1_167' title='bbox 738 1541 866 1571; x_wconf 90' lang='lat' dir='ltr'>ministri</span> <span class='ocrx_word' id='word_1_168' title='bbox 889 1542 1035 1580; x_wconf 79' lang='lat' dir='ltr'>generalis</span> <span class='ocrx_word' id='word_1_169' title='bbox 1068 1543 1130 1572; x_wconf 86' lang='lat' dir='ltr'>offi-</span> 
     </span>
     <span class='ocr_line' id='line_1_31' title="bbox 389 1589 1128 1629; baseline 0.003 -10"><span class='ocrx_word' id='word_1_170' title='bbox 389 1590 479 1625; x_wconf 83' lang='lat' dir='ltr'>cium,</span> <span class='ocrx_word' id='word_1_171' title='bbox 513 1589 642 1629; x_wconf 89' lang='lat' dir='ltr'>quinque</span> <span class='ocrx_word' id='word_1_172' title='bbox 674 1589 703 1619; x_wconf 90' lang='lat' dir='ltr'>iu</span> <span class='ocrx_word' id='word_1_173' title='bbox 737 1590 879 1619; x_wconf 70' lang='lat' dir='ltr'>schedula</span> <span class='ocrx_word' id='word_1_174' title='bbox 911 1592 971 1619; x_wconf 70' lang='lat' dir='ltr'>una</span> <span class='ocrx_word' id='word_1_175' title='bbox 1004 1591 1128 1629; x_wconf 82' lang='lat' dir='ltr'>seligat,</span> 
     </span>
     <span class='ocr_line' id='line_1_32' title="bbox 390 1638 1129 1679; baseline 0.004 -12"><span class='ocrx_word' id='word_1_176' title='bbox 390 1639 499 1678; x_wconf 88' lang='lat' dir='ltr'>quique</span> <span class='ocrx_word' id='word_1_177' title='bbox 533 1648 585 1668; x_wconf 87' lang='lat' dir='ltr'>suo</span> <span class='ocrx_word' id='word_1_178' title='bbox 619 1638 738 1674; x_wconf 88' lang='lat' dir='ltr'>iudicio,</span> <span class='ocrx_word' id='word_1_179' title='bbox 763 1639 956 1678; x_wconf 88' lang='lat' dir='ltr'>omnibusque</span> <span class='ocrx_word' id='word_1_180' title='bbox 978 1640 1129 1679; x_wconf 85' lang='lat' dir='ltr'>inspectis,</span> 
     </span>
     <span class='ocr_line' id='line_1_33' title="bbox 389 1687 1131 1727; baseline 0.003 -11"><span class='ocrx_word' id='word_1_181' title='bbox 389 1688 515 1727; x_wconf 77' lang='lat' dir='ltr'>aptiores</span> <span class='ocrx_word' id='word_1_182' title='bbox 537 1697 599 1717; x_wconf 90' lang='lat' dir='ltr'>esse</span> <span class='ocrx_word' id='word_1_183' title='bbox 622 1687 790 1721; x_wconf 88' lang='lat' dir='ltr'>crediderit,</span> <span class='ocrx_word' id='word_1_184' title='bbox 809 1691 836 1717; x_wconf 89' lang='lat' dir='ltr'>et</span> <span class='ocrx_word' id='word_1_185' title='bbox 851 1697 948 1717; x_wconf 84' lang='lat' dir='ltr'>coram</span> <span class='ocrx_word' id='word_1_186' title='bbox 969 1690 1028 1718; x_wconf 71' lang='lat' dir='ltr'>tot-*r</span> <span class='ocrx_word' id='word_1_187' title='bbox 1049 1689 1131 1719; x_wconf 68' lang='lat' dir='ltr'>stimi-</span> 
     </span>
     <span class='ocr_line' id='line_1_34' title="bbox 389 1736 1130 1776; baseline 0.001 -11"><span class='ocrx_word' id='word_1_188' title='bbox 389 1737 427 1765; x_wconf 74' lang='lat' dir='ltr'>lta</span> <span class='ocrx_word' id='word_1_189' title='bbox 451 1737 504 1765; x_wconf 70' lang='lat' dir='ltr'>sua</span> <span class='ocrx_word' id='word_1_190' title='bbox 526 1736 560 1765; x_wconf 86' lang='lat' dir='ltr'>ad</span> <span class='ocrx_word' id='word_1_191' title='bbox 584 1736 610 1765; x_wconf 91' lang='lat' dir='ltr'>id</span> <span class='ocrx_word' id='word_1_192' title='bbox 634 1738 811 1774; x_wconf 68' lang='lat' dir='ltr'>congregata</span> <span class='ocrx_word' id='word_1_193' title='bbox 827 1746 928 1766; x_wconf 87' lang='lat' dir='ltr'>omues</span> <span class='ocrx_word' id='word_1_194' title='bbox 947 1737 1130 1776; x_wconf 52' lang='lat' dir='ltr'>tradautjhu-</span> 
     </span>
     <span class='ocr_line' id='line_1_35' title="bbox 388 1784 1131 1824; baseline 0.004 -11"><span class='ocrx_word' id='word_1_195' title='bbox 388 1785 513 1814; x_wconf 77' lang='lat' dir='ltr'>jusmodi</span> <span class='ocrx_word' id='word_1_196' title='bbox 537 1784 690 1814; x_wconf 82' lang='lat' dir='ltr'>schedulas</span> <span class='ocrx_word' id='word_1_197' title='bbox 713 1794 765 1814; x_wconf 90' lang='lat' dir='ltr'>suo</span> <span class='ocrx_word' id='word_1_198' title='bbox 787 1785 951 1823; x_wconf 78' lang='lat' dir='ltr'>superiori3</span> <span class='ocrx_word' id='word_1_199' title='bbox 989 1786 1038 1824; x_wconf 89' lang='lat' dir='ltr'>qui</span> <span class='ocrx_word' id='word_1_200' title='bbox 1061 1787 1131 1816; x_wconf 87' lang='lat' dir='ltr'>solis</span> 
     </span>
     <span class='ocr_line' id='line_1_36' title="bbox 389 1832 1129 1864; baseline 0.004 -3"><span class='ocrx_word' id='word_1_201' title='bbox 389 1843 456 1862; x_wconf 88' lang='lat' dir='ltr'>cum</span> <span class='ocrx_word' id='word_1_202' title='bbox 490 1832 604 1862; x_wconf 86' lang='lat' dir='ltr'>duobus</span> <span class='ocrx_word' id='word_1_203' title='bbox 637 1833 804 1862; x_wconf 77' lang='lat' dir='ltr'>immediate</span> <span class='ocrx_word' id='word_1_204' title='bbox 837 1834 987 1863; x_wconf 82' lang='lat' dir='ltr'>vocalibus</span> <span class='ocrx_word' id='word_1_205' title='bbox 1014 1835 1129 1864; x_wconf 84' lang='lat' dir='ltr'>easdem</span> 
     </span>
     <span class='ocr_line' id='line_1_37' title="bbox 388 1881 1129 1921; baseline 0.003 -11"><span class='ocrx_word' id='word_1_206' title='bbox 388 1882 543 1911; x_wconf 84' lang='lat' dir='ltr'>schedulas</span> <span class='ocrx_word' id='word_1_207' title='bbox 565 1881 722 1919; x_wconf 77' lang='lat' dir='ltr'>regul-abit,</span> <span class='ocrx_word' id='word_1_208' title='bbox 740 1887 768 1911; x_wconf 87' lang='lat' dir='ltr'>et</span> <span class='ocrx_word' id='word_1_209' title='bbox 785 1882 914 1921; x_wconf 87' lang='lat' dir='ltr'>quinque</span> <span class='ocrx_word' id='word_1_210' title='bbox 933 1883 997 1912; x_wconf 89' lang='lat' dir='ltr'>illos</span> <span class='ocrx_word' id='word_1_211' title='bbox 1016 1883 1129 1921; x_wconf 80' lang='lat' dir='ltr'>eligibi-</span> 
     </span>
     <span class='ocr_line' id='line_1_38' title="bbox 389 1930 1131 1970; baseline 0.003 -11"><span class='ocrx_word' id='word_1_212' title='bbox 389 1930 442 1966; x_wconf 81' lang='lat' dir='ltr'>les,</span> <span class='ocrx_word' id='word_1_213' title='bbox 466 1930 516 1969; x_wconf 89' lang='lat' dir='ltr'>qui</span> <span class='ocrx_word' id='word_1_214' title='bbox 540 1930 639 1969; x_wconf 90' lang='lat' dir='ltr'>plures</span> <span class='ocrx_word' id='word_1_215' title='bbox 669 1939 753 1960; x_wconf 85' lang='lat' dir='ltr'>voces</span> <span class='ocrx_word' id='word_1_216' title='bbox 785 1930 942 1961; x_wconf 80' lang='lat' dir='ltr'>habuerint</span> <span class='ocrx_word' id='word_1_217' title='bbox 964 1932 993 1961; x_wconf 92' lang='lat' dir='ltr'>iu</span> <span class='ocrx_word' id='word_1_218' title='bbox 1018 1932 1131 1970; x_wconf 85' lang='lat' dir='ltr'>praedi-</span> 
     </span>
     <span class='ocr_line' id='line_1_39' title="bbox 389 1978 1131 2017; baseline 0.003 -9"><span class='ocrx_word' id='word_1_219' title='bbox 389 1979 442 2008; x_wconf 89' lang='lat' dir='ltr'>ctis</span> <span class='ocrx_word' id='word_1_220' title='bbox 466 1979 607 2008; x_wconf 87' lang='lat' dir='ltr'>vocalium</span> <span class='ocrx_word' id='word_1_221' title='bbox 631 1978 790 2015; x_wconf 79' lang='lat' dir='ltr'>schedulis,</span> <span class='ocrx_word' id='word_1_222' title='bbox 814 1979 960 2017; x_wconf 79' lang='lat' dir='ltr'>eligibiles</span> <span class='ocrx_word' id='word_1_223' title='bbox 982 1980 1131 2010; x_wconf 84' lang='lat' dir='ltr'>declarare</span> 
     </span>
     <span class='ocr_line' id='line_1_40' title="bbox 388 2027 1130 2066; baseline 0.001 -9"><span class='ocrx_word' id='word_1_224' title='bbox 388 2033 417 2058; x_wconf 81' lang='lat' dir='ltr'>ct</span> <span class='ocrx_word' id='word_1_225' title='bbox 439 2027 577 2057; x_wconf 90' lang='lat' dir='ltr'>omnibus</span> <span class='ocrx_word' id='word_1_226' title='bbox 596 2027 786 2066; x_wconf 80' lang='lat' dir='ltr'>gremialibus</span> <span class='ocrx_word' id='word_1_227' title='bbox 805 2028 994 2058; x_wconf 84' lang='lat' dir='ltr'>manifestare</span> <span class='ocrx_word' id='word_1_228' title='bbox 1018 2029 1130 2059; x_wconf 87' lang='lat' dir='ltr'>tenebi-</span> 
     </span>
     <span class='ocr_line' id='line_1_41' title="bbox 390 2075 1130 2113; baseline 0.004 -9"><span class='ocrx_word' id='word_1_229' title='bbox 390 2081 448 2113; x_wconf 88' lang='lat' dir='ltr'>tur,</span> <span class='ocrx_word' id='word_1_230' title='bbox 472 2075 652 2105; x_wconf 87' lang='lat' dir='ltr'>ostendendo</span> <span class='ocrx_word' id='word_1_231' title='bbox 675 2075 733 2105; x_wconf 88' lang='lat' dir='ltr'>illis</span> <span class='ocrx_word' id='word_1_232' title='bbox 756 2076 922 2106; x_wconf 76' lang='lat' dir='ltr'>schedulam</span> <span class='ocrx_word' id='word_1_233' title='bbox 941 2086 1027 2107; x_wconf 90' lang='lat' dir='ltr'>manu</span> <span class='ocrx_word' id='word_1_234' title='bbox 1045 2077 1130 2107; x_wconf 87' lang='lat' dir='ltr'>unius</span> 
     </span>
     <span class='ocr_line' id='line_1_42' title="bbox 389 2124 1130 2165; baseline 0.001 -11"><span class='ocrx_word' id='word_1_235' title='bbox 389 2124 562 2154; x_wconf 80' lang='lat' dir='ltr'>scrutatoris</span> <span class='ocrx_word' id='word_1_236' title='bbox 584 2124 724 2163; x_wconf 83' lang='lat' dir='ltr'>scriptam</span> <span class='ocrx_word' id='word_1_237' title='bbox 747 2124 1004 2165; x_wconf 80' lang='lat' dir='ltr'>subscriptamque</span> <span class='ocrx_word' id='word_1_238' title='bbox 1022 2126 1057 2155; x_wconf 92' lang='lat' dir='ltr'>ab</span> <span class='ocrx_word' id='word_1_239' title='bbox 1074 2126 1130 2156; x_wconf 82' lang='lat' dir='ltr'>alio</span> 
     </span>
     <span class='ocr_line' id='line_1_43' title="bbox 389 2173 1130 2215; baseline 0.003 -13"><span class='ocrx_word' id='word_1_240' title='bbox 389 2178 564 2211; x_wconf 78' lang='lat' dir='ltr'>scrutatore,</span> <span class='ocrx_word' id='word_1_241' title='bbox 584 2177 612 2202; x_wconf 84' lang='lat' dir='ltr'>et</span> <span class='ocrx_word' id='word_1_242' title='bbox 628 2173 771 2211; x_wconf 79' lang='lat' dir='ltr'>signatam</span> <span class='ocrx_word' id='word_1_243' title='bbox 788 2173 824 2203; x_wconf 87' lang='lat' dir='ltr'>ab</span> <span class='ocrx_word' id='word_1_244' title='bbox 839 2174 902 2213; x_wconf 88' lang='lat' dir='ltr'>ipso</span> <span class='ocrx_word' id='word_1_245' title='bbox 919 2175 1062 2213; x_wconf 80' lang='lat' dir='ltr'>praeside,</span> <span class='ocrx_word' id='word_1_246' title='bbox 1080 2175 1130 2215; x_wconf 89' lang='lat' dir='ltr'>qui</span> 
     </span>
     <span class='ocr_line' id='line_1_44' title="bbox 389 2221 1131 2260; baseline 0.004 -10"><span class='ocrx_word' id='word_1_247' title='bbox 389 2222 484 2251; x_wconf 87' lang='lat' dir='ltr'>statim</span> <span class='ocrx_word' id='word_1_248' title='bbox 502 2223 576 2251; x_wconf 92' lang='lat' dir='ltr'>hanc</span> <span class='ocrx_word' id='word_1_249' title='bbox 592 2231 662 2251; x_wconf 87' lang='lat' dir='ltr'>suae</span> <span class='ocrx_word' id='word_1_250' title='bbox 683 2221 875 2260; x_wconf 82' lang='lat' dir='ltr'>regulationis</span> <span class='ocrx_word' id='word_1_251' title='bbox 896 2223 1064 2253; x_wconf 79' lang='lat' dir='ltr'>schedulam</span> <span class='ocrx_word' id='word_1_252' title='bbox 1090 2229 1131 2254; x_wconf 93' lang='lat' dir='ltr'>to-</span> 
     </span>
     <span class='ocr_line' id='line_1_45' title="bbox 390 2271 1130 2310; baseline 0.004 -10"><span class='ocrx_word' id='word_1_253' title='bbox 390 2272 446 2301; x_wconf 90' lang='lat' dir='ltr'>tius</span> <span class='ocrx_word' id='word_1_254' title='bbox 469 2271 590 2310; x_wconf 89' lang='lat' dir='ltr'>capituli</span> <span class='ocrx_word' id='word_1_255' title='bbox 614 2272 741 2310; x_wconf 84' lang='lat' dir='ltr'>praesidi</span> <span class='ocrx_word' id='word_1_256' title='bbox 765 2271 882 2301; x_wconf 80' lang='lat' dir='ltr'>tradere</span> <span class='ocrx_word' id='word_1_257' title='bbox 912 2272 1077 2302; x_wconf 83' lang='lat' dir='ltr'>tenebitur:</span> <span class='ocrx_word' id='word_1_258' title='bbox 1102 2278 1130 2304; x_wconf 89' lang='lat' dir='ltr'>et</span> 
     </span>
     <span class='ocr_line' id='line_1_46' title="bbox 388 2319 1130 2358; baseline 0.001 -9"><span class='ocrx_word' id='word_1_259' title='bbox 388 2320 526 2349; x_wconf 86' lang='lat' dir='ltr'>similiter</span> <span class='ocrx_word' id='word_1_260' title='bbox 548 2320 624 2349; x_wconf 89' lang='lat' dir='ltr'>idem</span> <span class='ocrx_word' id='word_1_261' title='bbox 645 2320 694 2350; x_wconf 81' lang='lat' dir='ltr'>fiat</span> <span class='ocrx_word' id='word_1_262' title='bbox 713 2319 749 2349; x_wconf 89' lang='lat' dir='ltr'>ab</span> <span class='ocrx_word' id='word_1_263' title='bbox 772 2320 830 2349; x_wconf 66' lang='lat' dir='ltr'>alia</span> <span class='ocrx_word' id='word_1_264' title='bbox 851 2320 963 2350; x_wconf 60' lang='lat' dir='ltr'>familia</span> <span class='ocrx_word' id='word_1_265' title='bbox 985 2322 1130 2358; x_wconf 86' lang='lat' dir='ltr'>generalis</span> 
     </span>
     <span class='ocr_line' id='line_1_47' title="bbox 389 2368 1130 2407; baseline 0.003 -10"><span class='ocrx_word' id='word_1_266' title='bbox 389 2369 437 2407; x_wconf 92' lang='lat' dir='ltr'>qui</span> <span class='ocrx_word' id='word_1_267' title='bbox 454 2369 563 2407; x_wconf 86' lang='lat' dir='ltr'>spirat,</span> <span class='ocrx_word' id='word_1_268' title='bbox 582 2368 615 2397; x_wconf 84' lang='lat' dir='ltr'>ad</span> <span class='ocrx_word' id='word_1_269' title='bbox 632 2368 799 2398; x_wconf 80' lang='lat' dir='ltr'>faciendum</span> <span class='ocrx_word' id='word_1_270' title='bbox 823 2369 997 2398; x_wconf 87' lang='lat' dir='ltr'>scrutinium</span> <span class='ocrx_word' id='word_1_271' title='bbox 1015 2369 1130 2407; x_wconf 79' lang='lat' dir='ltr'>eligibi-</span> 
     </span>
     <span class='ocr_line' id='line_1_48' title="bbox 388 2417 1127 2455; baseline 0 -8"><span class='ocrx_word' id='word_1_272' title='bbox 388 2418 480 2447; x_wconf 83' lang='lat' dir='ltr'>litatis</span> <span class='ocrx_word' id='word_1_273' title='bbox 493 2421 558 2446; x_wconf 86' lang='lat' dir='ltr'>ante</span> <span class='ocrx_word' id='word_1_274' title='bbox 575 2417 769 2447; x_wconf 84' lang='lat' dir='ltr'>commissarii</span> <span class='ocrx_word' id='word_1_275' title='bbox 782 2418 931 2455; x_wconf 84' lang='lat' dir='ltr'>generalis</span> <span class='ocrx_word' id='word_1_276' title='bbox 947 2418 1127 2448; x_wconf 84' lang='lat' dir='ltr'>electionem.</span> 
     </span>
    </p>

    <p class='ocr_par' dir='ltr' id='par_1_6' title="bbox 388 2465 1129 2651">
     <span class='ocr_line' id='line_1_49' title="bbox 429 2465 1129 2501; baseline 0.001 -6"><span class='ocrx_word' id='word_1_277' title='bbox 429 2475 486 2495; x_wconf 81' lang='lat' dir='ltr'>xix.</span> <span class='ocrx_word' id='word_1_278' title='bbox 521 2465 601 2501; x_wconf 84' lang='lat' dir='ltr'>Quod</span> <span class='ocrx_word' id='word_1_279' title='bbox 635 2466 737 2495; x_wconf 68' lang='lat' dir='ltr'>eadem</span> <span class='ocrx_word' id='word_1_280' title='bbox 761 2466 834 2495; x_wconf 72' lang='lat' dir='ltr'>feria</span> <span class='ocrx_word' id='word_1_281' title='bbox 855 2467 938 2496; x_wconf 68' lang='lat' dir='ltr'>sexta</span> <span class='ocrx_word' id='word_1_282' title='bbox 959 2467 1055 2495; x_wconf 90' lang='lat' dir='ltr'>simile</span> <span class='ocrx_word' id='word_1_283' title='bbox 1079 2466 1129 2496; x_wconf 81' lang='lat' dir='ltr'>stat</span> 
     </span>
     <span class='ocr_line' id='line_1_50' title="bbox 389 2515 1127 2554; baseline 0.001 -10"><span class='ocrx_word' id='word_1_284' title='bbox 389 2515 576 2551; x_wconf 84' lang='lat' dir='ltr'>scrutinium,</span> <span class='ocrx_word' id='word_1_285' title='bbox 600 2515 629 2544; x_wconf 92' lang='lat' dir='ltr'>in</span> <span class='ocrx_word' id='word_1_286' title='bbox 658 2524 715 2554; x_wconf 84' lang='lat' dir='ltr'>quo</span> <span class='ocrx_word' id='word_1_287' title='bbox 749 2515 952 2554; x_wconf 87' lang='lat' dir='ltr'>unusquisque</span> <span class='ocrx_word' id='word_1_288' title='bbox 984 2515 1127 2545; x_wconf 84' lang='lat' dir='ltr'>vocalium</span> 
     </span>
     <span class='ocr_line' id='line_1_51' title="bbox 388 2563 1127 2603; baseline 0.001 -11"><span class='ocrx_word' id='word_1_289' title='bbox 388 2563 497 2592; x_wconf 80' lang='lat' dir='ltr'>scribat</span> <span class='ocrx_word' id='word_1_290' title='bbox 512 2572 542 2592; x_wconf 90' lang='lat' dir='ltr'>se</span> <span class='ocrx_word' id='word_1_291' title='bbox 554 2564 573 2599; x_wconf 84' lang='lat'>¹,</span> <span class='ocrx_word' id='word_1_292' title='bbox 590 2563 740 2600; x_wconf 79' lang='lat' dir='ltr'>seligendo</span> <span class='ocrx_word' id='word_1_293' title='bbox 754 2572 788 2592; x_wconf 82' lang='lat' dir='ltr'>ex</span> <span class='ocrx_word' id='word_1_294' title='bbox 804 2563 935 2601; x_wconf 81' lang='lat' dir='ltr'>catalogo</span> <span class='ocrx_word' id='word_1_295' title='bbox 952 2563 1029 2593; x_wconf 87' lang='lat' dir='ltr'>inter</span> <span class='ocrx_word' id='word_1_296' title='bbox 1044 2568 1127 2603; x_wconf 86' lang='lat' dir='ltr'>aptos</span> 
     </span>
     <span class='ocr_line' id='line_1_52' title="bbox 388 2611 1127 2651; baseline 0.004 -11"><span class='ocrx_word' id='word_1_297' title='bbox 388 2612 423 2641; x_wconf 88' lang='lat' dir='ltr'>ad</span> <span class='ocrx_word' id='word_1_298' title='bbox 446 2611 601 2641; x_wconf 80' lang='lat' dir='ltr'>definitorii</span> <span class='ocrx_word' id='word_1_299' title='bbox 624 2612 752 2642; x_wconf 85' lang='lat' dir='ltr'>osticium</span> <span class='ocrx_word' id='word_1_300' title='bbox 776 2622 828 2651; x_wconf 90' lang='lat' dir='ltr'>pro</span> <span class='ocrx_word' id='word_1_301' title='bbox 844 2614 898 2642; x_wconf 68' lang='lat' dir='ltr'>sua</span> <span class='ocrx_word' id='word_1_302' title='bbox 913 2613 1035 2651; x_wconf 69' lang='lat' dir='ltr'>familia,</span> <span class='ocrx_word' id='word_1_303' title='bbox 1056 2613 1127 2643; x_wconf 84' lang='lat' dir='ltr'>duo-</span> 
     </span>
    </p>

    <p class='ocr_par' dir='ltr' id='par_1_7' title="bbox 426 2664 942 2700">
     <span class='ocr_line' id='line_1_53' title="bbox 426 2664 942 2700; baseline 0.002 -8"><span class='ocrx_word' id='word_1_304' title='bbox 426 2665 436 2692; x_wconf 92' lang='lat'><strong>1</strong></span> <span class='ocrx_word' id='word_1_305' title='bbox 458 2664 515 2692; x_wconf 81' lang='lat' dir='ltr'>Vox</span> <span class='ocrx_word' id='word_1_306' title='bbox 533 2672 560 2691; x_wconf 86' lang='lat' dir='ltr'>se</span> <span class='ocrx_word' id='word_1_307' title='bbox 580 2664 695 2694; x_wconf 79' lang='lat' dir='ltr'>delenda</span> <span class='ocrx_word' id='word_1_308' title='bbox 716 2665 821 2692; x_wconf 89' lang='lat' dir='ltr'>videtur</span> <span class='ocrx_word' id='word_1_309' title='bbox 839 2666 877 2700; x_wconf 76' lang='lat' dir='ltr'>(a.</span> <span class='ocrx_word' id='word_1_310' title='bbox 891 2667 942 2700; x_wconf 65' lang='grc'>1.).</span> 
     </span>
    </p>
   </div>
   <div class='ocr_carea' id='block_1_5' title="bbox 1147 785 1156 2580">
    <p class='ocr_par' dir='ltr' id='par_1_8' title="bbox 1147 785 1156 2580">
     <span class='ocr_line' id='line_1_54' title="bbox 1147 785 1156 2580; baseline 0 0"><span class='ocrx_word' id='word_1_311' title='bbox 1147 785 1156 2580; x_wconf 95' lang='lat' dir='ltr'> </span> 
     </span>
    </p>
   </div>
   <div class='ocr_carea' id='block_1_6' title="bbox 1168 323 1915 2307">
    <p class='ocr_par' dir='ltr' id='par_1_9' title="bbox 1168 323 1914 1628">
     <span class='ocr_line' id='line_1_55' title="bbox 1168 323 1906 361; baseline 0.001 -8"><span class='ocrx_word' id='word_1_312' title='bbox 1168 324 1279 361; x_wconf 84' lang='lat' dir='ltr'>(lecim,</span> <span class='ocrx_word' id='word_1_313' title='bbox 1303 328 1334 354; x_wconf 89' lang='lat' dir='ltr'>ut</span> <span class='ocrx_word' id='word_1_314' title='bbox 1357 333 1393 354; x_wconf 81' lang='lat' dir='ltr'>ex</span> <span class='ocrx_word' id='word_1_315' title='bbox 1416 323 1551 354; x_wconf 86' lang='lat' dir='ltr'>omnihus</span> <span class='ocrx_word' id='word_1_316' title='bbox 1573 323 1721 354; x_wconf 86' lang='lat' dir='ltr'>schedulis</span> <span class='ocrx_word' id='word_1_317' title='bbox 1753 323 1906 355; x_wconf 83' lang='lat' dir='ltr'>duodecim</span> 
     </span>
     <span class='ocr_line' id='line_1_56' title="bbox 1168 372 1908 412; baseline 0.001 -10"><span class='ocrx_word' id='word_1_318' title='bbox 1168 372 1399 408; x_wconf 77' lang='lat' dir='ltr'>continentibus,</span> <span class='ocrx_word' id='word_1_319' title='bbox 1423 382 1437 402; x_wconf 89' lang='lat' dir='ltr'>a</span> <span class='ocrx_word' id='word_1_320' title='bbox 1470 372 1683 403; x_wconf 81' lang='lat' dir='ltr'>scrutatoribus</span> <span class='ocrx_word' id='word_1_321' title='bbox 1715 377 1742 403; x_wconf 87' lang='lat' dir='ltr'>et</span> <span class='ocrx_word' id='word_1_322' title='bbox 1776 373 1908 412; x_wconf 86' lang='lat' dir='ltr'>praeside</span> 
     </span>
     <span class='ocr_line' id='line_1_57' title="bbox 1169 421 1908 460; baseline 0.003 -11"><span class='ocrx_word' id='word_1_323' title='bbox 1169 421 1296 450; x_wconf 83' lang='lat' dir='ltr'>familiae</span> <span class='ocrx_word' id='word_1_324' title='bbox 1320 421 1460 459; x_wconf 71' lang='lat' dir='ltr'>regulatis</span> <span class='ocrx_word' id='word_1_325' title='bbox 1483 421 1619 460; x_wconf 81' lang='lat' dir='ltr'>vocibus,</span> <span class='ocrx_word' id='word_1_326' title='bbox 1654 421 1823 456; x_wconf 83' lang='lat' dir='ltr'>duodecim,</span> <span class='ocrx_word' id='word_1_327' title='bbox 1858 421 1908 460; x_wconf 87' lang='lat' dir='ltr'>qui</span> 
     </span>
     <span class='ocr_line' id='line_1_58' title="bbox 1170 469 1909 509; baseline 0.003 -11"><span class='ocrx_word' id='word_1_328' title='bbox 1170 469 1267 508; x_wconf 91' lang='lat' dir='ltr'>plures</span> <span class='ocrx_word' id='word_1_329' title='bbox 1290 479 1386 507; x_wconf 88' lang='lat' dir='ltr'>voces,</span> <span class='ocrx_word' id='word_1_330' title='bbox 1411 479 1496 509; x_wconf 87' lang='lat' dir='ltr'>quam</span> <span class='ocrx_word' id='word_1_331' title='bbox 1519 470 1607 500; x_wconf 89' lang='lat' dir='ltr'>ceteri</span> <span class='ocrx_word' id='word_1_332' title='bbox 1624 470 1761 506; x_wconf 88' lang='lat' dir='ltr'>habeant,</span> <span class='ocrx_word' id='word_1_333' title='bbox 1778 469 1909 500; x_wconf 87' lang='lat' dir='ltr'>scriban-</span> 
     </span>
     <span class='ocr_line' id='line_1_59' title="bbox 1170 518 1910 556; baseline 0.001 -9"><span class='ocrx_word' id='word_1_334' title='bbox 1170 522 1216 547; x_wconf 89' lang='lat' dir='ltr'>tur</span> <span class='ocrx_word' id='word_1_335' title='bbox 1238 519 1266 548; x_wconf 92' lang='lat' dir='ltr'>in</span> <span class='ocrx_word' id='word_1_336' title='bbox 1291 518 1345 547; x_wconf 79' lang='lat' dir='ltr'>alia</span> <span class='ocrx_word' id='word_1_337' title='bbox 1370 518 1509 548; x_wconf 63' lang='lat' dir='ltr'>schedula</span> <span class='ocrx_word' id='word_1_338' title='bbox 1542 519 1627 548; x_wconf 93' lang='lat' dir='ltr'>modo</span> <span class='ocrx_word' id='word_1_339' title='bbox 1660 519 1755 556; x_wconf 83' lang='lat' dir='ltr'>‹lict03</span> <span class='ocrx_word' id='word_1_340' title='bbox 1779 523 1807 548; x_wconf 90' lang='lat' dir='ltr'>et</span> <span class='ocrx_word' id='word_1_341' title='bbox 1828 518 1910 548; x_wconf 85' lang='lat' dir='ltr'>simi-</span> 
     </span>
     <span class='ocr_line' id='line_1_60' title="bbox 1170 566 1909 605; baseline 0.001 -10"><span class='ocrx_word' id='word_1_342' title='bbox 1170 566 1235 595; x_wconf 89' lang='lat' dir='ltr'>liter</span> <span class='ocrx_word' id='word_1_343' title='bbox 1258 566 1406 605; x_wconf 65' lang='lat' dir='ltr'>publicata</span> <span class='ocrx_word' id='word_1_344' title='bbox 1439 568 1588 605; x_wconf 69' lang='lat' dir='ltr'>postrema</span> <span class='ocrx_word' id='word_1_345' title='bbox 1616 567 1774 604; x_wconf 58' lang='lat' dir='ltr'>schedula,</span> <span class='ocrx_word' id='word_1_346' title='bbox 1809 570 1841 596; x_wconf 88' lang='lat' dir='ltr'>ut</span> <span class='ocrx_word' id='word_1_347' title='bbox 1872 566 1909 597; x_wconf 87' lang='lat' dir='ltr'>de</span> 
     </span>
     <span class='ocr_line' id='line_1_61' title="bbox 1171 615 1907 655; baseline 0.003 -12"><span class='ocrx_word' id='word_1_348' title='bbox 1171 615 1300 654; x_wconf 83' lang='lat' dir='ltr'>proxime</span> <span class='ocrx_word' id='word_1_349' title='bbox 1323 615 1502 653; x_wconf 80' lang='lat' dir='ltr'>eligibilibus</span> <span class='ocrx_word' id='word_1_350' title='bbox 1524 620 1650 651; x_wconf 88' lang='lat' dir='ltr'>constet,</span> <span class='ocrx_word' id='word_1_351' title='bbox 1676 616 1805 645; x_wconf 82' lang='lat' dir='ltr'>tradatur</span> <span class='ocrx_word' id='word_1_352' title='bbox 1827 624 1907 655; x_wconf 87' lang='lat' dir='ltr'>prae-</span> 
     </span>
     <span class='ocr_line' id='line_1_62' title="bbox 1170 664 1907 703; baseline 0.003 -11"><span class='ocrx_word' id='word_1_353' title='bbox 1170 664 1235 693; x_wconf 88' lang='lat' dir='ltr'>sidi.</span> <span class='ocrx_word' id='word_1_354' title='bbox 1259 664 1287 693; x_wconf 84' lang='lat' dir='ltr'>Si</span> <span class='ocrx_word' id='word_1_355' title='bbox 1310 668 1406 693; x_wconf 84' lang='lat' dir='ltr'>autem</span> <span class='ocrx_word' id='word_1_356' title='bbox 1429 664 1584 702; x_wconf 78' lang='lat' dir='ltr'>contigerit</span> <span class='ocrx_word' id='word_1_357' title='bbox 1607 664 1683 703; x_wconf 90' lang='lat' dir='ltr'>quod</span> <span class='ocrx_word' id='word_1_358' title='bbox 1713 664 1743 694; x_wconf 89' lang='lat' dir='ltr'>in</span> <span class='ocrx_word' id='word_1_359' title='bbox 1773 664 1907 702; x_wconf 82' lang='lat' dir='ltr'>eligibili-</span> 
     </span>
     <span class='ocr_line' id='line_1_63' title="bbox 1171 711 1910 751; baseline 0.001 -10"><span class='ocrx_word' id='word_1_360' title='bbox 1171 712 1237 741; x_wconf 86' lang='lat' dir='ltr'>tatis</span> <span class='ocrx_word' id='word_1_361' title='bbox 1260 712 1402 741; x_wconf 87' lang='lat' dir='ltr'>scrutinio</span> <span class='ocrx_word' id='word_1_362' title='bbox 1425 711 1481 741; x_wconf 93' lang='lat' dir='ltr'>duo</span> <span class='ocrx_word' id='word_1_363' title='bbox 1513 712 1558 742; x_wconf 92' lang='lat' dir='ltr'>vel</span> <span class='ocrx_word' id='word_1_364' title='bbox 1582 716 1640 742; x_wconf 89' lang='lat' dir='ltr'>tres</span> <span class='ocrx_word' id='word_1_365' title='bbox 1672 712 1822 751; x_wconf 87' lang='lat' dir='ltr'>aequalem</span> <span class='ocrx_word' id='word_1_366' title='bbox 1856 721 1910 742; x_wconf 85' lang='lat' dir='ltr'>nu-</span> 
     </span>
     <span class='ocr_line' id='line_1_64' title="bbox 1171 760 1907 799; baseline 0.001 -10"><span class='ocrx_word' id='word_1_367' title='bbox 1171 769 1283 789; x_wconf 86' lang='lat' dir='ltr'>merum</span> <span class='ocrx_word' id='word_1_368' title='bbox 1307 760 1513 797; x_wconf 81' lang='lat' dir='ltr'>suffragiorum</span> <span class='ocrx_word' id='word_1_369' title='bbox 1537 770 1588 790; x_wconf 88' lang='lat' dir='ltr'>seu</span> <span class='ocrx_word' id='word_1_370' title='bbox 1622 770 1726 790; x_wconf 90' lang='lat' dir='ltr'>vocum</span> <span class='ocrx_word' id='word_1_371' title='bbox 1760 760 1907 799; x_wconf 80' lang='lat' dir='ltr'>habeant,</span> 
     </span>
     <span class='ocr_line' id='line_1_65' title="bbox 1170 809 1912 848; baseline 0.003 -11"><span class='ocrx_word' id='word_1_372' title='bbox 1170 809 1212 838; x_wconf 91' lang='lat' dir='ltr'>illi</span> <span class='ocrx_word' id='word_1_373' title='bbox 1234 818 1335 838; x_wconf 88' lang='lat' dir='ltr'>omnes</span> <span class='ocrx_word' id='word_1_374' title='bbox 1358 812 1531 848; x_wconf 88' lang='lat' dir='ltr'>reputentur</span> <span class='ocrx_word' id='word_1_375' title='bbox 1547 809 1707 847; x_wconf 86' lang='lat' dir='ltr'>eligibiles:</span> <span class='ocrx_word' id='word_1_376' title='bbox 1732 809 1757 839; x_wconf 88' lang='lat' dir='ltr'>si</span> <span class='ocrx_word' id='word_1_377' title='bbox 1777 819 1843 839; x_wconf 92' lang='lat' dir='ltr'>vero</span> <span class='ocrx_word' id='word_1_378' title='bbox 1858 809 1912 840; x_wconf 90' lang='lat' dir='ltr'>hu-</span> 
     </span>
     <span class='ocr_line' id='line_1_66' title="bbox 1171 858 1911 898; baseline 0.001 -11"><span class='ocrx_word' id='word_1_379' title='bbox 1171 858 1296 887; x_wconf 86' lang='lat' dir='ltr'>iusmodi</span> <span class='ocrx_word' id='word_1_380' title='bbox 1318 858 1478 897; x_wconf 85' lang='lat' dir='ltr'>aequalitas</span> <span class='ocrx_word' id='word_1_381' title='bbox 1501 858 1675 898; x_wconf 85' lang='lat' dir='ltr'>reperiatur,</span> <span class='ocrx_word' id='word_1_382' title='bbox 1707 858 1822 898; x_wconf 84' lang='lat' dir='ltr'>quando</span> <span class='ocrx_word' id='word_1_383' title='bbox 1853 858 1911 888; x_wconf 87' lang='lat' dir='ltr'>iam</span> 
     </span>
     <span class='ocr_line' id='line_1_67' title="bbox 1171 907 1910 946; baseline 0.003 -11"><span class='ocrx_word' id='word_1_384' title='bbox 1171 907 1206 936; x_wconf 88' lang='lat' dir='ltr'>ad</span> <span class='ocrx_word' id='word_1_385' title='bbox 1242 916 1398 936; x_wconf 86' lang='lat' dir='ltr'>numerum</span> <span class='ocrx_word' id='word_1_386' title='bbox 1431 907 1604 946; x_wconf 75' lang='lat' dir='ltr'>eligibilium</span> <span class='ocrx_word' id='word_1_387' title='bbox 1640 907 1733 937; x_wconf 90' lang='lat' dir='ltr'>solum</span> <span class='ocrx_word' id='word_1_388' title='bbox 1770 907 1910 937; x_wconf 82' lang='lat' dir='ltr'>deficiant</span> 
     </span>
     <span class='ocr_line' id='line_1_68' title="bbox 1172 955 1911 995; baseline 0.001 -10"><span class='ocrx_word' id='word_1_389' title='bbox 1172 957 1277 993; x_wconf 82' lang='lat' dir='ltr'>unus&#39;,</span> <span class='ocrx_word' id='word_1_390' title='bbox 1302 955 1358 985; x_wconf 88' lang='lat' dir='ltr'>duo</span> <span class='ocrx_word' id='word_1_391' title='bbox 1393 956 1436 985; x_wconf 89' lang='lat' dir='ltr'>vel</span> <span class='ocrx_word' id='word_1_392' title='bbox 1469 960 1540 994; x_wconf 88' lang='lat' dir='ltr'>tres,</span> <span class='ocrx_word' id='word_1_393' title='bbox 1566 961 1633 986; x_wconf 89' lang='lat' dir='ltr'>tunc</span> <span class='ocrx_word' id='word_1_394' title='bbox 1665 956 1848 995; x_wconf 85' lang='lat' dir='ltr'>antiquiores</span> <span class='ocrx_word' id='word_1_395' title='bbox 1881 955 1911 986; x_wconf 89' lang='lat' dir='ltr'>in</span> 
     </span>
     <span class='ocr_line' id='line_1_69' title="bbox 1173 1003 1911 1043; baseline 0.001 -10"><span class='ocrx_word' id='word_1_396' title='bbox 1173 1004 1351 1043; x_wconf 83' lang='lat' dir='ltr'>professione</span> <span class='ocrx_word' id='word_1_397' title='bbox 1384 1003 1528 1042; x_wconf 84' lang='lat' dir='ltr'>eligibiles</span> <span class='ocrx_word' id='word_1_398' title='bbox 1560 1008 1744 1043; x_wconf 87' lang='lat' dir='ltr'>reputentur.</span> <span class='ocrx_word' id='word_1_399' title='bbox 1778 1004 1911 1034; x_wconf 89' lang='lat' dir='ltr'>Ceterum</span> 
     </span>
     <span class='ocr_line' id='line_1_70' title="bbox 1172 1052 1911 1092; baseline 0.001 -11"><span class='ocrx_word' id='word_1_400' title='bbox 1172 1052 1196 1081; x_wconf 91' lang='lat' dir='ltr'>si</span> <span class='ocrx_word' id='word_1_401' title='bbox 1220 1061 1321 1081; x_wconf 89' lang='lat' dir='ltr'>omnes</span> <span class='ocrx_word' id='word_1_402' title='bbox 1344 1061 1428 1081; x_wconf 87' lang='lat' dir='ltr'>voces</span> <span class='ocrx_word' id='word_1_403' title='bbox 1461 1052 1644 1090; x_wconf 85' lang='lat' dir='ltr'>singulorum</span> <span class='ocrx_word' id='word_1_404' title='bbox 1678 1052 1824 1082; x_wconf 91' lang='lat' dir='ltr'>vocalium</span> <span class='ocrx_word' id='word_1_405' title='bbox 1859 1061 1911 1092; x_wconf 91' lang='lat' dir='ltr'>pro</span> 
     </span>
     <span class='ocr_line' id='line_1_71' title="bbox 1172 1100 1912 1140; baseline 0.003 -11"><span class='ocrx_word' id='word_1_406' title='bbox 1172 1100 1304 1138; x_wconf 90' lang='lat' dir='ltr'>duobus,</span> <span class='ocrx_word' id='word_1_407' title='bbox 1329 1100 1421 1130; x_wconf 88' lang='lat' dir='ltr'>tribus</span> <span class='ocrx_word' id='word_1_408' title='bbox 1444 1105 1493 1130; x_wconf 87' lang='lat' dir='ltr'>aut</span> <span class='ocrx_word' id='word_1_409' title='bbox 1515 1105 1639 1140; x_wconf 89' lang='lat' dir='ltr'>quatuor</span> <span class='ocrx_word' id='word_1_410' title='bbox 1662 1100 1844 1139; x_wconf 81' lang='lat' dir='ltr'>eligibilibus</span> <span class='ocrx_word' id='word_1_411' title='bbox 1865 1111 1912 1131; x_wconf 87' lang='lat' dir='ltr'>re-</span> 
     </span>
     <span class='ocr_line' id='line_1_72' title="bbox 1173 1149 1913 1188; baseline 0.003 -10"><span class='ocrx_word' id='word_1_412' title='bbox 1173 1149 1336 1188; x_wconf 85' lang='lat' dir='ltr'>periantur,</span> <span class='ocrx_word' id='word_1_413' title='bbox 1361 1150 1410 1178; x_wconf 83' lang='lat' dir='ltr'>stat</span> <span class='ocrx_word' id='word_1_414' title='bbox 1432 1150 1593 1179; x_wconf 88' lang='lat' dir='ltr'>secundum</span> <span class='ocrx_word' id='word_1_415' title='bbox 1617 1149 1793 1179; x_wconf 90' lang='lat' dir='ltr'>scrutinium</span> <span class='ocrx_word' id='word_1_416' title='bbox 1809 1149 1844 1179; x_wconf 87' lang='lat' dir='ltr'>ad</span> <span class='ocrx_word' id='word_1_417' title='bbox 1860 1149 1913 1180; x_wconf 87' lang='lat' dir='ltr'>eli-</span> 
     </span>
     <span class='ocr_line' id='line_1_73' title="bbox 1172 1198 1914 1238; baseline 0.003 -11"><span class='ocrx_word' id='word_1_418' title='bbox 1172 1198 1349 1236; x_wconf 83' lang='lat' dir='ltr'>gibilitatem</span> <span class='ocrx_word' id='word_1_419' title='bbox 1383 1199 1501 1228; x_wconf 89' lang='lat' dir='ltr'>illorum</span> <span class='ocrx_word' id='word_1_420' title='bbox 1534 1200 1584 1238; x_wconf 90' lang='lat' dir='ltr'>qui</span> <span class='ocrx_word' id='word_1_421' title='bbox 1616 1208 1710 1238; x_wconf 87' lang='lat' dir='ltr'>usque</span> <span class='ocrx_word' id='word_1_422' title='bbox 1742 1199 1776 1229; x_wconf 85' lang='lat' dir='ltr'>ad</span> <span class='ocrx_word' id='word_1_423' title='bbox 1810 1208 1914 1230; x_wconf 89' lang='lat' dir='ltr'>nume-</span> 
     </span>
     <span class='ocr_line' id='line_1_74' title="bbox 1173 1247 1913 1287; baseline 0.003 -11"><span class='ocrx_word' id='word_1_424' title='bbox 1173 1256 1237 1276; x_wconf 88' lang='lat' dir='ltr'>rum</span> <span class='ocrx_word' id='word_1_425' title='bbox 1262 1248 1396 1286; x_wconf 63' lang='lat' dir='ltr'>proxime</span> <span class='ocrx_word' id='word_1_426' title='bbox 1420 1247 1594 1285; x_wconf 73' lang='lat' dir='ltr'>eligibilium</span> <span class='ocrx_word' id='word_1_427' title='bbox 1618 1247 1776 1277; x_wconf 85' lang='lat' dir='ltr'>defuerint.</span> <span class='ocrx_word' id='word_1_428' title='bbox 1800 1248 1913 1287; x_wconf 79' lang='lat' dir='ltr'>Siquis</span> 
     </span>
     <span class='ocr_line' id='line_1_75' title="bbox 1172 1297 1913 1336; baseline 0.003 -11"><span class='ocrx_word' id='word_1_429' title='bbox 1172 1301 1268 1326; x_wconf 86' lang='lat' dir='ltr'>autem</span> <span class='ocrx_word' id='word_1_430' title='bbox 1292 1297 1430 1326; x_wconf 81' lang='lat' dir='ltr'>iuventus</span> <span class='ocrx_word' id='word_1_431' title='bbox 1453 1297 1540 1326; x_wconf 84' lang='lat' dir='ltr'>fuerit</span> <span class='ocrx_word' id='word_1_432' title='bbox 1561 1306 1591 1326; x_wconf 89' lang='lat' dir='ltr'>se</span> <span class='ocrx_word' id='word_1_433' title='bbox 1619 1297 1716 1336; x_wconf 88' lang='lat' dir='ltr'>ipsum</span> <span class='ocrx_word' id='word_1_434' title='bbox 1743 1297 1913 1327; x_wconf 87' lang='lat' dir='ltr'>nominasse</span> 
     </span>
     <span class='ocr_line' id='line_1_76' title="bbox 1172 1345 1914 1383; baseline 0.003 -9"><span class='ocrx_word' id='word_1_435' title='bbox 1172 1345 1200 1374; x_wconf 93' lang='lat' dir='ltr'>iu</span> <span class='ocrx_word' id='word_1_436' title='bbox 1225 1345 1365 1374; x_wconf 68' lang='lat' dir='ltr'>schedula</span> <span class='ocrx_word' id='word_1_437' title='bbox 1384 1346 1553 1375; x_wconf 83' lang='lat' dir='ltr'>selectiouis</span> <span class='ocrx_word' id='word_1_438' title='bbox 1571 1346 1606 1375; x_wconf 90' lang='lat' dir='ltr'>ad</span> <span class='ocrx_word' id='word_1_439' title='bbox 1624 1345 1816 1383; x_wconf 80' lang='lat' dir='ltr'>eligibilitatis</span> <span class='ocrx_word' id='word_1_440' title='bbox 1832 1355 1914 1376; x_wconf 90' lang='lat' dir='ltr'>scru-</span> 
     </span>
     <span class='ocr_line' id='line_1_77' title="bbox 1174 1393 1911 1434; baseline 0.003 -12"><span class='ocrx_word' id='word_1_441' title='bbox 1174 1393 1277 1423; x_wconf 89' lang='lat' dir='ltr'>tinium</span> <span class='ocrx_word' id='word_1_442' title='bbox 1295 1418 1302 1431; x_wconf 89' lang='lat'><strong>‚</strong></span> <span class='ocrx_word' id='word_1_443' title='bbox 1327 1404 1360 1425; x_wconf 87' lang='lat' dir='ltr'>eo</span> <span class='ocrx_word' id='word_1_444' title='bbox 1383 1394 1445 1433; x_wconf 86' lang='lat' dir='ltr'>ipso</span> <span class='ocrx_word' id='word_1_445' title='bbox 1470 1394 1641 1432; x_wconf 83' lang='lat' dir='ltr'>ineligibilis</span> <span class='ocrx_word' id='word_1_446' title='bbox 1669 1395 1727 1433; x_wconf 90' lang='lat' dir='ltr'>sit,</span> <span class='ocrx_word' id='word_1_447' title='bbox 1756 1395 1911 1434; x_wconf 88' lang='lat' dir='ltr'>quamvis,</span> 
     </span>
     <span class='ocr_line' id='line_1_78' title="bbox 1172 1442 1913 1483; baseline 0.003 -12"><span class='ocrx_word' id='word_1_448' title='bbox 1172 1442 1287 1471; x_wconf 69' lang='lat' dir='ltr'>seclusa</span> <span class='ocrx_word' id='word_1_449' title='bbox 1303 1452 1372 1472; x_wconf 87' lang='lat' dir='ltr'>voce</span> <span class='ocrx_word' id='word_1_450' title='bbox 1389 1443 1478 1479; x_wconf 86' lang='lat' dir='ltr'>illius,</span> <span class='ocrx_word' id='word_1_451' title='bbox 1493 1447 1604 1473; x_wconf 87' lang='lat' dir='ltr'>ceteras</span> <span class='ocrx_word' id='word_1_452' title='bbox 1621 1451 1723 1472; x_wconf 90' lang='lat' dir='ltr'>omnes</span> <span class='ocrx_word' id='word_1_453' title='bbox 1739 1443 1845 1473; x_wconf 79' lang='lat' dir='ltr'>haheat</span> <span class='ocrx_word' id='word_1_454' title='bbox 1860 1452 1913 1483; x_wconf 92' lang='lat' dir='ltr'>pro</span> 
     </span>
     <span class='ocr_line' id='line_1_79' title="bbox 1172 1491 1914 1530; baseline 0.004 -11"><span class='ocrx_word' id='word_1_455' title='bbox 1172 1500 1213 1520; x_wconf 89' lang='lat' dir='ltr'>se.</span> <span class='ocrx_word' id='word_1_456' title='bbox 1228 1491 1369 1521; x_wconf 82' lang='lat' dir='ltr'>Caveatur</span> <span class='ocrx_word' id='word_1_457' title='bbox 1385 1492 1498 1530; x_wconf 88' lang='lat' dir='ltr'>stricte,</span> <span class='ocrx_word' id='word_1_458' title='bbox 1515 1501 1551 1521; x_wconf 89' lang='lat' dir='ltr'>ne</span> <span class='ocrx_word' id='word_1_459' title='bbox 1566 1495 1746 1521; x_wconf 82' lang='lat' dir='ltr'>scrutatores</span> <span class='ocrx_word' id='word_1_460' title='bbox 1763 1492 1814 1522; x_wconf 84' lang='lat' dir='ltr'>ulli</span> <span class='ocrx_word' id='word_1_461' title='bbox 1830 1501 1914 1522; x_wconf 88' lang='lat' dir='ltr'>voca-</span> 
     </span>
     <span class='ocr_line' id='line_1_80' title="bbox 1173 1540 1913 1581; baseline 0.003 -12"><span class='ocrx_word' id='word_1_462' title='bbox 1173 1540 1242 1570; x_wconf 90' lang='lat' dir='ltr'>lium</span> <span class='ocrx_word' id='word_1_463' title='bbox 1259 1541 1388 1570; x_wconf 83' lang='lat' dir='ltr'>revelare</span> <span class='ocrx_word' id='word_1_464' title='bbox 1403 1540 1529 1570; x_wconf 84' lang='lat' dir='ltr'>audeant</span> <span class='ocrx_word' id='word_1_465' title='bbox 1543 1550 1696 1570; x_wconf 85' lang='lat' dir='ltr'>numerum</span> <span class='ocrx_word' id='word_1_466' title='bbox 1711 1550 1827 1576; x_wconf 88' lang='lat' dir='ltr'>vocum,</span> <span class='ocrx_word' id='word_1_467' title='bbox 1841 1550 1913 1581; x_wconf 86' lang='lat' dir='ltr'>quas</span> 
     </span>
     <span class='ocr_line' id='line_1_81' title="bbox 1174 1588 1894 1628; baseline 0.001 -10"><span class='ocrx_word' id='word_1_468' title='bbox 1174 1589 1314 1619; x_wconf 82' lang='lat' dir='ltr'>habuerat</span> <span class='ocrx_word' id='word_1_469' title='bbox 1337 1589 1459 1628; x_wconf 88' lang='lat' dir='ltr'>aliquis,</span> <span class='ocrx_word' id='word_1_470' title='bbox 1484 1589 1533 1628; x_wconf 92' lang='lat' dir='ltr'>qui</span> <span class='ocrx_word' id='word_1_471' title='bbox 1556 1589 1694 1628; x_wconf 81' lang='lat' dir='ltr'>eligibilis</span> <span class='ocrx_word' id='word_1_472' title='bbox 1717 1588 1894 1628; x_wconf 87' lang='lat' dir='ltr'>publicatur.</span> 
     </span>
    </p>

    <p class='ocr_par' dir='ltr' id='par_1_10' title="bbox 1173 1638 1915 2019">
     <span class='ocr_line' id='line_1_82' title="bbox 1214 1638 1912 1677; baseline 0.001 -10"><span class='ocrx_word' id='word_1_473' title='bbox 1214 1647 1261 1667; x_wconf 78' lang='lat' dir='ltr'>xx.</span> <span class='ocrx_word' id='word_1_474' title='bbox 1297 1638 1376 1673; x_wconf 82' lang='lat' dir='ltr'>Quod</span> <span class='ocrx_word' id='word_1_475' title='bbox 1413 1638 1497 1668; x_wconf 82' lang='lat' dir='ltr'>factis</span> <span class='ocrx_word' id='word_1_476' title='bbox 1528 1638 1563 1667; x_wconf 87' lang='lat' dir='ltr'>ab</span> <span class='ocrx_word' id='word_1_477' title='bbox 1597 1639 1772 1677; x_wconf 68' lang='lat' dir='ltr'>unaquaque</span> <span class='ocrx_word' id='word_1_478' title='bbox 1804 1638 1912 1668; x_wconf 76' lang='lat' dir='ltr'>familia</span> 
     </span>
     <span class='ocr_line' id='line_1_83' title="bbox 1174 1687 1914 1726; baseline 0 -10"><span class='ocrx_word' id='word_1_479' title='bbox 1174 1687 1331 1726; x_wconf 79' lang='lat' dir='ltr'>praedIctis</span> <span class='ocrx_word' id='word_1_480' title='bbox 1353 1687 1516 1725; x_wconf 88' lang='lat' dir='ltr'>scrutiniis,</span> <span class='ocrx_word' id='word_1_481' title='bbox 1535 1687 1701 1726; x_wconf 59' lang='lat' dir='ltr'>traditfique</span> <span class='ocrx_word' id='word_1_482' title='bbox 1718 1687 1847 1726; x_wconf 88' lang='lat' dir='ltr'>praesidi</span> <span class='ocrx_word' id='word_1_483' title='bbox 1866 1696 1914 1717; x_wconf 88' lang='lat' dir='ltr'>ca-</span> 
     </span>
     <span class='ocr_line' id='line_1_84' title="bbox 1175 1735 1915 1775; baseline 0.003 -12"><span class='ocrx_word' id='word_1_484' title='bbox 1175 1736 1257 1775; x_wconf 89' lang='lat' dir='ltr'>pituli</span> <span class='ocrx_word' id='word_1_485' title='bbox 1281 1735 1422 1764; x_wconf 69' lang='lat' dir='ltr'>schedula</span> <span class='ocrx_word' id='word_1_486' title='bbox 1445 1735 1619 1773; x_wconf 78' lang='lat' dir='ltr'>eligibilium</span> <span class='ocrx_word' id='word_1_487' title='bbox 1644 1735 1729 1765; x_wconf 90' lang='lat' dir='ltr'>modo</span> <span class='ocrx_word' id='word_1_488' title='bbox 1764 1735 1841 1765; x_wconf 90' lang='lat' dir='ltr'>dicto</span> <span class='ocrx_word' id='word_1_489' title='bbox 1873 1735 1915 1765; x_wconf 87' lang='lat' dir='ltr'>ef-</span> 
     </span>
     <span class='ocr_line' id='line_1_85' title="bbox 1174 1784 1915 1823; baseline 0.001 -10"><span class='ocrx_word' id='word_1_490' title='bbox 1174 1785 1295 1813; x_wconf 76' lang='lat' dir='ltr'>formata</span> <span class='ocrx_word' id='word_1_491' title='bbox 1318 1793 1369 1823; x_wconf 87' lang='lat' dir='ltr'>pro</span> <span class='ocrx_word' id='word_1_492' title='bbox 1392 1784 1571 1822; x_wconf 81' lang='lat' dir='ltr'>eligibilibus</span> <span class='ocrx_word' id='word_1_493' title='bbox 1587 1793 1657 1814; x_wconf 85' lang='lat' dir='ltr'>suae</span> <span class='ocrx_word' id='word_1_494' title='bbox 1676 1784 1813 1822; x_wconf 86' lang='lat' dir='ltr'>familiae,</span> <span class='ocrx_word' id='word_1_495' title='bbox 1831 1793 1915 1823; x_wconf 88' lang='lat' dir='ltr'>prae—</span> 
     </span>
     <span class='ocr_line' id='line_1_86' title="bbox 1174 1832 1914 1872; baseline 0 -10"><span class='ocrx_word' id='word_1_496' title='bbox 1174 1842 1219 1862; x_wconf 89' lang='lat' dir='ltr'>ses</span> <span class='ocrx_word' id='word_1_497' title='bbox 1247 1833 1336 1862; x_wconf 90' lang='lat' dir='ltr'>totius</span> <span class='ocrx_word' id='word_1_498' title='bbox 1359 1833 1481 1871; x_wconf 83' lang='lat' dir='ltr'>capituli</span> <span class='ocrx_word' id='word_1_499' title='bbox 1515 1832 1654 1861; x_wconf 87' lang='lat' dir='ltr'>familiam</span> <span class='ocrx_word' id='word_1_500' title='bbox 1684 1833 1830 1870; x_wconf 85' lang='lat' dir='ltr'>generalis</span> <span class='ocrx_word' id='word_1_501' title='bbox 1862 1833 1914 1872; x_wconf 87' lang='lat' dir='ltr'>qui</span> 
     </span>
     <span class='ocr_line' id='line_1_87' title="bbox 1173 1881 1914 1921; baseline 0.003 -11"><span class='ocrx_word' id='word_1_502' title='bbox 1173 1883 1264 1921; x_wconf 85' lang='lat' dir='ltr'>spirat</span> <span class='ocrx_word' id='word_1_503' title='bbox 1286 1882 1440 1912; x_wconf 81' lang='lat' dir='ltr'>certiorem</span> <span class='ocrx_word' id='word_1_504' title='bbox 1471 1881 1557 1911; x_wconf 86' lang='lat' dir='ltr'>faciat</span> <span class='ocrx_word' id='word_1_505' title='bbox 1589 1882 1624 1911; x_wconf 92' lang='lat' dir='ltr'>de</span> <span class='ocrx_word' id='word_1_506' title='bbox 1651 1881 1835 1919; x_wconf 87' lang='lat' dir='ltr'>eligibilitate</span> <span class='ocrx_word' id='word_1_507' title='bbox 1857 1881 1914 1912; x_wconf 87' lang='lat' dir='ltr'>sibi</span> 
     </span>
     <span class='ocr_line' id='line_1_88' title="bbox 1174 1930 1913 1970; baseline 0 -9"><span class='ocrx_word' id='word_1_508' title='bbox 1174 1932 1243 1961; x_wconf 69' lang='lat' dir='ltr'>nota</span> <span class='ocrx_word' id='word_1_509' title='bbox 1265 1931 1300 1961; x_wconf 86' lang='lat' dir='ltr'>ad</span> <span class='ocrx_word' id='word_1_510' title='bbox 1323 1930 1480 1960; x_wconf 79' lang='lat' dir='ltr'>electiones</span> <span class='ocrx_word' id='word_1_511' title='bbox 1515 1930 1648 1970; x_wconf 86' lang='lat' dir='ltr'>proxime</span> <span class='ocrx_word' id='word_1_512' title='bbox 1678 1931 1792 1960; x_wconf 86' lang='lat' dir='ltr'>futuras</span> <span class='ocrx_word' id='word_1_513' title='bbox 1815 1939 1830 1960; x_wconf 87' lang='lat' dir='ltr'>a</span> <span class='ocrx_word' id='word_1_514' title='bbox 1853 1935 1913 1961; x_wconf 88' lang='lat' dir='ltr'>toto</span> 
     </span>
     <span class='ocr_line' id='line_1_89' title="bbox 1174 1979 1482 2019; baseline -0.003 -10"><span class='ocrx_word' id='word_1_515' title='bbox 1174 1980 1300 2019; x_wconf 85' lang='lat' dir='ltr'>capitulo</span> <span class='ocrx_word' id='word_1_516' title='bbox 1322 1979 1482 2009; x_wconf 85' lang='lat' dir='ltr'>faciendas.</span> 
     </span>
    </p>

    <p class='ocr_par' dir='ltr' id='par_1_11' title="bbox 1173 2027 1915 2307">
     <span class='ocr_line' id='line_1_90' title="bbox 1216 2027 1915 2067; baseline 0.001 -10"><span class='ocrx_word' id='word_1_517' title='bbox 1216 2037 1275 2058; x_wconf 76' lang='lat' dir='ltr'>xxi.</span> <span class='ocrx_word' id='word_1_518' title='bbox 1301 2028 1381 2064; x_wconf 86' lang='lat' dir='ltr'>Quod</span> <span class='ocrx_word' id='word_1_519' title='bbox 1405 2028 1429 2058; x_wconf 89' lang='lat' dir='ltr'>si</span> <span class='ocrx_word' id='word_1_520' title='bbox 1451 2028 1479 2057; x_wconf 86' lang='lat' dir='ltr'>in</span> <span class='ocrx_word' id='word_1_521' title='bbox 1504 2028 1603 2067; x_wconf 87' lang='lat' dir='ltr'>aliquo</span> <span class='ocrx_word' id='word_1_522' title='bbox 1625 2027 1768 2058; x_wconf 87' lang='lat' dir='ltr'>scrutinio</span> <span class='ocrx_word' id='word_1_523' title='bbox 1800 2027 1915 2067; x_wconf 85' lang='lat' dir='ltr'>eligibi-</span> 
     </span>
     <span class='ocr_line' id='line_1_91' title="bbox 1174 2076 1913 2116; baseline -0.001 -9"><span class='ocrx_word' id='word_1_524' title='bbox 1174 2077 1276 2113; x_wconf 88' lang='lat' dir='ltr'>litatis‚</span> <span class='ocrx_word' id='word_1_525' title='bbox 1301 2077 1345 2107; x_wconf 90' lang='lat' dir='ltr'>vel</span> <span class='ocrx_word' id='word_1_526' title='bbox 1368 2086 1456 2116; x_wconf 86' lang='lat' dir='ltr'>supra</span> <span class='ocrx_word' id='word_1_527' title='bbox 1479 2086 1512 2106; x_wconf 85' lang='lat' dir='ltr'>co</span> <span class='ocrx_word' id='word_1_528' title='bbox 1529 2077 1643 2116; x_wconf 88' lang='lat' dir='ltr'>aliquae</span> <span class='ocrx_word' id='word_1_529' title='bbox 1661 2076 1849 2107; x_wconf 83' lang='lat' dir='ltr'>difficultates</span> <span class='ocrx_word' id='word_1_530' title='bbox 1865 2086 1913 2107; x_wconf 88' lang='lat' dir='ltr'>oc-</span> 
     </span>
     <span class='ocr_line' id='line_1_92' title="bbox 1173 2124 1912 2163; baseline -0.001 -8"><span class='ocrx_word' id='word_1_531' title='bbox 1173 2125 1332 2163; x_wconf 89' lang='lat' dir='ltr'>currerint,</span> <span class='ocrx_word' id='word_1_532' title='bbox 1356 2125 1595 2155; x_wconf 87' lang='lat' dir='ltr'>determinandae</span> <span class='ocrx_word' id='word_1_533' title='bbox 1617 2129 1685 2155; x_wconf 91' lang='lat' dir='ltr'>suut</span> <span class='ocrx_word' id='word_1_534' title='bbox 1707 2134 1721 2154; x_wconf 95' lang='lat' dir='ltr'>a</span> <span class='ocrx_word' id='word_1_535' title='bbox 1745 2124 1912 2155; x_wconf 86' lang='lat' dir='ltr'>definitorio</span> 
     </span>
     <span class='ocr_line' id='line_1_93' title="bbox 1173 2173 1913 2213; baseline -0.001 -9"><span class='ocrx_word' id='word_1_536' title='bbox 1173 2175 1302 2213; x_wconf 80' lang='lat' dir='ltr'>generali</span> <span class='ocrx_word' id='word_1_537' title='bbox 1326 2174 1456 2204; x_wconf 87' lang='lat' dir='ltr'>eiusdem</span> <span class='ocrx_word' id='word_1_538' title='bbox 1480 2174 1618 2212; x_wconf 82' lang='lat' dir='ltr'>fatniliae,</span> <span class='ocrx_word' id='word_1_539' title='bbox 1637 2173 1720 2204; x_wconf 89' lang='lat' dir='ltr'>cuius</span> <span class='ocrx_word' id='word_1_540' title='bbox 1741 2173 1913 2204; x_wconf 87' lang='lat' dir='ltr'>resolutioni</span> 
     </span>
     <span class='ocr_line' id='line_1_94' title="bbox 1173 2222 1913 2262; baseline -0.001 -9"><span class='ocrx_word' id='word_1_541' title='bbox 1173 2223 1308 2253; x_wconf 77' lang='lat' dir='ltr'>standum</span> <span class='ocrx_word' id='word_1_542' title='bbox 1331 2223 1398 2261; x_wconf 88' lang='lat' dir='ltr'>erit,</span> <span class='ocrx_word' id='word_1_543' title='bbox 1420 2222 1474 2252; x_wconf 92' lang='lat' dir='ltr'>sub</span> <span class='ocrx_word' id='word_1_544' title='bbox 1491 2224 1585 2262; x_wconf 66' lang='lat' dir='ltr'>poena</span> <span class='ocrx_word' id='word_1_545' title='bbox 1601 2222 1635 2252; x_wconf 90' lang='lat' dir='ltr'>ad</span> <span class='ocrx_word' id='word_1_546' title='bbox 1650 2222 1803 2252; x_wconf 88' lang='lat' dir='ltr'>arbitrium</span> <span class='ocrx_word' id='word_1_547' title='bbox 1820 2222 1913 2262; x_wconf 87' lang='lat' dir='ltr'>ipsius</span> 
     </span>
     <span class='ocr_line' id='line_1_95' title="bbox 1173 2273 1653 2307; baseline -0.002 -4"><span class='ocrx_word' id='word_1_548' title='bbox 1173 2273 1344 2307; x_wconf 78' lang='lat' dir='ltr'>definitorii,</span> <span class='ocrx_word' id='word_1_549' title='bbox 1651 2283 1653 2285; x_wconf 93' lang='lat'>·</span> 
     </span>
    </p>
   </div>
   <div class='ocr_carea' id='block_1_7' title="bbox 1213 2321 2109 2380">
    <p class='ocr_par' dir='ltr' id='par_1_12' title="bbox 1213 2321 2109 2380">
     <span class='ocr_line' id='line_1_96' title="bbox 1213 2321 2109 2380; baseline 0.003 -30"><span class='ocrx_word' id='word_1_550' title='bbox 1213 2331 1282 2351; x_wconf 80' lang='lat' dir='ltr'>xxn.</span> <span class='ocrx_word' id='word_1_551' title='bbox 1306 2321 1386 2357; x_wconf 89' lang='lat' dir='ltr'>Quod</span> <span class='ocrx_word' id='word_1_552' title='bbox 1411 2321 1455 2350; x_wconf 89' lang='lat' dir='ltr'>his</span> <span class='ocrx_word' id='word_1_553' title='bbox 1471 2321 1607 2351; x_wconf 87' lang='lat' dir='ltr'>omnibus</span> <span class='ocrx_word' id='word_1_554' title='bbox 1623 2321 1725 2351; x_wconf 69' lang='lat' dir='ltr'>eadem</span> <span class='ocrx_word' id='word_1_555' title='bbox 1743 2321 1812 2351; x_wconf 74' lang='lat' dir='ltr'>feria</span> <span class='ocrx_word' id='word_1_556' title='bbox 1830 2322 1913 2352; x_wconf 66' lang='lat' dir='ltr'>sexte</span> <span class='ocrx_word' id='word_1_557' title='bbox 1960 2331 2109 2380; x_wconf 54' lang='grc' dir='ltr'>ΜΙῑηῑἹνίιμ-</span> 
     </span>
     <span class='ocr_line' id='line_1_97' title="bbox 1923 2364 2097 2380; baseline -0.006 0"><span class='ocrx_word' id='word_1_558' title='bbox 1923 2364 1973 2380; x_wconf 72' lang='lat' dir='ltr'>nera</span> <span class='ocrx_word' id='word_1_559' title='bbox 1984 2365 2001 2379; x_wconf 87' lang='lat' dir='ltr'>ts</span> <span class='ocrx_word' id='word_1_560' title='bbox 2012 2367 2022 2379; x_wconf 68' lang='lat' dir='ltr'>e</span> <span class='ocrx_word' id='word_1_561' title='bbox 2034 2365 2057 2380; x_wconf 78' lang='lat' dir='ltr'>ut:</span> <span class='ocrx_word' id='word_1_562' title='bbox 2069 2365 2097 2380; x_wconf 86' lang='grc' dir='ltr'>Ιυ.</span> 
     </span>
    </p>
   </div>
   <div class='ocr_carea' id='block_1_8' title="bbox 1170 2369 1912 2703">
    <p class='ocr_par' dir='ltr' id='par_1_13' title="bbox 1172 2369 1909 2409">
     <span class='ocr_line' id='line_1_98' title="bbox 1172 2369 1909 2409; baseline 0.001 -10"><span class='ocrx_word' id='word_1_563' title='bbox 1172 2370 1336 2408; x_wconf 72' lang='lat' dir='ltr'>expeditIS,</span> <span class='ocrx_word' id='word_1_564' title='bbox 1370 2369 1502 2409; x_wconf 84' lang='lat' dir='ltr'>sequenti</span> <span class='ocrx_word' id='word_1_565' title='bbox 1538 2370 1603 2406; x_wconf 90' lang='lat' dir='ltr'>die,</span> <span class='ocrx_word' id='word_1_566' title='bbox 1637 2369 1759 2399; x_wconf 87' lang='lat' dir='ltr'>sabbato</span> <span class='ocrx_word' id='word_1_567' title='bbox 1780 2370 1909 2408; x_wconf 88' lang='lat' dir='ltr'>scilicet,</span> 
     </span>
    </p>

    <p class='ocr_par' dir='ltr' id='par_1_14' title="bbox 1173 2419 1912 2458">
     <span class='ocr_line' id='line_1_99' title="bbox 1173 2419 1912 2458; baseline 0.003 -10"><span class='ocrx_word' id='word_1_568' title='bbox 1173 2422 1237 2456; x_wconf 89' lang='lat' dir='ltr'>post</span> <span class='ocrx_word' id='word_1_569' title='bbox 1259 2419 1418 2448; x_wconf 88' lang='lat' dir='ltr'>solemnem</span> <span class='ocrx_word' id='word_1_570' title='bbox 1451 2419 1579 2458; x_wconf 84' lang='lat' dir='ltr'>Spiritus</span> <span class='ocrx_word' id='word_1_571' title='bbox 1602 2419 1703 2449; x_wconf 83' lang='lat' dir='ltr'>Sancti</span> <span class='ocrx_word' id='word_1_572' title='bbox 1733 2419 1850 2449; x_wconf 85' lang='lat' dir='ltr'>missam</span> <span class='ocrx_word' id='word_1_573' title='bbox 1883 2424 1912 2450; x_wconf 85' lang='lat' dir='ltr'>et</span> 
     </span>
    </p>

    <p class='ocr_par' dir='ltr' id='par_1_15' title="bbox 1172 2467 1910 2505">
     <span class='ocr_line' id='line_1_100' title="bbox 1172 2467 1910 2505; baseline 0.004 -10"><span class='ocrx_word' id='word_1_574' title='bbox 1172 2472 1268 2496; x_wconf 81' lang='lat' dir='ltr'>cetera</span> <span class='ocrx_word' id='word_1_575' title='bbox 1307 2477 1381 2505; x_wconf 83' lang='lat' dir='ltr'>quae</span> <span class='ocrx_word' id='word_1_576' title='bbox 1416 2467 1494 2496; x_wconf 85' lang='lat' dir='ltr'>iuxta</span> <span class='ocrx_word' id='word_1_577' title='bbox 1534 2472 1649 2497; x_wconf 85' lang='lat' dir='ltr'>nostras</span> <span class='ocrx_word' id='word_1_578' title='bbox 1684 2468 1910 2498; x_wconf 86' lang='lat' dir='ltr'>constitutiones</span> 
     </span>
    </p>

    <p class='ocr_par' dir='ltr' id='par_1_16' title="bbox 1171 2514 1910 2554">
     <span class='ocr_line' id='line_1_101' title="bbox 1171 2514 1910 2554; baseline 0.003 -10"><span class='ocrx_word' id='word_1_579' title='bbox 1171 2514 1278 2544; x_wconf 86' lang='lat' dir='ltr'>debent</span> <span class='ocrx_word' id='word_1_580' title='bbox 1301 2515 1467 2554; x_wconf 85' lang='lat' dir='ltr'>praemitti,</span> <span class='ocrx_word' id='word_1_581' title='bbox 1501 2520 1716 2554; x_wconf 77' lang='lat' dir='ltr'>congregentur</span> <span class='ocrx_word' id='word_1_582' title='bbox 1746 2525 1848 2546; x_wconf 90' lang='lat' dir='ltr'>omues</span> <span class='ocrx_word' id='word_1_583' title='bbox 1877 2525 1910 2547; x_wconf 86' lang='lat' dir='ltr'>eo</span> 
     </span>
    </p>

    <p class='ocr_par' dir='ltr' id='par_1_17' title="bbox 1172 2563 1910 2603">
     <span class='ocr_line' id='line_1_102' title="bbox 1172 2563 1910 2603; baseline 0.003 -11"><span class='ocrx_word' id='word_1_584' title='bbox 1172 2563 1255 2593; x_wconf 91' lang='lat' dir='ltr'>modo</span> <span class='ocrx_word' id='word_1_585' title='bbox 1277 2568 1305 2593; x_wconf 88' lang='lat' dir='ltr'>et</span> <span class='ocrx_word' id='word_1_586' title='bbox 1329 2564 1419 2593; x_wconf 75' lang='lat' dir='ltr'>forma</span> <span class='ocrx_word' id='word_1_587' title='bbox 1453 2564 1510 2593; x_wconf 88' lang='lat' dir='ltr'>iam</span> <span class='ocrx_word' id='word_1_588' title='bbox 1544 2564 1742 2603; x_wconf 84' lang='lat' dir='ltr'>praescriptis,</span> <span class='ocrx_word' id='word_1_589' title='bbox 1765 2568 1797 2595; x_wconf 93' lang='lat' dir='ltr'>ut</span> <span class='ocrx_word' id='word_1_590' title='bbox 1819 2565 1910 2595; x_wconf 87' lang='lat' dir='ltr'>moris</span> 
     </span>
    </p>

    <p class='ocr_par' dir='ltr' id='par_1_18' title="bbox 1170 2611 1909 2703">
     <span class='ocr_line' id='line_1_103' title="bbox 1170 2611 1909 2653; baseline 0.004 -12"><span class='ocrx_word' id='word_1_591' title='bbox 1170 2616 1226 2650; x_wconf 88' lang='lat' dir='ltr'>est,</span> <span class='ocrx_word' id='word_1_592' title='bbox 1259 2611 1288 2641; x_wconf 92' lang='lat' dir='ltr'>iu</span> <span class='ocrx_word' id='word_1_593' title='bbox 1322 2612 1442 2651; x_wconf 65' lang='lat' dir='ltr'>propria</span> <span class='ocrx_word' id='word_1_594' title='bbox 1463 2613 1530 2643; x_wconf 63' lang='lat' dir='ltr'>aula,</span> <span class='ocrx_word' id='word_1_595' title='bbox 1561 2612 1734 2652; x_wconf 80' lang='lat' dir='ltr'>capitulari3</span> <span class='ocrx_word' id='word_1_596' title='bbox 1772 2617 1800 2643; x_wconf 86' lang='lat' dir='ltr'>et</span> <span class='ocrx_word' id='word_1_597' title='bbox 1832 2613 1909 2653; x_wconf 88' lang='lat' dir='ltr'>quod</span> 
     </span>
     <span class='ocr_line' id='line_1_104' title="bbox 1205 2665 1806 2703; baseline 0.003 -10"><span class='ocrx_word' id='word_1_598' title='bbox 1205 2666 1216 2693; x_wconf 91' lang='lat'>1</span> <span class='ocrx_word' id='word_1_599' title='bbox 1235 2665 1302 2693; x_wconf 79' lang='lat' dir='ltr'>Mate</span> <span class='ocrx_word' id='word_1_600' title='bbox 1318 2665 1383 2694; x_wconf 89' lang='lat' dir='ltr'>edit.</span> <span class='ocrx_word' id='word_1_601' title='bbox 1404 2665 1487 2695; x_wconf 80' lang='lat' dir='ltr'>tttain.</span> <span class='ocrx_word' id='word_1_602' title='bbox 1507 2666 1572 2702; x_wconf 81' lang='lat' dir='ltr'>legit</span> <span class='ocrx_word' id='word_1_603' title='bbox 1594 2675 1684 2694; x_wconf 72' lang='lat' dir='ltr'>imum</span> <span class='ocrx_word' id='word_1_604' title='bbox 1702 2666 1806 2703; x_wconf 57' lang='lat' dir='ltr'>(thr.)-</span> 
     </span>
    </p>
   </div>
   <div class='ocr_carea' id='block_1_9' title="bbox 1912 271 2100 304">
    <p class='ocr_par' dir='ltr' id='par_1_19' title="bbox 1912 271 2100 304">
     <span class='ocr_line' id='line_1_105' title="bbox 1912 271 2100 304; baseline 0.011 -2"><span class='ocrx_word' id='word_1_605' title='bbox 1912 277 1964 303; x_wconf 74' lang='lat' dir='ltr'>An.</span> <span class='ocrx_word' id='word_1_606' title='bbox 1982 276 2009 303; x_wconf 78' lang='lat' dir='ltr'>c,</span> <span class='ocrx_word' id='word_1_607' title='bbox 2033 271 2100 304; x_wconf 76' lang='lat'><strong>1733</strong></span> 
     </span>
    </p>
   </div>
   <div class='ocr_carea' id='block_1_10' title="bbox 2106 0 2182 2472">
    <p class='ocr_par' dir='ltr' id='par_1_20' title="bbox 2106 0 2182 2472">
     <span class='ocr_line' id='line_1_106' title="bbox 2106 0 2182 2472; baseline 0 0"><span class='ocrx_word' id='word_1_608' title='bbox 2106 0 2182 2472; x_wconf 95' lang='lat' dir='ltr'> </span> 
     </span>
    </p>
   </div>
  </div>
 </body>
</html>
