2182 3137
0 2122 5 2325 ξ

56 248 93 276 An
121 245 150 273 C.
175 244 240 272 ¹733

101 470 231 489 Summarum

53 497 173 518 Pontificum
189 495 233 513 lau·

53 525 88 543 tlfls
96 528 143 546 ora-4
152 521 232 541 s.Ttm-

53 556 103 572 tuam
142 549 229 572 Aditum>

53 580 91 596 tutu
103 591 107 598 ,
129 574 231 594 ecelesiae

53 605 167 623 doctorem.

70 2392 180 2413 conr-mio
195 2393 238 2419 pri-

58 2419 124 2444 vilegii
163 2426 238 2440 conce-

57 2445 117 2465 dendi
144 2446 236 2466 lauream

57 2472 183 2497 doctoratu<‚
196 2476 237 2494 etc.

874 243 1016 268 CLEMENS
1043 244 1087 268 XII
1112 246 1163 270 PP.

437 295 572 322 Clemens
603 293 779 328 Episcopus,

436 347 542 367 servus
555 345 712 366 servorum
727 338 789 372 nei,

364 385 397 412 ad
418 388 597 419 perpetuam
615 384 661 412 rei
676 383 859 411 memoriam.

287 458 301 500 ἓ
329 456 357 489 1.
386 456 489 489 Verbo
514 455 568 489 Dei
595 456 714 499 scripto
740 460 771 487 et
795 453 910 487 tradito
937 454 985 486 in-

243 511 351 544 nixam
378 509 570 549 scientiam,
596 519 646 542 res
673 508 797 542 divinas
824 513 854 540 et
879 518 984 540 mores

244 563 424 597 christiano
460 563 594 596 bomine
632 562 770 605 dignos,
799 562 838 593 ad
865 567 983 594 rectam

243 617 402 650 Ecclesiae
434 616 656 649 ministrorum
689 615 928 648 institutionem
954 620 985 647 et

245 671 381 703 salutem
396 669 575 702 animarum
591 668 692 702 solide
707 666 984 711 pertractantcm¹,

245 724 379 767 eiusque
406 724 559 757 doctores
595 734 631 756 ae
667 723 837 766 magistros
862 723 983 765 pietate

243 777 448 811 venerabiles
482 777 703 810 commendari
741 782 816 808 tunc
848 776 984 808 maxime

245 831 406 872 convenit,
424 842 533 874 quum,
554 830 727 873 ingruente
755 830 905 862 falsorum
929 829 985 862 do-

246 891 387 928 gmatum
415 885 534 924 illuvie,
554 884 632 917 tides
660 883 821 916 catholiea
848 889 878 916 et
903 882 986 915 cbri-

245 939 339 972 stiani
376 949 482 972 mores
519 948 690 980 supremae
727 947 822 970 eurr-u>
858 942 985 970 nostrae

245 993 408 1026 commissi
442 992 677 1036 periclitantur.
707 991 773 1030 Ouo
800 992 870 1024 loco
898 1002 987 1034 prae-

246 1047 433 1080 decessores
481 1046 583 1078 nostri
633 1045 767 1078 llomani
816 1044 986 1078 Pontifices

245 1105 392 1133 sanctum
431 1099 547 1133 Christi
585 1100 806 1132 confessorem
832 1099 985 1131 Tboruam

244 1153 437 1197 Aquinatem
456 1153 584 1186 Ordinis
604 1153 866 1186 Praedicatorum
886 1158 916 1185 et
934 1152 988 1185 Ee-

245 1205 363 1240 clesiae
383 1206 558 1243 doctorem,
576 1205 709 1239 lionoris
728 1207 821 1239 causa
836 1204 989 1248 Angyelicz'

245 1265 463 1301 cognomento
489 1260 700 1303 appellatum,
719 1270 848 1302 semper
866 1259 987 1291 babue-

244 1319 343 1354 runt;
363 1324 435 1346 enm
462 1318 635 1356 propterea
663 1313 754 1345 iusti÷
782 1312 930 1345 laudibus
956 1312 987 1343 in

246 1367 310 1400 suis
336 1367 568 1410 diplomatibus
595 1367 804 1409 prosequuti,
832 1372 864 1398 et
895 1376 987 1409 prae—

246 1420 357 1454 sertim
377 1420 615 1460 AleranderIY,
632 1420 685 1463 qui
701 1420 856 1452 Tltomam
883 1420 987 1452 adbuc

245 1475 406 1507 viventem
443 1485 500 1518 per
538 1474 590 1507 Dei
625 1474 760 1516 gratiam
800 1474 988 1506 thesaurum

246 1527 396 1561 litteralis
429 1527 583 1560 scientiae
617 1527 767 1570 adeptum
799 1526 990 1570 pronuncia-

247 1581 308 1621 vit,
335 1581 434 1624 inque
461 1581 528 1613 cius
556 1580 691 1622 vestigia
718 1580 857 1613 subinde
884 1580 989 1612 incur-

245 1640 354 1668 rentes
373 1634 425 1667 alii
453 1634 586 1667 Romani
609 1634 780 1666 Pontifices
799 1633 988 1676 subsequuti

245 1689 381 1722 Ioannes
408 1688 501 1727 XXII,
528 1688 676 1721 Clemens
704 1687 751 1725 w,
782 1687 929 1734 lii-banus
958 1687 988 1726 V,

245 1741 394 1774 Nicotaus
424 1741 465 1779 V,
495 1741 567 1773 Pius
595 1741 629 1773 tv
655 1746 685 1773 et
709 1741 823 1773 beatus
850 1740 922 1773 I'ius
948 1740 986 1779 V,

246 1795 362 1838 Xystus
388 1795 421 1833 Y,
445 1795 593 1828 Clemens
615 1794 689 1833 ΠΗ,
717 1795 831 1827 l'anlus
858 1794 888 1832 V,
916 1795 989 1827 Ale-

246 1848 369 1881 xander
396 1849 464 1888 VII,
503 1847 710 1881 Innocentius
737 1848 785 1881 Xll
825 1853 856 1880 et
885 1848 988 1880 Bene-

248 1901 350 1934 dictus
376 1902 463 1941 XIII,
491 1902 544 1945 qni
570 1912 700 1940 omnes,
728 1911 791 1933 uno
824 1911 896 1933 eum
931 1911 988 1933 ore

247 1954 484 1998 adprobantes,
512 1955 543 1987 in
570 1954 667 1987 sacris
694 1954 858 1987 Ecclesiae
885 1953 987 1993 fastis,

248 2009 335 2042 iuxta
356 2019 390 2041 ac
409 2018 543 2050 magnos
559 2008 722 2040 Ecclesiae
743 2007 892 2040 doctores
912 2006 989 2039 Gre-

249 2063 399 2105 gorium,
434 2061 665 2101 Ambrosium,
705 2060 921 2104 Atrigustinum
958 2066 989 2093 et

248 2116 489 2159 Hieronymum,
507 2115 660 2148 'I‘bemam
687 2126 827 2158 quoqne,
844 2119 878 2146 ut
904 2114 987 2147 vitae

249 2169 410 2214 probitate
429 2175 459 2202 et
478 2169 644 2202 sanctioris
673 2169 857 2210 theologiae
884 2168 985 2200 scien·

250 2223 292 2256 tia
317 2223 535 2256 venerabilem
558 2222 704 2265 miraque
735 2222 919 2254 eruditione
938 2221 988 2254 Ec-

249 2277 380 2310 clesiam
399 2276 454 2308 Dei
474 2276 702 2308 clarificantem
725 2286 760 2306 ac
785 2277 894 2307 saneta
913 2284 989 2317 ope-

249 2331 375 2363 ratione
403 2330 642 2367 fecundantem,
670 2329 730 2361 coli
759 2329 942 2361 voluerunt.

293 2385 307 2427 ἓ
333 2384 361 2416 ⁶2.
388 2383 496 2426 ltaque
536 2383 612 2415 tanti
639 2383 694 2414 viri
730 2381 929 2420 doctrinam,
958 2381 987 2413 in

249 2437 394 2471 conciliis
420 2437 513 2470 etiam
540 2435 757 2469 oecumenicis
785 2434 987 2474 celebratam,

249 2491 367 2524 debitis
387 2489 569 2534 praeconiis
588 2489 632 2522 rei
654 2489 801 2532 publicae
821 2490 912 2521 cansa
931 2498 990 2520 nos

249 2555 380 2589 quoqne
400 2554 517 2576 ornare
538 2543 717 2586 cupientes,
735 2553 833 2585 qutun
853 2541 989 2574 dilectus

248 2603 356 2631 noster
391 2597 422 2630 in
465 2595 592 2629 Christo
628 2608 664 2629 ae
701 2595 807 2628 fratris
843 2594 986 2638 germani

285 2660 294 2688 1
318 2659 429 2691 Videtur
448 2659 597 2695 legendum
613 2660 826 2694 pertractantes
845 2659 882 2690 (n.
902 2657 950 2693 T.).

1028 293 1113 327 filius
1137 294 1262 328 Nereus
1299 293 1330 327 S.
1351 294 1385 327 R.
1406 295 1439 327 E.
1471 293 1625 327 diaconus
1661 292 1763 326 cardi-

1029 347 1110 380 nalis
1136 348 1166 380 S.
1191 348 1344 381 Hadriani
1371 348 1523 381 Corsinus
1547 352 1762 390 nuncupatus,

1028 411 1154 433 necnon
1191 412 1294 444 aeque
1332 401 1442 434 dilecti
1468 400 1595 434 Ordinis
1633 400 1764 432 fratrum

1029 454 1288 488 Praedicatorum
1325 461 1508 499 protector,
1547 453 1766 497 flagitantibus

1029 508 1170 541 eiusdem
1204 508 1331 541 Ordinis
1358 509 1511 542 fratribus
1547 509 1700 551 magistro
1736 513 1767 541 et

1028 568 1241 605 procuratore
1278 563 1485 604 generalibus
1510 563 1630 595 Thema
1657 563 1767 606 llipol-

1029 615 1070 647 lio
1096 620 1126 648 et
1151 614 1322 648 Guillelmo
1341 616 1433 655 Molo,
1449 616 1625 648 submissas
1650 626 1766 659 preces

1029 669 1122 700 nobis
1148 668 1322 708 obtulerit,
1349 674 1382 700 ut
1420 669 1591 712 praecipue
1628 669 1766 712 quodam

1029 727 1060 754 et
1095 721 1228 765 speciali
1261 721 1358 754 modo
1395 722 1537 754 eiusdem
1570 723 1671 755 sancti
1709 723 1766 755 riri

1029 775 1219 815 doctrinam,
1239 774 1269 807 in
1297 775 1468 818 gymnasiis
1487 775 1614 808 Ordinis
1640 786 1768 809 eorum·

1030 829 1101 861 dem
1132 828 1265 861 fratrum
1293 828 1576 869 Praedicatornm‚
1606 840 1670 862 non
1696 829 1768 862 unis

1030 882 1247 925 regularibus,
1274 883 1331 916 sed
1370 882 1463 915 etiam
1498 883 1638 916 externis
1664 893 1769 916 saecu-

1030 937 1150 970 laribus
1170 936 1318 975 alumnis,
1339 937 1414 969 illuc
1432 936 1469 968 ad
1490 947 1559 969 eam
1586 936 1770 979 perdiscen-

1031 991 1102 1023 dam
1139 990 1398 1029 confluentibus,
1426 990 1508 1023 tradi
1534 990 1680 1031 solitam,
1710 1002 1769 1034 pro

1031 1046 1141 1077 nostra
1166 1054 1242 1086 erga
1267 1044 1394 1076 beatum
1421 1044 1573 1077 'l'bomam
1599 1044 1769 1078 devotione

1033 1102 1221 1140 tantumque
1246 1097 1399 1130 Ordinem
1436 1097 1475 1130 de
1511 1098 1652 1131 Ecclesia
1678 1109 1771 1142 prae-

1032 1152 1117 1184 clare
1144 1151 1294 1184 meritum
1333 1151 1489 1194 singulari
1516 1152 1745 1185 benevelentia
1762 1180 1769 1192 ‚

1033 1214 1150 1237 ornare
1191 1204 1418 1246 dignaremur,
1459 1210 1492 1236 ut
1531 1204 1768 1245 adolescentes,

1032 1258 1140 1301 aliquo
1166 1258 1263 1291 veluti
1290 1258 1433 1301 praemio
1460 1258 1601 1298 animati,
1621 1259 1659 1291 ad
1685 1259 1771 1291 beati

1033 1311 1175 1344 Tbotnae
1202 1312 1381 1344 doctrinam
1408 1323 1479 1345 cum
1505 1312 1558 1345 Dei
1586 1312 1688 1355 gratia
1726 1313 1772 1345 in-

1035 1365 1162 1397 tellectu
1189 1365 1450 1408 conspiciendam
1489 1365 1625 1398 alacrius
1652 1366 1773 1399 incum-

1034 1418 1170 1457 berent;
1209 1418 1473 1462 (prandespiidem
1510 1419 1633 1452 nullum
1661 1419 1692 1451 in
1719 1419 1773 1452 iis-

1034 1471 1106 1504 dem
1133 1471 1308 1513 gymnasiis
1334 1472 1530 1514 praemium,
1571 1472 1657 1505 nulla
1694 1472 1771 1516 ipsis

1034 1524 1182 1567 expedita
1219 1525 1267 1557 via
1304 1530 1411 1568 pateat
1449 1525 1488 1558 ad
1526 1536 1578 1558 eas
1610 1525 1772 1559 Ecclesiae

1034 1578 1204 1620 dignitates
1232 1578 1490 1621 consequendas,
1511 1590 1593 1622 quae
1612 1579 1642 1611 in
1661 1589 1772 1612 sacrae

1034 1631 1172 1674 paginae
1193 1632 1337 1665 doctrina
1356 1632 1509 1671 lauream,
1529 1643 1624 1675 qnam
1644 1639 1770 1672 vocant,

1035 1684 1196 1718 licentiam
1228 1687 1275 1718 vel
1309 1686 1443 1727 gradum
1482 1686 1613 1729 publice
1647 1687 1773 1730 adeptis

1033 1739 1110 1771 alias
1132 1740 1170 1772 de
1197 1750 1287 1772 more
1306 1739 1449 1772 conferri
1469 1740 1608 1780 debent·‚
1630 1751 1697 1780 nos,
1717 1741 1774 1774 bu-

1035 1792 1170 1825 iusmodi
1189 1793 1352 1836 precibus,
1371 1793 1489 1836 pietate
1508 1803 1543 1826 ac
1562 1794 1680 1827 iustitia
1700 1795 1773 1827 snb-

1034 1845 1124 1885 nixis,
1151 1856 1295 1879 annuere
1320 1847 1482 1887 volentes,
1514 1848 1551 1880 ad
1577 1847 1775 1891 amplifican-

1034 1900 1108 1933 dum
1135 1899 1193 1931 sub
1220 1905 1308 1933 tanto
1334 1899 1490 1942 magistro
1517 1900 1640 1943 probae
1668 1901 1773 1934 incor-

1035 1958 1214 1996 ruptaeque
1241 1953 1406 1985 doctrinae
1444 1953 1585 1986 studium
1618 1954 1701 1987 inter
1727 1955 1775 1987 iu-

1035 2017 1131 2040 venes
1163 2006 1270 2039 dlvino
1305 2007 1469 2039 famulatui
1496 2018 1555 2051 per
1581 2008 1773 2042 sacratiores

1034 2060 1220 2103 disciplinas
1247 2059 1414 2098 addictos,
1443 2066 1531 2093 motu
1557 2061 1708 2104 proprio,
1736 2072 1773 2095 ex

1034 2115 1120 2147 certa
1146 2113 1280 2146 scientia
1306 2119 1337 2145 et
1361 2111 1447 2146 mera
1466 2115 1628 2147 voluntate
1650 2116 1772 2155 nostra,

1035 2168 1139 2211 deque
1159 2167 1356 2210 apostolicae
1372 2168 1540 2210 potestatis
1559 2168 1771 2211 plenitudine,

1035 2221 1064 2253 in
1102 2220 1359 2263 quibuscumque
1397 2221 1592 2264 gymnasiis,
1630 2222 1770 2263 scholis,

1034 2274 1147 2307 studiis
1167 2279 1198 2307 et
1216 2274 1362 2316 collegiis
1379 2274 1507 2307 Ordinis
1527 2275 1659 2308 fratrum
1679 2276 1771 2309 Prae·

1035 2328 1222 2366 dicatorum,
1251 2333 1338 2360 extra
1364 2334 1487 2360 ceteras
1514 2328 1691 2361 studiorum
1719 2341 1773 2372 ge—

1035 2381 1192 2414 neralium
1227 2381 1450 2414 universitates
1487 2382 1603 2414 erectis
1636 2383 1683 2416 rel
1711 2383 1773 2416 eri-

1035 2434 1170 2477 gendis,
1198 2434 1353 2472 concedi,
1379 2434 1508 2466 extendi
1542 2440 1572 2467 et
1601 2437 1771 2478 prorogari

1035 2489 1179 2521 volumus
1213 2498 1248 2520 ac
1283 2486 1508 2527 decernimus,
1537 2499 1595 2531 pro
1629 2490 1771 2522 externis

1034 2542 1291 2585 quibuscumque
1327 2541 1546 2574 saecularibus
1587 2542 1616 2574 in
1655 2542 1771 2576 iisdem

1033 2594 1206 2639 gymnasiis
1262 2593 1460 2637 theologicae
1506 2595 1649 2629 facultati
1705 2602 1771 2630 toto

1035 2648 1174 2683 triennio
1211 2648 1391 2684 absolutam
1428 2658 1560 2693 operam
1593 2649 1768 2692 dantibus,

1663 233 1726 267 5⁶27
1773 243 1823 269 An.
1845 242 1872 269 c.
1893 242 1958 270 1733
