2182 3137
213 255 252 281 An
289 255 405 283 diist
453 246 517 279 6⁶24

409 314 517 338 sorum
544 305 792 348 quomodolibet
824 305 1007 345 concessis,
1034 304 1150 339 contir—

408 358 501 391 niatis
534 363 565 391 et
589 358 768 399 innovatis;
795 359 911 402 quibus
944 358 1093 392 omnibns
1120 364 1151 392 et

409 412 566 455 singulis,
592 412 722 446 illorum
761 418 889 446 tenores
926 413 1148 456 praesentibus

411 477 470 510 pro
507 467 602 509 plene
628 471 660 499 ct
684 466 883 499 sufficienter
919 466 1077 509 expressis
1113 477 1149 500 ac

410 520 447 552 ad
474 520 607 552 verbum
633 519 763 552 insertis
790 519 957 559 habentes,
981 519 1043 552 illis
1070 519 1148 553 alias

409 573 440 604 in
467 583 526 605 suo
548 572 666 605 robore
692 573 922 615 permansuris
941 573 979 605 ad
999 573 1150 616 praemis-

409 635 516 658 sorum
536 624 693 665 effectum,
713 626 772 658 hac
796 625 863 659 vice
890 626 1062 665 dumtaxat,
1080 637 1149 669 spe-

408 679 531 712 cialiter
549 684 579 712 et
597 689 750 722 expresse
776 679 986 722 derogamus,
1012 679 1145 713 ceteris-

409 742 470 776 que
496 732 665 765 contrariis
690 732 962 777 quibuscumque.

452 785 564 818 Datum
591 786 722 826 Romae,
749 787 831 829 apud
854 786 885 820 S.
906 786 1038 819 Mariam
1057 786 1149 820 Maio-

409 849 489 879 rem,
503 839 561 872 suh
583 839 703 873 annulo
718 839 906 880 piscatoris,
922 840 973 873 die
989 850 1044 874 xin
1066 839 1150 883 apri-

409 893 448 926 lis
472 902 677 933 Mnccxxxiv‚
711 892 920 937 pontificatus
958 894 1062 926 nostri
1094 904 1150 926 an-

409 957 451 980 no
477 958 518 980 ιν.

444 1009 503 1036 Dat.
524 1009 568 1036 die
590 1009 621 1037 ⁴3
641 1009 734 1045 aprilis
756 1010 838 1042 ¹734,
859 1008 955 1044 pontis.
978 1017 1048 1036 anno
1067 1016 1101 1036 tv.

696 1063 730 1096 F.
758 1063 846 1096 card.
874 1062 1057 1096 Omvemus.

701 1215 859 1248 cxxxiii.

411 1287 631 1329 confirmatur
666 1286 837 1319 concordia
871 1296 966 1329 super
999 1286 1148 1330 assiqua-

454 1342 538 1374 tione
561 1341 699 1373 duorum
728 1340 990 1383 maqisteri'orum
1016 1339 1149 1373 Ordinis

452 1396 595 1436 fratrum
615 1394 835 1427 Eremitarum
849 1394 953 1426 suncti
971 1394 1151 1437 Ατιςμιειίηί

449 1448 637 1492 provinciae
675 1447 821 1480 Baeticae
855 1458 893 1480 6:12
928 1447 1151 1491 quadiuyz'nta

453 1501 764 1545 supranumcrariis.

621 1582 758 1609 Clemens
779 1581 859 1615 Papa
879 1581 942 1611 XII,

548 1627 584 1653 ad
605 1626 741 1653 futuram
762 1627 806 1653 rei
828 1626 1015 1653 memoriam.

1001 256 1178 280 BULLARIUM
1207 257 1359 281 ROMANUM

1193 311 1285 348 ptare
1311 317 1345 339 so
1373 306 1495 349 obliget
1513 318 1582 340 cum
1605 313 1710 351 pacto,
1732 308 1817 350 quod
1843 308 1927 342 aliud

1193 359 1243 392 vel
1269 358 1331 392 alia
1354 370 1414 403 pro
1447 360 1530 392 dicta
1562 360 1724 403 provincia
1754 370 1818 393 non
1843 361 1924 394 assi-

1193 418 1342 454 gnentur,
1365 419 1395 446 et
1420 414 1517 453 alias,
1543 420 1640 457 prout
1675 413 1804 458 plenius
1828 415 1928 448 eonti-

1193 470 1285 498 netur
1315 466 1345 498 in
1372 467 1529 509 scriptura
1554 467 1693 510 desuper
1717 467 1862 501 consueta
1887 473 1928 502 te-

1193 519 1280 553 noris
1305 519 1358 563 qui
1380 520 1532 563 sequitur,
1561 520 1729 554 videlicet:

1340 591 1373 621 In
1397 591 1504 621 nomine
1526 592 1653 621 Domini.
1677 591 1775 621 Amen.

1233 649 1383 679 Praesenti
1404 648 1518 688 publico
1541 649 1712 680 concordiae
1734 650 1928 682 instrumento

1193 698 1306 728 cunctis
1329 698 1436 737 ubique
1464 702 1560 737 pateat
1590 699 1740 729 evidenter
1769 704 1796 730 et
1828 706 1927 731 notum

1193 747 1247 785 sit,
1272 747 1347 786 quod
1370 757 1446 777 anno
1475 747 1510 777 ab
1543 748 1672 778 eiusdem
1706 749 1816 779 domini
1837 750 1928 781 nostri

1193 796 1257 825 lesu
1274 796 1378 826 Christi
1403 796 1554 826 salutifera.
1576 797 1728 828 nativitate
1750 807 1926 834 ivineexxxiu,

1192 845 1351 875 indictione
1374 854 1417 884 xi,
1440 846 1487 875 die
1511 855 1578 876 vero
1600 855 1627 876 ix
1650 847 1758 877 mensis
1788 847 1927 888 octobris,

1194 895 1379 934 pontificatus
1415 900 1511 925 autem
1547 896 1724 926 sanctissimi
1760 897 1789 927 in
1827 897 1927 928 eodem

1193 943 1307 974 Christo
1330 943 1418 983 patris
1440 948 1468 974 et
1489 944 1599 974 domini
1622 945 1713 975 nostri
1737 945 1846 976 domini
1865 946 1927 977 Cle-

1194 993 1312 1032 mcntis,
1329 993 1430 1023 divina
1451 993 1636 1032 providentia
1658 994 1751 1034 Papae
1774 995 1833 1031 xli,
1850 1006 1926 1027 anno

1193 1042 1256 1072 eius
1279 1051 1317 1072 iv.

1232 1092 1300 1122 Cum
1324 1092 1410 1122 suerit
1433 1096 1460 1123 et
1483 1093 1520 1123 sit
1542 1094 1649 1133 (prout
1664 1094 1735 1124 mihi
1757 1095 1870 1126 notario
1892 1095 1927 1126 ab

1193 1141 1389 1181 infrascriptis
1413 1141 1544 1181 partibus
1567 1143 1742 1183 affirmatur)
1758 1144 1835 1184 quod
1857 1145 1930 1175 alias

1193 1194 1222 1220 et
1244 1189 1298 1219 sub
1322 1190 1369 1220 die
1393 1199 1419 1220 V1
1442 1191 1551 1221 mensis
1585 1191 1653 1221 maii
1686 1192 1755 1222 anni
1782 1202 1928 1224 rineoxxvi

1193 1238 1343 1270 obtentum
1366 1240 1453 1270 suerit
1474 1250 1488 1269 a
1512 1240 1606 1271 felicis
1629 1241 1841 1272 recordationis
1864 1252 1929 1273 san-

1193 1288 1322 1318 ctissimo
1345 1289 1461 1319 domino
1483 1293 1582 1320 nostro
1604 1290 1659 1320 PP.
1683 1291 1842 1322 Benedieto
1865 1291 1928 1322 XIlI

1193 1338 1336 1377 quoddam
1366 1338 1465 1373 Breve,
1497 1339 1582 1369 cuius
1604 1339 1710 1370 virtute
1733 1340 1856 1380 quilibet
1885 1351 1930 1372 re-

1195 1387 1422 1417 verendissimus
1446 1392 1526 1427 pater
1547 1389 1693 1426 generalis
1721 1389 1840 1420 Ordinis
1862 1391 1929 1422 Ere-

1195 1436 1331 1466 mitarum
1368 1436 1462 1466 sancti
1498 1437 1588 1476 patris
1624 1438 1779 1475 Augustini
1817 1442 1930 1478 poterat

1194 1495 1293 1516 creare
1316 1486 1345 1515 in
1363 1486 1520 1525 provinciis
1536 1487 1611 1517 ultra
1628 1487 1738 1517 ltaliam
1755 1489 1930 1528 quadragin-

1195 1538 1221 1564 ta
1245 1535 1398 1573 magistros
1421 1536 1717 1575 supranumerarios3
1741 1545 1796 1576 qua
1830 1536 1865 1567 de
1898 1546 1930 1567 re

1194 1584 1342 1623 provincia
1372 1584 1486 1614 Baetica
1515 1585 1644 1615 eiusdem
1673 1585 1804 1623 Ordinis,
1828 1586 1927 1616 volens

1193 1633 1335 1672 impedire
1351 1633 1587 1663 inconvenientia
1611 1638 1639 1664 et
1662 1633 1836 1664 detrimenta
1853 1644 1928 1674 quae

1938 262 1986 287 An.
2004 261 2031 286 c.
2056 251 2121 287 1731
2159 300 2160 310 ἵ

1194 1692 1227 1712 ex
1263 1683 1355 1712 nimia
1388 1683 1593 1721 magistrorum
1628 1683 1871 1723 multiplicatione
1898 1683 1928 1714 in

1193 1732 1270 1761 dicta
1303 1732 1453 1771 provincia
1474 1733 1568 1762 suerat
1596 1737 1738 1772 experta,
1770 1733 1930 1763 obtinuerit

1194 1781 1228 1811 ab
1251 1781 1352 1811 eodem
1382 1781 1474 1811 felicis
1506 1781 1716 1812 reeordationis
1745 1782 1929 1813 sanctissimo

255 1707 326 1726 ’tenor
348 1712 401 1726 con·

454 1698 517 1741 gl.
537 1697 661 1741 Exponi
680 1697 773 1730 nobis
790 1707 895 1740 nuper
919 1697 993 1730 fecit
1014 1697 1149 1730 dilectus

217 1734 496 1785 ἷῗιῗῗῗῖῗιὲιοὲᾸΪ-ῆὶίυε
522 1751 656 1784 Didacus
678 1750 802 1783 Salinas
818 1751 970 1784 assistens
989 1750 1149 1793 generalis

217 1789 273 1806 tieae
295 1787 336 1806 (luo
357 1792 399 1806 ma-

217 1813 311 1836 ussteria.
326 1805 635 1848 ner===1-tlispaniarum
661 1814 697 1837 ac
721 1809 913 1847 procurator
950 1804 1047 1837 totius
1074 1814 1149 1847 pro-

217 1842 268 1859 toris
285 1840 366 1860 sedicet
379 1841 401 1859 et.
433 1859 438 1864 ,

217 1866 317 1889 menen.
345 1858 535 1891 a2s1-v1neiae
560 1857 706 1890 Baeticae
728 1857 857 1890 Ordinis
883 1857 1015 1890 fratrum
1033 1856 1151 1890 Eremi-

217 1896 312 1918 guantur.

413 1917 513 1944 tarum
539 1911 639 1944 sancti
659 1910 842 1953 Augustini,
862 1910 893 1942 in
912 1911 1002 1943 saera
1026 1910 1150 1944 theolo-

412 1965 464 2007 gia
477 1963 638 2007 magister,
654 1964 737 2007 quod
755 1965 838 1996 inter
855 1963 1007 1997 dilectum
1027 1964 1150 2007 pariter

412 2017 512 2051 lilium
547 2016 714 2051 Nicolaum
741 2017 915 2050 Antonium
948 2016 1149 2050 Seliiastinati

412 2071 556 2115 priorem
581 2071 767 2114 generalem
794 2070 937 2103 eiusdem
960 2070 1088 2103 Ordinis
1115 2081 1149 2103 ac

413 2125 529 2158 dictam
563 2124 759 2168 provinciam
795 2124 956 2157 Baeticam
990 2124 1150 2157 emanavit

412 2177 594 2218 concordia,
613 2188 674 2221 qua
696 2188 732 2210 ex
752 2177 963 2220 quadraginta
988 2177 1149 2220 magistris

412 2231 706 2276 snpranumerariis
745 2230 831 2264 idem
869 2230 1018 2264 Nicolaus
1056 2232 1150 2264 Anto·

412 2285 483 2318 nius
509 2284 598 2328 prior
624 2283 805 2327 generalis,
830 2283 1004 2326 obligando
1031 2295 1090 2327 pro
1115 2295 1149 2317 se

412 2338 543 2382 suisque
569 2337 747 2381 respective
774 2337 1038 2378 successoribus,
1061 2348 1151 2381 prae-

414 2393 495 2425 fatae
527 2391 712 2435 provinciae
749 2392 897 2425 Baeticae
932 2392 993 2425 duo
1027 2397 1148 2425 tantum

412 2445 595 2488 magisteria
627 2455 687 2488 pro
720 2445 787 2478 suis
818 2445 1005 2486 vocalibus,
1033 2455 1150 2489 nempe

413 2498 582 2530 definitore
607 2509 644 2531 ac
668 2497 821 2539 discreto,
840 2499 878 2531 ad
901 2498 1076 2542 capitulum
1098 2509 1151 2542 ge-

413 2552 521 2584 nerale
541 2551 753 2592 venientibus,
775 2552 941 2595 assignare
967 2552 1093 2592 debeat,
1120 2558 1151 2585 et

413 2605 499 2648 quod
525 2604 661 2648 ipsamet
686 2604 850 2648 provincia
875 2605 938 2638 duo
964 2605 1151 2648 magisteria

414 2658 598 2693 huiusmodi
633 2668 669 2692 ex
696 2658 789 2693 dictis
821 2659 1034 2709 quadraginta
1060 2670 1150 2694 acce-

1193 1830 1311 1860 domino
1335 1834 1434 1860 nostro
1457 1830 1610 1860 Benedicto
1632 1830 1694 1860 Xltl
1716 1831 1794 1861 aliud
1822 1833 1928 1869 Breve,

1193 1879 1268 1918 quod
1286 1879 1389 1918 incipit
1406 1879 1515 1918 Expone?
1533 1880 1618 1917 nobis,
1636 1879 1689 1909 sub
1706 1879 1805 1909 datum
1822 1880 1929 1910 Romae

1193 1928 1268 1968 apud
1292 1930 1321 1958 S.
1340 1928 1471 1964 Petrum,
1496 1928 1550 1957 sub
1573 1928 1682 1958 annulo
1699 1929 1866 1966 piscatoris,
1884 1929 1930 1959 die

1194 1986 1221 2006 xi
1245 1977 1371 2007 ianuarii
1394 1986 1574 2015 niieexxwi,
1599 1987 1649 2017 per
1682 1978 1757 2017 quod
1791 1988 1929 2009 numerus

1193 2026 1345 2056 duodecim
1368 2026 1590 2065 magistrorum,
1614 2036 1700 2066 quern
1725 2027 1857 2066 pluribus
1879 2038 1928 2058 an·

1194 2068 1238 2105 nis
1271 2075 1431 2114 habuerat,
1464 2080 1564 2106 auctus
1597 2076 1684 2106 fuerit
1719 2077 1754 2106 ad
1790 2077 1928 2115 triginta,

1193 2134 1258 2155 cum
1276 2124 1472 2165 prohibitione
1490 2125 1773 2165 supernumeralium
1792 2127 1928 2166 imposte·

1194 2183 1274 2210 rum;
1302 2173 1397 2213 sitque
1425 2173 1534 2213 pariter
1560 2174 1654 2213 quod,
1684 2183 1748 2204 cum
1777 2184 1826 2214 per
1853 2175 1928 2206 hanc

1194 2223 1421 2263 prohibitionem
1456 2223 1602 2253 videretur
1634 2223 1768 2262 derogari
1800 2224 1927 2254 facultati

1194 2272 1358 2312 praedictae
1400 2276 1514 2312 patrum
1554 2273 1735 2311 generalium
1776 2272 1927 2312 praecitati

1193 2321 1293 2351 Brevis
1320 2320 1414 2360 quoad
1443 2325 1631 2351 memoratam
1655 2321 1835 2361 provinciam
1858 2322 1926 2352 Bac-

1194 2371 1277 2400 ticam
1293 2393 1300 2407 ,
1326 2370 1586 2400 reverendissimus
1609 2374 1691 2409 pater
1713 2371 1857 2408 generalis
1879 2380 1927 2410 po-

1193 2424 1253 2449 stea
1286 2419 1446 2449 obtinuerit
1477 2419 1706 2449 declarationem
1733 2419 1786 2449 sub
1821 2419 1867 2449 die
1900 2429 1927 2450 xi

1194 2468 1302 2498 mensis
1325 2467 1498 2508 septembris
1520 2467 1589 2498 dicti
1612 2468 1681 2498 anni
1704 2476 1860 2498 MDCtlxxvlt
1892 2467 1927 2498 ab

1193 2517 1316 2557 ipsomet
1338 2517 1431 2548 felicis
1454 2517 1663 2547 recordationis
1679 2517 1864 2547 sanctissimo
1879 2517 1929 2547 do-

1194 2566 1272 2596 mino
1296 2570 1395 2595 nostro
1418 2565 1597 2604 Benedicta,
1621 2565 1650 2595 in
1681 2575 1736 2604 qua
1768 2565 1830 2605 ipse
1862 2574 1930 2596 san-

1193 2614 1341 2644 ctissimus
1357 2614 1557 2653 declaraverit,
1578 2614 1653 2654 quod
1671 2623 1720 2654 per
1736 2614 1808 2644 illud
1823 2614 1926 2653 Breve,

1195 2663 1360 2704 provinciae
1399 2663 1532 2694 Baeticae
1569 2664 1731 2704 praefigens
1773 2671 1926 2695 numerum
