2182 3137
21 271 72 298 Aa.
87 271 117 298 C.
139 272 206 299 1733

822 283 965 307 (LLEMENS
993 287 1006 307 Χ
1016 287 1035 308 ll
1063 288 1111 310 ΙΨ.

214 324 344 366 collegii
370 331 432 358 tam
459 329 679 369 praesentium
706 341 801 372 quam
832 331 956 364 sutura-

213 385 299 414 rum,
326 388 363 409 ae
394 378 589 423 ubicumque
621 381 848 421 existentium,
875 384 953 425 quin

211 427 293 461 alius
318 430 492 474 quisquam
518 443 591 466 sese
617 434 649 466 in
675 435 833 468 eiusmodi
853 436 954 468 admi-

209 481 400 516 nistratione
427 485 610 519 immediate
636 487 786 530 ingerere
822 490 950 529 valeat;

209 544 314 577 neque
340 536 426 569 aliud
454 548 507 570 eos
533 547 663 572 maneat
687 551 770 573 onus
796 542 861 574 sive
888 542 948 574 ob-

209 586 341 628 ligatio,
366 600 461 632 quarn
487 592 644 625 reddendi
682 594 841 626 rationem
873 606 950 628 suae

208 639 496 676 administrationis
523 650 584 677 tam
607 647 833 688 superiorilms
851 649 950 680 maio-

207 693 294 726 ribus
318 695 608 739 Congregationis,
646 710 741 742 quam
772 701 834 744 ipsi
869 702 949 735 Iulio

206 748 361 781 cardinali
384 756 414 782 et
429 753 673 785 successoribus
687 781 694 793 ,
715 755 842 797 quoties
861 755 948 788 illam

205 800 345 841 exigent.
369 822 413 826 —
434 815 461 836 v.
489 804 554 837 Nee
589 807 778 849 superiores
810 809 948 842 maiores

204 863 264 885 nec
297 862 405 888 rector
433 857 519 890 bona
544 864 575 890 et
608 860 760 902 capitalia
791 863 944 905 collegii,

204 916 290 938 nunc
312 914 343 940 et
357 919 416 950 pro
433 916 580 953 tempore
595 913 777 954 existentia,
793 926 945 949 eorumve

202 969 327 992 annuos
364 962 511 995 redditus
549 965 717 1006 alienare,
745 968 944 1008 distrahere,

202 1013 435 1056 oppignorare,
454 1023 509 1049 aut
528 1026 712 1060 permutare
731 1022 855 1054 valeant
875 1023 944 1056 sine

200 1070 353 1108 expressa
371 1069 501 1102 lieentia
518 1078 549 1103 et
566 1082 727 1105 consensu
755 1077 943 1109 eorumdem

199 1118 270 1151 Iulii
296 1122 470 1156 cardinalis
497 1131 528 1157 et
553 1136 802 1168 successorum,
828 1130 883 1162 sed
910 1142 944 1163 0-

199 1173 285 1205 mnia
303 1185 493 1209 conservare
513 1183 544 1209 et
561 1179 732 1213 meliorare
752 1182 892 1215 debeant
910 1184 941 1216 in

199 1226 302 1258 maius
328 1230 535 1262 commodum
563 1238 593 1263 et
618 1233 814 1267 beneficium
840 1236 941 1278 ipsius

197 1280 328 1321 collegii
344 1281 525 1320 dumtaxat,
544 1284 625 1316 itaut
642 1296 701 1319 nec
718 1287 846 1328 fructus,
863 1300 941 1332 quo-

196 1331 242 1364 vis
268 1333 326 1364 sub
351 1341 532 1377 praetextu,
559 1338 590 1369 in
606 1339 685 1371 alios
707 1351 784 1373 usus
803 1352 938 1384 erogare

196 1395 252 1417 seu
279 1395 471 1422 convertere
496 1391 636 1433 possint.
664 1412 708 1415 —
733 1405 772 1427 vi.
798 1395 936 1434 Rector,

195 1438 358 1479 officiales
380 1442 527 1486 aliaeque
546 1455 705 1486 personae
724 1448 855 1481 servitio
874 1452 938 1482 col-

195 1492 270 1534 legii
296 1494 486 1535 destinatae,
504 1507 539 1529 ae
555 1498 649 1530 etiam
665 1501 849 1542 superiores
871 1514 937 1535 ma-

195 1545 282 1578 iores
307 1546 578 1589 Congregationis
596 1552 675 1593 (pro
695 1553 733 1585 iis
753 1565 833 1596 quae
855 1557 936 1589 dire-

193 1598 334 1630 ctionem
362 1602 491 1642 collegii
519 1603 549 1634 in
568 1605 791 1645 spiritualibus
810 1614 841 1640 et
862 1615 935 1641 tem-

192 1653 358 1693 poralibus
389 1656 590 1699 respiciunt)
619 1669 854 1701 recognoscere
881 1664 933 1695 de-

190 1703 289 1736 beant
312 1708 590 1748 praeeminentem
614 1713 836 1747 auctoritatem
863 1717 931 1750 sive

189 1759 452 1799 superioritatem
479 1762 549 1794 Iulii
575 1765 747 1799 cardinalis
783 1778 932 1802 suorum-

188 1821 252 1853 que
278 1823 520 1856 successorum‚
548 1817 734 1859 profitendo
760 1832 836 1863 erga
857 1823 929 1857 illos

188 1865 335 1898 eamdem
361 1867 614 1908 dependentiam
640 1873 928 1919 etsubiectionem,

189 1928 282 1959 qnam
303 1918 372 1961 ipsa
390 1920 608 1963 Congregatio
624 1926 802 1967 profitetur,
822 1932 928 1972 quoad

190 1971 369 2003 functiones
395 1974 442 2005 sui
470 1974 616 2017 instituti,
637 1978 816 2013 Ordinariis
842 1984 928 2016 loco-

188 2034 269 2062 rum,
296 2024 350 2057 ubi
377 2027 494 2059 adsunt
518 2029 586 2061 eius
611 2031 742 2073 domus3
769 2040 816 2074 et,
842 2036 928 2069 inter

185 2077 265 2116 alia,
292 2077 353 2120 ipsi
380 2079 478 2112 Iulius
505 2083 677 2117 cardinalis
703 2091 733 2118 et
762 2098 927 2123 successo-

186 2139 261 2164 res.
288 2137 448 2172 (illatenus
475 2137 659 2178 repererint
683 2145 844 2173 rectorem
877 2145 925 2177 vet

183 2183 262 2215 alios
299 2185 477 2219 destinatos
513 2189 692 2223 ministerio
727 2194 856 2236 collegii
891 2197 923 2228 in

182 2236 291 2279 aliquo
317 2238 505 2273 deficientes
530 2243 576 2274 vel
596 2246 793 2292 culpabiles,
812 2254 923 2290 petere

181 2290 309 2322 valeant
333 2303 348 2323 a
374 2294 596 2335 superioribus
613 2299 790 2333 maioribus
809 2312 921 2335 eorum

181 2343 388 2384 amotionem,
404 2352 433 2377 et
452 2348 588 2381 aliorum
608 2351 873 2394 subrogationem
890 2357 921 2388 in

179 2395 287 2428 locuni
315 2404 505 2440 amotorum,
531 2401 590 2441 et¹,
618 2404 643 2436 si
670 2405 700 2438 id
728 2406 798 2439 sine
824 2410 920 2443 ratio-

180 2450 280 2482 nabili
307 2454 402 2484 causa
420 2453 479 2485 sibi
499 2455 733 2498 denegaretur,
754 2460 826 2493 illos
845 2473 919 2504 pro-

178 2502 248 2544 pria
273 2505 467 2538 auctoritate
493 2519 510 2539 a
536 2511 765 2552 superioritate
796 2516 918 2557 pral'ata

179 2565 364 2597 removere,
392 2558 539 2602 haecque
573 2563 703 2596 lacultas
730 2565 811 2600 lulio
848 2580 918 2601 ear-

174 2608 278 2641 dinali
304 2616 334 2642 et
370 2614 611 2648 successoribus
647 2626 807 2652 reservata
843 2633 917 2655 cen-

212 2673 222 2696 i
246 2672 413 2700 Particulam
434 2677 460 2701 et
482 2684 530 2702 nos
550 2677 677 2704 addimus
700 2682 735 2711 (u.
758 2682 807 2712 Τ,).

1642 287 1707 320 479

999 341 1109 368 seatm·
1143 338 1239 371 etiam
1265 341 1350 373 circa
1375 343 1546 384 alumnos,
1580 347 1744 379 convicto·

998 397 1048 418 res
1075 394 1106 420 et
1130 391 1338 433 ordinandos,
1358 395 1444 428 iuxta
1469 397 1614 438 sormam,
1634 400 1741 442 quoad

998 438 1085 478 istos,
1107 441 1263 476 dictarum
1284 452 1467 481 nostrarum
1486 450 1678 484 litterarum.
1696 471 1742 476 --

996 502 1053 525 vu.
1082 494 1218 535 flector,
1253 499 1410 534 officiales
1442 503 1588 546 aliaeque
1626 516 1741 548 perso-

996 555 1056 577 nae
1088 546 1382 592 Congregationis,
1419 557 1553 589 servitio
1590 558 1737 592 eiusdem

996 599 1126 642 collegii
1166 608 1228 634 tam
1264 605 1295 636 in
1333 606 1402 639 eius
1436 610 1617 650 aperitione
1642 623 1738 655 quam

996 662 1170 694 progressu
1200 659 1356 699 temporis
1393 661 1632 703 destinandam,
1672 677 1737 699 non

994 707 1099 738 solum
1127 709 1207 740 uniti
1234 716 1264 741 et
1288 712 1397 745 unitae
1423 715 1520 756 capiti
1548 722 1580 748 et
1605 721 1736 762 corpori

993 758 1266 803 Congregationis
1294 776 1466 799 remanere
1503 770 1644 804 debeant
1663 800 1670 811 ‚
1704 781 1738 807 ut

992 813 1192 854 praefertur,
1219 817 1274 849 sed
1301 818 1397 851 etiam
1422 822 1608 863 specialiter
1624 836 1737 868 aggre-

992 866 1056 906 gati
1094 873 1125 899 et
1161 877 1355 911 aggregatae
1385 873 1451 905 sint
1492 881 1523 907 et
1553 888 1624 910 esse
1661 891 1737 912 cen—

993 926 1125 952 seantur
1150 923 1336 964 provinciae
1362 926 1525 961 Romanae
1544 941 1604 973 pro
1622 943 1736 966 neees-

991 974 1074 1005 saria
1101 975 1305 1019 faciliorique
1331 982 1628 1018 communicatione
1649 987 1734 1022 inter

991 1026 1107 1060 lulium
1143 1029 1339 1064 cardinalem
1382 1039 1414 1065 et
1451 1045 1657 1072 successores
1698 1053 1734 1075 ac

989 1080 1187 1115 visitatorem
1213 1094 1273 1126 pro
1300 1090 1444 1129 tempore
1470 1091 1657 1131 provinciae
1677 1095 1733 1127 liu-

989 1133 1151 1174 iusmodi‚
1179 1136 1231 1178 qui
1258 1138 1479 1173 verisimiliter
1504 1142 1535 1175 in
1569 1144 1653 1179 Urbe
1684 1159 1732 1181 re—

987 1187 1161 1227 sidebunt,
1189 1190 1241 1221 nbi
1275 1194 1446 1226 commode
1474 1195 1513 1228 de
1545 1199 1641 1231 rebus
1677 1201 1730 1233 bo-

987 1252 1062 1272 uum
1084 1242 1277 1283 guber-nium
1304 1247 1431 1289 rollegii
1451 1253 1728 1287 concernentibus

985 1296 1047 1325 una
1073 1295 1257 1329 deliberare
1292 1304 1324 1330 et
1356 1309 1455 1341 agere
1491 1310 1658 1344 poterunt.
1685 1326 1729 1330 —-

984 1358 1053 1380 vui.
1083 1348 1142 1381 Pro
1168 1359 1328 1392 prospero
1355 1353 1511 1395 regimine
1537 1358 1668 1400 collegii
1695 1362 1727 1394 in

984 1400 1104 1432 eisdem
1131 1402 1353 1444 spiritualibus
1372 1413 1402 1438 et
1422 1412 1672 1453 temporalibus,
1693 1415 1726 1447 li-

981 1460 1051 1485 eeat
1066 1455 1291 1497 superioribus
1311 1459 1486 1493 maioribus
1501 1463 1727 1508 Congregatio-

981 1506 1042 1546 nis,
1057 1518 1130 1540 eum
1145 1509 1280 1542 scientia
1297 1516 1400 1545 tamen
1415 1525 1544 1558 semper
1562 1524 1593 1550 et
1610 1528 1726 1563 appro-

979 1560 1110 1594 batione
1136 1562 1209 1594 Iulii
1236 1564 1410 1599 cardinalis
1433 1574 1464 1600 et
1489 1579 1722 1614 successorum,

978 1615 1105 1656 regulas
1131 1626 1186 1648 seu
1212 1619 1346 1651 statuta¹
1375 1622 1519 1656 condere
1538 1625 1623 1658 eirca
1648 1638 1723 1660 nor-

978 1677 1061 1699 mam
1087 1678 1142 1700 seu
1169 1671 1303 1703 modum
1328 1673 1473 1714 vivendi,
1494 1681 1720 1721 conversandi,

977 1731 1012 1752 ac
1038 1732 1109 1754 sese
1134 1725 1268 1764 gerendi
1295 1726 1327 1757 in
1355 1729 1505 1770 collegio,
1531 1731 1669 1775 illasque
1690 1741 1722 1768 et

976 1773 1031 1806 illa
1060 1786 1207 1808 successu
1241 1780 1416 1822 temporis,
1451 1784 1720 1830 quotiescumque

974 1836 1109 1860 necesse
1127 1829 1241 1869 suerit,
1265 1838 1398 1873 mutare,
1429 1835 1574 1876 alterare,
1605 1851 1641 1871 ac
1668 1852 1719 1874 va-

975 1881 1076 1917 riare·,
1104 1893 1186 1924 quae
1205 1891 1353 1918 accurrate
1379 1887 1410 1919 in
1436 1891 1585 1922 omnibus
1605 1893 1718 1926 obser-

972 1934 1037 1965 vari
1053 1934 1212 1976 debeant,
1230 1939 1367 1979 perinde
1381 1941 1444 1973 acsi
1459 1954 1475 1974 a
1492 1944 1587 1976 nobis
1602 1946 1717 1989 singil-

972 1986 1060 2018 latim
1079 1989 1279 2030 approbatae
1295 2003 1348 2023 seu
1367 1997 1547 2036 approbata
1566 1999 1711 2034 fuissent.

1015 2040 1029 2082 g
1051 2040 1081 2072 6.
1107 2041 1218 2080 Perre,
1237 2046 1470 2080 nonnullorum
1492 2049 1712 2087 Romanorum

971 2092 1160 2125 Pontilieum
1202 2097 1487 2137 praedecessorum
1530 2111 1712 2140 nostrorum

969 2147 1128 2187 exemplo,
1154 2148 1266 2180 eadem
1292 2153 1484 2186 auctoritate
1511 2158 1710 2201 apostolica,

969 2197 1085 2230 barum
1117 2200 1221 2239 serie,
1248 2203 1418 2237 statuimus
1443 2212 1475 2239 et
1506 2210 1709 2252 ordinamus,

967 2250 1053 2292 quod
1079 2252 1231 2295 deinceps
1257 2265 1353 2289 nemo
1379 2259 1417 2290 ad
1444 2260 1585 2303 aliquem
1608 2274 1643 2296 ex
1662 2275 1710 2298 sa-

966 2302 1029 2334 eris
1061 2305 1229 2339 ordinibus
1261 2308 1292 2340 in
1331 2310 1459 2344 civitate
1496 2319 1529 2345 et
1564 2316 1706 2350 dioeces¹

966 2356 1152 2389 Placentina
1177 2368 1377 2403 assumatur,
1405 2365 1467 2397 nisi
1486 2367 1575 2408 prius
1594 2370 1706 2412 (prae-

965 2414 1014 2440 ter
1039 2420 1075 2442 ea
1101 2421 1184 2453 quae
1210 2423 1227 2444 a
1252 2415 1350 2447 sacris
1378 2419 1557 2452 canonibus
1583 2428 1612 2454 et
1630 2423 1706 2456 Cou-

962 2462 1028 2494 cilii
1054 2463 1234 2497 Tridentini
1263 2468 1401 2501 decretis
1420 2473 1598 2507 constituta
1615 2482 1703 2519 sunt)

961 2517 999 2548 ad
1026 2518 1131 2551 minus
1163 2531 1224 2561 per
1253 2522 1364 2555 deceni
1391 2524 1478 2565 dies,
1504 2526 1535 2559 in
1562 2531 1703 2574 collegio

960 2572 1104 2612 praet'ato
1120 2599 1127 2611 ,
1156 2579 1326 2616 postquam
1351 2584 1499 2620 apertum
1525 2581 1636 2623 suerit,
1654 2584 1702 2616 in-

959 2625 1088 2663 clusus,
1115 2625 1339 2668 spiritualibus
1373 2632 1534 2666 exercitiis
1572 2645 1701 2670 vacave-

995 2687 1004 2712 1
1030 2686 1100 2713 Edit.
1123 2686 1203 2716 Maia.
1225 2689 1289 2725 legit
1309 2694 1416 2720 statum
1438 2700 1479 2725 (n,
1497 2697 1547 2730 τ,).

1754 300 1804 325 An.
1820 299 1850 326 C.
1871 301 1940 328 1733

1726 2057 1837 2078 naci-etum
1851 2058 1909 2084 quod

1724 2084 1794 2104 t'lertCt
1820 2085 1908 2105 Placen-

1725 2111 1760 2130 tini
1783 2117 1854 2131 sacros
1875 2117 1908 2131 or-

1723 2138 1783 2157 dines
1798 2144 1907 2163 suscipere

1723 2167 1830 2189 n··qneant
1865 2165 1904 2184 nisi

1723 2196 1759 2215 per
1775 2191 1848 2211 det-om
1860 2192 1906 2211 dies

1723 2223 1741 2236 m
1771 2218 1811 2237 litu:
1840 2219 1906 2238 colle-

1722 2244 1755 2266 gia
1790 2247 1905 2269 spirituali—

1722 2270 1759 2289 bus
1783 2275 1903 2292 vacaverint

1701 2319 1706 2324 .
1721 2300 1833 2319 exercitiis.
