2182 3137
29 257 80 283 Αη.
101 255 130 281 C.
151 254 217 280 ¹733

55 1480 133 1501 Harum
158 1480 212 1501 irte-

29 1514 98 1527 rarnm
111 1510 212 1533 perpetua

31 1534 175 1554 observantia.

84 2434 216 2455 obstantium

35 2461 154 2487 affingant».

846 253 990 276 CLEMENS
1015 254 1060 276 xil
1086 255 1136 276 1'1'.

225 302 256 334 in
282 302 483 345 praecordiis
509 301 650 343 gerimus
675 306 832 344 paternae
864 300 971 332 chari-

226 355 313 394 tatis,
337 354 488 397 regimini
509 360 539 387 et
557 353 716 397 gubernio
736 364 794 396 pro
813 354 969 396 pastorali

225 410 334 440 nostra
358 408 602 445 sollicitudine,
630 412 785 449 quantum
813 417 884 439 cum
909 407 970 440 Do-

227 461 313 493 mino
339 471 532 504 possumus,
560 460 735 493 salubriter
759 461 968 503 prospicere,

224 524 421 556 omnemque
448 513 587 545 ambitus
613 518 645 545 et
670 513 857 555 cupiditatis
879 524 970 545 occa-

224 567 349 599 sionem
376 567 415 598 ab
453 566 597 599 eiusdem
634 565 763 599 OrdInis
801 566 967 604 alumnis,

225 619 499 662 quemadmodum
527 619 558 651 in
586 619 719 652 diversis
744 618 815 652 aliis
841 619 970 661 religio-

223 673 271 705 nis
298 673 471 705 Ordinibus
503 673 637 715 provide
675 672 887 705 constitutum
923 672 969 704 di-

224 726 409 767 gnoscitur,
437 726 551 768 procul
578 736 690 758 arcere
710 726 866 763 volentes,
881 730 967 756 motu

224 778 357 821 proprio
377 805 385 818 ‚
411 789 446 811 ac
471 789 505 811 ex
532 781 619 811 certa
644 778 823 811 scientiaet
841 780 969 810 matura

225 831 461 864 deliberatione
488 831 626 871 nostris,
654 831 758 873 deque
773 831 968 873 apostolicae

224 884 394 926 potestatis
421 883 644 926 plenitudine,
664 894 704 916 ne
726 883 879 926 deinceps
902 895 969 927 per-

224 937 332 979 petuis
360 937 474 968 l'nttiris
501 937 704 979 temporibus
731 938 786 970 ille
812 948 848 970 ex
868 937 969 969 fratri-

223 990 282 1022 bus
308 990 383 1022 dicti
409 990 563 1029 Ordinis,
591 990 644 1033 qui
671 990 890 1033 procuratoris
916 1000 970 1032 ge-

223 1043 344 1076 neralis
370 1048 424 1075 aut
453 1043 563 1086 aliquo
589 1049 729 1086 quatuor
747 1043 968 1075 assistentium

224 1095 426 1139 generalium
453 1096 559 1128 officio
582 1096 772 1139 persunctus
799 1096 910 1135 suerit,
936 1096 968 1128 in

224 1149 367 1191 priorem
394 1150 581 1191 generalem
610 1149 709 1192 ipsius
745 1149 874 1182 Ordinis
911 1149 970 1181 im-

224 1203 362 1236 mediate
383 1230 390 1243 ,
418 1214 454 1236 ac
479 1203 540 1235 nisi
568 1204 657 1246 prins
695 1203 733 1236 ab
766 1204 873 1236 officio
910 1204 971 1236 hu-

224 1255 364 1288 iusmodi
392 1267 450 1299 per
474 1256 637 1298 integrum
664 1257 856 1289 sexennium
885 1268 971 1289 vaca-

224 1309 305 1341 verit
330 1320 386 1341 sen
421 1310 620 1349 cessaverit,
656 1311 724 1343 ullo
758 1311 856 1343 modo
894 1310 968 1353 eligi

224 1362 329 1404 possit
366 1368 398 1394 et
436 1363 565 1402 valeat,
601 1368 714 1401 tenore
747 1364 970 1406 praesentium

225 1415 396 1447 statuimus
423 1421 453 1448 et
478 1415 678 1448 ordinamus.

269 1469 283 1512 ξ
308 1468 339 1501 02.
363 1469 599 1509 Decet-nentes,
621 1470 751 1503 easdem
777 1477 970 1513 praesentes

223 1521 351 1555 litteras
377 1532 506 1564 semper
529 1522 640 1555 sirmas
657 1549 664 1561 ‚
686 1522 807 1555 validas
841 1529 872 1555 et
905 1524 972 1556 effi-

225 1585 318 1607 caces
338 1575 476 1608 existere
498 1580 530 1608 et
545 1576 627 1615 sore,
647 1586 788 1619 suosque
806 1576 971 1619 plenarios

225 1633 256 1659 et
283 1628 427 1671 integros
452 1627 607 1667 effectus,
639 1629 734 1662 etiam
760 1629 792 1661 in
829 1630 971 1672 capitulo

225 1682 368 1722 generali
395 1681 524 1714 Ordinis
544 1681 731 1714 huiusmodi
751 1682 896 1725 proxime
918 1694 971 1715 ce-

226 1735 394 1773 lebrando,
420 1735 528 1767 sortiri
557 1741 588 1767 et
605 1736 772 1775 obtinere,
791 1741 820 1768 et
838 1736 876 1768 ab
896 1736 970 1775 illis,

224 1789 262 1821 ad
290 1799 370 1832 quos
403 1794 527 1831 spectat
552 1794 583 1821 et
608 1800 667 1832 pro
696 1794 844 1832 tempore
871 1800 972 1832 quan-

225 1843 410 1885 documque
436 1842 612 1885 spectabit,
630 1843 660 1874 in
683 1843 835 1875 omnibus
863 1849 895 1876 ct
913 1854 972 1886 per

225 1896 335 1927 onmia
360 1895 548 1938 plenissime
585 1901 616 1928 et
651 1895 885 1928 inviolabiliter
915 1898 972 1929 ob-

227 1948 367 1987 servari,
386 1949 499 1991 sicque
525 1949 556 1980 in
584 1949 773 1991 praemissis
796 1960 853 1992 per
875 1960 973 1992 qnos-

227 2012 365 2044 cumque
391 2001 513 2033 iudices
532 2002 716 2034 ordinarios
738 2008 770 2034 et
788 2003 969 2044 delegatos,

228 2055 324 2087 etiam
351 2065 521 2087 causarum
546 2055 656 2097 palatii
684 2055 852 2097 apostolici
879 2056 971 2088 audi-

229 2113 330 2145 tores,
366 2118 402 2140 ac
427 2108 457 2140 S.
486 2107 523 2139 R.
540 2107 573 2139 E.
599 2108 794 2145 cardinales,
811 2109 906 2141 ctiam
933 2110 972 2141 dc

228 2161 330 2193 latere
356 2161 504 2202 legatos,
539 2160 675 2193 iudicari
702 2167 733 2194 et
766 2162 892 2194 deliniri
920 2162 974 2194 de-

228 2214 326 2253 bere,
354 2225 390 2247 ac
416 2214 540 2247 irritum
567 2221 597 2247 et
626 2215 722 2247 inane
748 2215 773 2247 si
801 2226 893 2248 secus
923 2226 973 2249 su-

228 2278 286 2310 per
310 2267 360 2300 his
386 2278 402 2300 a
429 2278 611 2310 quoquam,
635 2269 746 2311 quavis
767 2269 973 2308 auctoritate,

228 2321 368 2354 scienter
392 2323 440 2355 vel
467 2321 685 2364 ignoranter,
718 2323 891 2365 contigerit
922 2328 970 2355 at-

230 2375 360 2407 tentari.

272 2429 287 2471 ξ
311 2428 342 2461 3.
363 2428 432 2461 Non
459 2428 664 2461 obstantibus
685 2429 973 2462 constitutionibus

230 2486 261 2513 et
298 2481 558 2514 ordinationibus
594 2483 808 2525 apostolicis,
847 2494 973 2516 necnon

230 2534 306 2566 dicti
332 2534 470 2574 Ordinis,
497 2535 593 2568 ctiam
626 2535 827 2575 iuramento,
856 2536 975 2570 confir-

232 2587 373 2619 matione
393 2588 580 2630 apostolica,
601 2589 649 2621 vel
675 2590 787 2632 quavis
821 2590 974 2623 firmitate

231 2641 291 2673 alia
318 2641 491 2680 roboratis,
518 2642 657 2681 statutis,
685 2643 785 2686 stylis,
810 2643 919 2675 usibus
945 2649 977 2676 ct

312 2705 384 2731 melt-
408 2705 493 2731 Rom.
516 2721 548 2724 —
574 2706 634 2732 Vol.
657 2706 766 2732 XXIII.
894 2707 923 2732 Gt

1657 243 1716 277 48¹1

1014 302 1331 343 consuetudinibus,
1367 303 1463 335 etiam
1495 301 1762 335 immemorabili-

1014 354 1086 391 bus,
1112 355 1294 397 privilegiis
1321 366 1463 399 quoque,
1490 355 1625 388 indultis
1652 361 1681 387 et
1708 354 1761 388 lit-

1014 407 1091 439 teris
1112 408 1300 450 apostolicis
1327 408 1432 441 eidem
1462 408 1572 441 Ordini
1607 409 1760 451 illiusque

1014 460 1259 502 superioribus,
1291 461 1493 504 procuratori
1528 466 1559 493 et
1583 461 1761 493 assistenti-

1012 512 1072 544 bus
1099 513 1308 555 generalibus
1346 514 1512 556 praefatis,
1540 519 1571 545 et
1596 513 1666 545 aliis
1693 513 1760 555 qui-

1013 565 1118 598 busvis
1145 566 1298 598 fratribus
1325 572 1356 598 et
1381 567 1547 609 personis,
1574 567 1606 598 in
1633 572 1761 598 contra-

1014 618 1096 650 rium
1121 619 1376 660 praemissorum
1403 619 1655 662 quomodolibet
1686 630 1762 651 con-

1014 671 1127 708 cessis,
1155 671 1357 703 contirmatis
1377 677 1409 703 et
1434 671 1617 711 innovatis,
1644 672 1761 714 quibus

1013 724 1165 757 omnibns
1192 730 1222 756 et
1256 724 1415 766 singulis,
1455 724 1588 756 illorum
1630 730 1760 757 tenores

1014 776 1241 820 praesentibus
1280 787 1338 819 pro
1371 778 1467 819 plene
1494 782 1523 809 et
1560 777 1761 810 sufficienter

1014 830 1179 873 expressis
1205 840 1240 862 ac
1258 829 1450 862 adverbum
1479 829 1608 861 insertis
1637 830 1760 861 liaben-

1016 889 1079 923 tes,
1112 884 1176 917 illis
1202 884 1281 916 alias
1314 883 1344 915 in
1383 894 1442 916 suo
1469 883 1585 915 robore
1611 893 1762 926 perman-

1014 937 1098 969 suris
1121 964 1128 975 ,
1157 937 1194 969 ad
1222 937 1476 980 praemissorum
1508 936 1676 976 effectum,
1702 937 1762 968 hac

1014 991 1082 1023 vice
1109 991 1285 1030 dumtaxal‚
1319 990 1508 1033 specialiter
1540 995 1571 1023 et
1607 1000 1761 1032 expresse

1014 1044 1230 1086 derogamus3
1268 1043 1447 1086 ceterisque
1482 1042 1654 1076 contrariis
1692 1043 1762 1086 qui-

1014 1098 1229 1140 bnscumque.

1058 1150 1118 1192 gli.
1135 1150 1289 1183 Volumus
1311 1155 1419 1182 autem
1445 1155 1480 1182 ut
1506 1150 1648 1192 ipsarum
1671 1160 1764 1192 prae-

1015 1204 1157 1236 sentium
1184 1204 1365 1236 litterarum
1394 1204 1617 1246 transumptis,
1636 1214 1693 1236 sen
1713 1214 1763 1236 ex-

1015 1257 1141 1300 emplis,
1168 1258 1263 1289 etiam
1293 1257 1478 1300 impressis,
1503 1268 1598 1289 mauu
1623 1257 1761 1290 alicuius

1016 1310 1134 1343 notarii
1174 1309 1296 1352 publici
1335 1310 1553 1352 subscriptis,
1591 1315 1622 1342 et
1653 1310 1762 1352 sigillo

1015 1373 1179 1406 personae
1206 1363 1238 1395 in
1263 1363 1485 1395 ecclesiastica
1504 1363 1664 1405 dignitate
1687 1373 1763 1394 con-

1015 1418 1145 1451 stitutae
1184 1418 1331 1457 munitis,
1359 1419 1474 1451 eadem
1507 1429 1641 1461 prorsus
1682 1417 1763 1451 fides

1018 1472 1139 1515 ubique
1175 1472 1321 1504 locorum
1359 1472 1539 1510 habeatur,
1576 1471 1763 1514 quaeipsis

1016 1525 1245 1568 praesentibus
1265 1525 1478 1558 adhiberetur
1503 1525 1530 1557 si
1549 1525 1661 1557 forent
1678 1524 1763 1556 exbi-

1015 1578 1103 1611 bitae
1135 1579 1184 1611 vel
1211 1583 1374 1611 ostensae.

1060 1632 1175 1664 Datum
1194 1632 1334 1672 Romae,
1357 1632 1443 1674 apud
1467 1631 1498 1664 S.
1519 1631 1651 1664 Mariam
1670 1631 1764 1663 Maio-

1018 1696 1105 1725 rem,
1137 1685 1197 1717 sub
1222 1686 1345 1718 annulo
1379 1685 1574 1723 piscatoris,
1598 1684 1650 1717 die
1672 1695 1688 1716 v
1718 1684 1763 1716 fe-

1016 1739 1136 1771 bruarii
1167 1748 1373 1775 Moccxxxut,
1409 1737 1624 1780 pontificatus
1661 1737 1763 1769 nostri

1017 1803 1103 1825 auno
1138 1802 1186 1825 ln.

1054 1853 1111 1880 nat.
1134 1853 1178 1879 die
1198 1854 1214 1879 5
1239 1853 1369 1879 februarii
1392 1853 1475 1885 1733,
1498 1853 1593 1888 pontif.
1615 1861 1684 1879 anno
1706 1858 1743 1878 tlt.

1308 1907 1342 1939 F.
1371 1907 1458 1939 card.
1488 1906 1673 1940 OmvEtnus.

1310 2057 1470 2089 LXXXIV.

1019 2127 1232 2170 Confirmatio
1257 2127 1377 2160 decreti
1400 2128 1437 2160 in
1461 2138 1585 2170 nupero
1619 2127 1765 2170 capitulo

1061 2181 1211 2224 qenerali
1233 2182 1379 2223 fralrmn
1405 2180 1542 2214 Ordinis
1572 2181 1610 2213 B.
1636 2181 1766 2213 Mariae

1062 2233 1100 2266 de
1124 2234 1230 2266 Monte
1257 2234 1404 2267 Carmelo
1429 2233 1519 2273 edili,
1548 2244 1611 2276 quo
1635 2233 1766 2276 provin-

1061 2287 1121 2319 ciis
1147 2287 1321 2321 Calabriae
1348 2287 1512 2319 citerioris
1537 2291 1564 2318 ct
1597 2287 1765 2318 ulterioris

1063 2340 1249 2372 conceditur
1275 2340 1473 2372 alternatim
1504 2339 1766 2383 provincialatus

1063 2399 1091 2426 el
1117 2398 1261 2437 qualium·
1286 2393 1509 2435 definitor-mu.

1233 2475 1367 2501 Clemens
1388 2475 1468 2507 Papa
1488 2474 1552 2505 ΧΠ,

1157 2519 1194 2545 ad
1215 2518 1355 2545 futuram
1375 2519 1420 2545 rei
1440 2519 1629 2545 memoriam.

1065 2590 1106 2622 Ex
1130 2590 1276 2622 iniuncto
1292 2590 1386 2622 nobis
1408 2590 1549 2632 desuper
1567 2590 1766 2632 apostolicae
1816 2597 1917 2614 “wi-<¹¹¹

1022 2644 1186 2676 servitutis
1214 2643 1331 2682 officio,
1367 2643 1448 2675 votis
1485 2643 1559 2683 illis,
1586 2654 1646 2687 per
1682 2654 1766 2687 qnae

1768 254 1818 278 An.
1841 253 1869 279 C.
1892 254 1956 280 1733

1810 1159 1960 1184 'l'ranznmptn-

1775 1193 1819 1206 tnui
1836 1188 1896 1206 tudes*-
