2182 3137
191 182 242 208 An.
262 182 290 210 e.
309 182 379 209 ¹730
423 173 487 206 13⁹2

386 231 540 269 praelatos,
562 234 712 269 postquam
737 231 961 261 terminaverint
982 241 1067 262 suum
1086 232 1127 262 of-

385 278 494 308 ficium.

200 335 221 354 in
233 334 373 365 eiectio-nibus
424 337 463 356 ni.
478 327 507 356 In
523 327 715 357 electionibus
733 329 977 358 monasteriorum
994 329 1126 360 nominet

191 363 372 412 (ἷῖἶῖῗιῗοῘ-ᾛ-ῙΫᾸΙῙ
387 381 467 415 pater
481 377 628 414 generalis
650 377 751 406 saltem
775 381 901 416 quatuor
919 387 1058 417 personas
1073 378 1126 408 Or-

190 415 371 461 ἓὲζζήέὁξῇζζῗω
385 425 462 454 dinis
474 430 553 455 extra
570 427 777 456 monasterium
794 426 826 455 ad
844 426 979 456 effectum
1001 426 1125 457 faciendi

385 474 580 510 electionem3
610 475 659 504 sed
687 475 853 505 huiusmodi
884 475 1044 505 nominatio
1067 486 1124 506 non

384 522 565 559 intelligatur
587 523 716 552 coactiva
735 524 784 552 sed
802 528 914 553 tantum
931 524 1082 554 directiva.

423 579 461 599 iv.
480 571 513 600 Ut
526 571 613 600 citius
630 576 786 610 peragatur
802 572 954 604 electionis
966 573 1125 610 negotium,

385 623 412 648 et
429 619 563 648 monachi
587 619 635 649 diu
659 629 715 649 non
736 621 939 651 distrahantur
959 631 972 651 a
989 621 1123 660 religiosa

189 665 290 712 312n3¹5[⁰³
319 672 371 686 ’Μ’
383 669 491 707 quiete,
509 671 590 698 sacra
613 669 795 708 approbante
818 671 1051 708 Congregatione
1067 671 1124 710 epi-

383 726 537 755 scoporum
558 722 584 747 et
601 718 780 755 regularium
804 719 928 756 negotiis
948 721 1122 758 praeposita,

383 766 575 804 quadraginta
598 767 659 796 dies
681 767 821 805 assignati
845 777 896 806 pro
919 768 1059 798 electione
1081 778 1125 798 re-

383 814 578 853 stringantur,
596 820 623 844 et
643 815 754 845 reducti
777 816 969 854 imposterum
986 826 1125 846 censean-

383 867 428 891 tur
450 863 485 892 ad
521 863 678 892 terminum
712 868 740 893 et
771 874 924 894 numerum
960 865 1122 903 praecisum

383 910 483 940 decem
508 911 659 941 dumtaxat
681 913 795 942 dierum
819 923 833 942 a
858 913 952 952 primo
974 923 1031 952 quo
1061 914 1124 943 sieri

218 585 257 605 Pro
277 586 373 611 qualibet

191 612 293 632 electione
336 613 372 632 ‹lu-

192 644 236 658 cciu
249 641 371 659 tantummo⁴

382 959 523 988 scrutinia
546 960 691 998 incipiunt
714 962 978 1000 coinputand01um
995 972 1000 990 :
1019 962 1047 990 in
1067 971 1124 1000 qno
1145 986 1147 995 ,

384 1009 507 1037 termino
530 1009 629 1038 decem
657 1009 770 1038 dierum
796 1010 858 1039 lieri
882 1010 984 1039 debeat
1007 1011 1121 1040 electio.

385 1056 417 1086 Et
434 1057 457 1085 si
474 1067 525 1095 per
541 1058 731 1095 quadraginta
748 1059 902 1094 scrutinia,
920 1059 949 1087 in
966 1059 1042 1088 dicto
1066 1064 1125 1088 ter-

383 1105 460 1134 mino
483 1105 643 1143 celebrata,
669 1106 810 1135 electores
841 1107 883 1136 vel
907 1107 999 1136 maior
1021 1116 1123 1136 eorum
1145 1132 1146 1137 ,

383 1163 447 1192 pars
461 1163 517 1183 non
535 1155 789 1190 concordaverint,
808 1156 850 1184 vel
866 1155 969 1184 electio
982 1156 1123 1185 canonica

382 1212 439 1231 non
458 1203 644 1240 successerit,
662 1203 724 1242 ipso
742 1203 805 1233 iure
823 1204 957 1233 devoluta
982 1205 1125 1243 pertineat

382 1252 416 1280 ud
440 1257 550 1290 patrem
573 1253 751 1289 generalem.

236 1311 370 1337 nequiverim
422 1308 449 1329 v.
467 1301 571 1330 Nullus
588 1301 749 1330 monachus
762 1301 853 1340 possit
865 1302 932 1340 eligi
952 1302 981 1331 in
997 1303 1123 1341 priorem

188 1338 215 1383 ᾖξ’
227 1337 370 1389 sssssssflsssslgl'ss
382 1350 625 1379 monasteriorum
655 1349 747 1378 nostri
770 1349 907 1386 OrdiniS,
931 1351 988 1380 nisi
1011 1351 1061 1390 (1111
1085 1352 1124 1380 vi-

190 1391 298 1416 ss¹¹’⁰³⁵“·
381 1399 455 1436 ginti
486 1408 578 1428 annos
601 1397 635 1427 ab
660 1398 775 1428 habitus
806 1399 972 1438 receptione
998 1401 1125 1439 comple—

383 1447 478 1483 verit,
506 1451 531 1476 et
555 1447 604 1485 (1111
629 1452 779 1485 praeterea
813 1448 932 1478 scientia
957 1450 1125 1479 necessaria

381 1500 409 1525 et
432 1495 591 1525 sufficienti
621 1495 655 1524 ad
678 1495 860 1525 subditorum
884 1502 911 1526 et
935 1498 1125 1528 monasterio·
1146 1518 1147 1522 =

382 1553 446 1573 rum
466 1544 597 1581 regimen
621 1548 649 1573 ot
671 1544 846 1581 gubernium
869 1546 898 1574 in
924 1550 1046 1585 utroque
1062 1548 1124 1577 soro
1146 1558 1147 1561 ¹

382 1593 531 1632 praeditus
554 1593 671 1622 existat.
702 1593 770 1622 Eam
799 1599 896 1623 autem
929 1596 1122 1626 sufficientem

382 1641 416 1670 ad
434 1641 462 1670 id
486 1641 639 1670 scientiam
662 1641 786 1671 iudicari
807 1643 935 1672 decrevit
957 1653 1037 1674 sacra
1055 1645 1125 1675 Con-

380 1690 511 1727 gregatio
528 1690 730 1728 episcoporum
750 1694 778 1719 ct
797 1692 976 1729 regularium
1000 1695 1125 1732 negotiis

380 1739 585 1777 episcoporum
602 1744 630 1768 et
653 1739 835 1777 regularium
858 1741 984 1779 negotiis
1007 1752 1125 1783 praepo-

381 1788 454 1824 sita,
479 1788 502 1817 si
526 1788 685 1818 monachus
707 1789 743 1818 ad
766 1789 875 1828 ubique
898 1791 1124 1829 praedicandum

380 1846 394 1865 a
418 1841 499 1875 patre
521 1837 651 1875 generali
675 1841 703 1867 et
725 1838 759 1867 ad
783 1839 983 1870 consessiones
1005 1841 1125 1871 audien-

380 1885 430 1914 das
452 1885 487 1914 ab
510 1885 665 1915 Ordinario
688 1887 861 1917 dioecesano
894 1889 1042 1919 licentiam
1066 1891 1123 1920 iam

379 1933 519 1964 obtineat.

199 1998 368 2022 Quireguiarem
419 1992 456 2012 11.
482 1983 625 2019 Monaehi,
646 1984 695 2022 qui
719 1989 837 2023 propter
859 1985 1046 2017 infirmitates
1062 1988 1123 2018 sive

185 2025 510 2078 {ffisujflgflquvlffffijfflactuales
542 2032 603 2061 sive
635 2032 798 2062 habituales
820 2044 835 2063 a
858 2035 1003 2064 matutino
1027 2037 1124 2066 media

188 2078 369 2131 2212’¹12ss2}{nf·¹¹8'
381 2085 466 2111 nocte
488 2081 737 2120 dispensationem
760 2082 912 2121 obtinent,
937 2088 965 2114 et
987 2086 1036 2124 qui
1060 2095 1125 2124 pro-

382 2134 446 2169 pter
477 2130 593 2159 easdem
625 2131 715 2159 vitain
738 2140 922 2161 communem
955 2137 982 2162 et
1011 2135 1125 2172 regula-

381 2188 443 2208 rem
461 2188 526 2208 cum
545 2178 610 2208 aliis
633 2179 715 2217 sequi
738 2189 794 2209 non
819 2185 950 2219 possunt,
968 2182 995 2211 in
1014 2183 1125 2221 priores

382 2226 626 2255 monasteriorum
650 2227 817 2257 nullatcnus
839 2229 907 2267 eligi
926 2230 1048 2260 valeant.
1073 2231 1123 2261 Sin

383 2284 459 2313 vero,
481 2279 633 2314 postquam
651 2276 758 2314 aliquis
776 2277 819 2306 vel
842 2277 932 2317 aliqui
958 2279 1042 2308 electi
1065 2281 1122 2310 fue-

380 2324 451 2361 rint,
466 2325 605 2353 diuturna
624 2324 725 2363 aliqua
746 2325 916 2356 infirmitate
931 2327 966 2356 ab
979 2337 1123 2367 exequen-

380 2373 423 2402 dis
448 2374 558 2412 proprii
581 2374 669 2403 ol'sicii
692 2374 866 2405 muneribus
889 2376 938 2405 diu
961 2377 1123 2415 impedian-

380 2425 449 2458 tur,
476 2422 638 2460 pi-ioratum
662 2423 843 2461 praedictum
875 2425 1045 2455 renuntiare
1073 2427 1123 2456 de-

380 2468 487 2505 beant3
511 2470 588 2507 quod
610 2470 634 2499 si
656 2472 827 2510 renuerint,
852 2481 865 2501 a
890 2477 970 2512 patre
992 2475 1121 2512 generali

380 2517 425 2547 vel
448 2527 461 2546 a
487 2518 687 2549 visitatoribus
719 2521 905 2558 generalibus
937 2522 972 2552 ad
1006 2524 1120 2562 praedi-

380 2570 458 2596 ctam
479 2568 732 2598 renunciationem
754 2571 889 2609 compelli
911 2571 1033 2611 possint.

964 184 1146 208 BULLAttIUM
1170 185 1281 209 ROMAN
1287 186 1328 209 ΠΜ

1915 189 1967 215 An.
1989 189 2019 216 C.
2037 189 2105 217 1730

1378 261 1572 291 Coissrirnrio
1594 261 1688 291 LXXI.

1209 332 1309 362 Forma
1329 332 1469 362 electionis
1491 333 1637 361 canonicae¹
1658 333 1687 361 in
1703 334 1825 371 antiquis
1847 343 1909 362 con-
1948 340 1977 361 De
1993 341 2103 362 electionis
2131 327 2135 331 ’
2163 348 2164 355 1

1169 381 1355 410 stitutionibus
1376 382 1476 410 diserte
1498 381 1667 418 tradebatur,
1692 381 1836 410 videlicet:
1856 391 1909 420 per
1921 366 1998 387 forma.

1169 429 1389 467 inspirationem,
1419 430 1593 463 scrutinium,
1625 429 1861 467 compromissam,
1884 433 1909 458 et

1169 478 1335 506 scrutinium
1356 487 1417 506 cum
1439 479 1631 516 compromisso
1653 478 1780 506 mixtum.
1809 476 1909 507 Sedulo

1168 531 1259 555 autem
1280 530 1304 555 et
1324 527 1477 564 prudent-fir
1509 526 1541 554 ab
1572 526 1693 564 antiquis
1724 526 1850 565 patribus
1880 527 1909 555 in

1168 575 1236 614 ipsis
1251 575 1486 604 constitutionibus
1501 575 1770 604 animadvertebatur
1790 576 1909 613 formam

1168 623 1307 652 electionis
1325 633 1377 662 per
1400 623 1619 661 inspirationem,
1637 633 1683 651 scu
1704 633 1755 661 per
1769 622 1909 662 Spiritum

1167 671 1299 701 Sanctum
1313 695 1320 709 ‚
1344 672 1374 700 ob
1397 675 1488 700 nostra
1519 676 1631 710 peccata
1663 673 1711 700 viic
1733 676 1780 700 aut
1809 681 1841 700 ne
1863 673 1909 701 vix

1168 721 1277 758 quidem
1308 719 1406 758 absque
1437 719 1563 758 periculo
1592 720 1730 749 nallitatis
1752 720 1907 757 succedere,

1166 769 1367 807 providumque
1383 768 1527 797 consiliam
1549 778 1605 797 esse
1627 777 1768 806 nunquam
1790 768 1824 796 ad
1842 777 1911 807 pra-

1167 817 1226 845 xim
1249 818 1402 845 reducere:
1436 818 1555 854 formam
1576 816 1705 845 scrutinii
1727 825 1761 844 eir
1779 815 1909 854 pluribus

1167 865 1411 900 substantialibus,
1443 875 1511 904 quae
1533 875 1698 895 concurrere
1726 865 1830 899 debent,
1854 874 1910 894 esse

1165 913 1321 951 plurimum
1343 914 1498 952 difficilem,
1516 914 1561 942 sed
1578 914 1770 951 neeessariam,
1788 923 1841 942 uno
1856 913 1911 942 elc-

1168 967 1271 991 ctorum
1293 962 1371 991 illam
1396 962 1512 999 colente,
1533 972 1584 1001 quo
1606 963 1634 991 in
1657 972 1721 991 casu
1742 962 1799 991 alia
1821 963 1910 998 forma

1168 1012 1254 1039 teneri
1276 1020 1330 1039 non
1348 1015 1456 1048 potest:
1486 1012 1606 1048 sormam
1636 1011 1825 1049 compromissi
1846 1020 1910 1039 raro

1168 1059 1261 1088 reduci
1281 1068 1358 1098 posse
1374 1059 1407 1087 ad
1423 1068 1512 1095 usum,
1530 1068 1591 1088 cam
1607 1059 1760 1098 difficiliter
1780 1068 1871 1088 omnes
1885 1064 1911 1088 et

1166 1107 1270 1145 singuli
1288 1107 1454 1145 capitulares
1470 1109 1500 1136 in
1516 1109 1576 1146 ipsu
1591 1108 1776 1136 consentiant:
1793 1109 1910 1146 sormam

1167 1167 1229 1185 vero
1245 1158 1432 1195 compromissi
1447 1166 1509 1185 cum
1526 1157 1660 1186 scrutinio
1682 1157 1773 1191 mixti,
1798 1161 1826 1186 ut
1841 1161 1909 1186 cete-

1167 1207 1208 1234 ris
1226 1205 1382 1244 faciliorem
1397 1209 1422 1234 et
1438 1206 1567 1234 tutiorem
1583 1207 1686 1234 assumi
1698 1215 1777 1244 posse
1792 1205 1906 1235 utiliter.

1209 1253 1344 1289 Quoniam
1368 1264 1430 1283 cero
1452 1264 1486 1282 ea:
1507 1255 1672 1283 sacrosancti
1701 1254 1818 1283 Goncilii
1849 1255 1909 1284 Tri-
1934 1265 2102 1292 Eiectiouespoi-

1167 1304 1273 1332 clentini
1288 1304 1392 1332 decreto
1407 1303 1531 1332 districte
1544 1304 1718 1342 praecipitur
1733 1303 1763 1332 ‘in
1780 1303 1909 1332 electione
1920 1294 2063 1340 gipgdzeeereta
2074 1293 2103 1313 ‘³'

1167 1355 1343 1391 supciv'orum
1358 1353 1530 1391 aliorumque
1552 1352 1716 1391 officialium
1739 1352 1909 1390 regularium

1168 1411 1410 1440 quorumczmzque,
1435 1410 1486 1439 quo
1509 1402 1599 1430 omnia
1622 1405 1691 1430 recte
1723 1406 1746 1429 et
1767 1402 1826 1429 sine
1848 1400 1907 1429 utta

1167 1451 1268 1489 fraude
1289 1450 1368 1488 fiant>
1383 1459 1435 1487 per
1458 1454 1517 1478 cota
1539 1454 1641 1478 secreta
1662 1450 1773 1487 procedi
1796 1448 1906 1482 debere,

1169 1500 1238 1527 itaut
1260 1498 1432 1536 sinyulorutn
1453 1498 1613 1535 eligentium
1637 1499 1746 1526 nomina
1770 1507 1911 1536 nunquam

1166 1547 1354 1586 publicentur,
1374 1547 1587 1585 quiluiscumque
1608 1547 1786 1585 facultatibus
1802 1547 1829 1576 in
1847 1556 1910 1576 con.-

1168 1597 1288 1625 trarz'um
1310 1596 1446 1633 ebromus
1458 1607 1468 1630 ,·
1486 1596 1549 1624 ltine
1572 1596 1729 1624 huiusmodi
1751 1595 1824 1625 sacri
1841 1595 1910 1625 Con-

1168 1645 1229 1674 eilii
1247 1645 1419 1683 dispositioni
1441 1644 1658 1683 obtemperando,
1677 1645 1774 1683 formis
1792 1644 1911 1682 eligendi

1166 1704 1217 1733 per
1238 1703 1407 1723 communem
1430 1694 1639 1732 inspirationem
1661 1697 1687 1722 et
1706 1703 1758 1731 per
1786 1702 1909 1732 compro-

1169 1744 1282 1772 missum
1304 1742 1456 1771 absolutum
1475 1751 1592 1780 prorsus
1613 1742 1750 1780 abrogyatis
1771 1745 1797 1770 et
1818 1741 1912 1771 exelu-

1168 1793 1214 1826 εἰς,
1239 1794 1269 1821 in
1286 1793 1386 1821 nostris
1408 1791 1584 1820 electionibus
1605 1791 1648 1820 vel
1669 1792 1760 1829 forma
1780 1791 1911 1821 scrutinii

1168 1843 1265 1871 secreti
1285 1842 1397 1880 penitus
1419 1841 1586 1879 observetur,
1604 1840 1656 1878 vel,
1679 1845 1812 1879 qautenus
1834 1850 1910 1871 nemo

1168 1890 1313 1919 electorum
1327 1890 1508 1927 contradicat,
1523 1898 1574 1927 per
1589 1891 1708 1928 [ormam
1723 1891 1911 1929 compromissi

1167 1950 1229 1969 cum
1250 1943 1351 1968 secreto
1374 1939 1508 1968 scrutinio
1524 1939 1609 1968 nuato
1624 1939 1720 1968 saltem
1732 1940 1908 1978 procedatur.

1169 1989 1204 2018 Ut
1224 1993 1315 2017 autem
1337 1992 1469 2017 secretum
1496 1989 1561 2017 (idco
1583 1998 1599 2017 a
1621 1998 1698 2018 sacro
1722 1988 1844 2019 Concilio
1865 1990 1909 2019 in-

1168 2039 1292 2068 iunctum
1327 2039 1449 2067 strictius
1482 2042 1621 2076 servetur,
1646 2042 1726 2076 atquc
1762 2048 1853 2068 omnes
1886 2043 1911 2069 et

1167 2087 1272 2125 singuli
1293 2086 1432 2123 electores,
1457 2088 1531 2116 omni
1553 2087 1672 2115 humano
1693 2091 1818 2125 respecta
1836 2092 1911 2126 post-

1165 2137 1265 2174 posito,
1290 2137 1439 2165 secundum
1462 2136 1549 2166 Deum
1572 2141 1597 2165 ct
1618 2146 1696 2165 suam
1717 2137 1911 2166 conscientiam

1167 2194 1216 2213 sua
1239 2185 1374 2224 suffragia
1396 2186 1548 2223 conferant,
1567 2184 1725 2214 nallatenus
1741 2185 1845 2223 singuli
1863 2195 1909 2214 er.-

1165 2233 1270 2271 pliccnt
1293 2233 1450 2269 cerba-liter,
1475 2233 1539 2262 licet
1559 2236 1670 2268 secrete,
1687 2237 1749 2262 vota
1766 2244 1817 2263 saa
1831 2243 1909 2264 scru-

1167 2281 1300 2310 tatoribus
1333 2286 1358 2310 et
1392 2282 1629 2320 confirmatoribus
1664 2282 1804 2312 electionis
1817 2306 1824 2320 ‚
1862 2283 1909 2312 sed

1167 2331 1246 2359 unice
1281 2334 1306 2360 et
1341 2331 1484 2359 dumtaxat
1517 2340 1569 2369 per
1610 2335 1726 2360 secretas
1765 2331 1909 2361 schedulas

1165 2389 1256 2408 omnes
1290 2379 1459 2418 capitulares
1486 2380 1698 2418 suffrayentam
1732 2380 1814 2410 aliter
1846 2391 1907 2411 vero

1164 2429 1253 2467 factae
1274 2427 1417 2457 electiones
1439 2428 1537 2457 irritae
1555 2433 1580 2457 et
1602 2428 1708 2458 nullius
1729 2429 1833 2459 roboris
1848 2430 1906 2468 ipso

1164 2477 1226 2505 iare
1244 2485 1360 2515 prorsus
1382 2477 1512 2505 existant.

1204 2525 1303 2554 Forma
1324 2526 1411 2563 igitur
1432 2526 1530 2555 secreti
1549 2527 1680 2556 scrutinii
1706 2535 1770 2555 cum
1797 2526 1840 2556 his
1861 2536 1906 2556 re-

1163 2574 1273 2612 quisitis
1303 2573 1436 2604 celebrari
1462 2574 1560 2604 debet:
1588 2583 1608 2604 1.
1640 2574 1763 2604 Peractis
1791 2575 1827 2604 ad
1852 2575 1905 2605 ele·
1917 2576 2100 2597 nonnemo-1³.

2147 905 2160 949 Ἄρ,
2148 846 2151 855 ,
2154 811 2158 815 ,

2143 1053 2167 1368 moazim*
2149 1021 2157 1036 ⁴⁴
2154 1005 2156 1011 -
2151 966 2157 974 ¹

2145 1379 2168 1795 -mm-‘Am-v-nn’ffl‘v-

2146 2444 2173 2519 ωας
2147 2288 2173 2436 τηε-νε
2141 2016 2174 2281 »aut-*sanates*
2150 1825 2171 2011 meon*
2156 1807 2166 1815 ι

1917 2548 1992 2570 roi-ma
2007 2549 2028 2570 iu
2043 2555 2101 2571 scm·
2143 2551 2145 2554 ⁴
