2182 3137
179 227 233 253 An.
252 225 283 253 0.
299 224 366 251 ¹731

199 1020 229 1039 Ad
244 1019 367 1045 petitirnem

188 1047 274 1066 t'ratruui
286 1052 367 1071 provin-

183 1078 231 1092 ciae
274 1072 367 1092 eiusdem

184 1098 265 1118 erectio
294 1099 368 1117 rentii--

185 1127 261 1145 matur.

415 214 481 247 240

380 273 504 305 dudum
531 272 705 315 acephalus
724 282 760 304 ac
779 270 1005 313 independens
1032 280 1122 312 repe-

380 325 548 363 riebatur;
579 324 755 366 statuitque
785 329 821 355 ut
850 323 966 356 electio
1003 322 1121 364 prioris

380 377 608 421 pi·ovinci‹‘ili.<,
633 383 883 419 ceterorumque
916 375 1120 418 superiorum

379 436 411 462 et
427 430 615 463 officialium
635 430 781 462 eiusdem
801 440 902 461 novae
921 428 1118 471 provinciae,

378 484 419 515 ad
456 483 696 526 praescriptum
734 482 1004 514 constitutionum
1044 481 1119 513 dicti

377 536 519 575 Ordinis,
545 535 724 577 apostolica
741 535 933 567 auctoritate
954 533 1121 566 confirma-

380 595 503 626 tarum,
542 588 780 630 quamprimum
818 587 933 627 fieret;
962 592 993 618 et
1018 586 1118 624 alias,

380 645 477 683 prout
502 641 632 673 uberius
665 640 851 672 continetur
876 639 906 671 in
934 639 1034 681 ipsius
1060 639 1119 671 Bc—

379 693 499 725 nedicti
534 692 797 736 praedecessoris
835 691 949 725 litteris
979 691 1121 733 desuper

379 748 412 778 in
440 746 535 782 sinn'li
559 746 660 778 forma
682 745 791 778 Brevis
810 744 977 788 expeditis,
998 744 1120 776 tenoris

379 800 435 842 qui
462 799 617 842 sequitur,
644 799 808 832 videlicet:

426 853 633 886 [Innumcras
657 853 714 885 Pr.
740 852 818 891 XIII,
844 851 886 883 acl
931 854 1120 893 perpetuam

378 906 428 937 'rei'
452 906 658 938 memoriam.
684 905 771 937 Inter
803 903 1009 945 gravissimas
1044 913 1120 944 apo-

379 958 512 991 stolicae
539 957 704 990 servitutis
729 967 833 994 ειη-ης,
860 954 957 987 etc.¹.

423 1012 438 1053 ξ
462 1011 493 1042 Ξ.
521 1011 597 1042 Cum
623 1015 741 1047 autem,
766 1009 848 1040 sicut
872 1018 931 1050 pro
956 1012 1048 1050 parte
1074 1006 1120 1038 di-

380 1064 536 1095 lcctorum
564 1062 703 1095 liliorum
741 1061 874 1093 fratrum
912 1060 1119 1102 supradictae

380 1115 566 1158 provinciae
591 1114 709 1146 Terrae
736 1113 866 1146 Laboris
892 1113 983 1144 nobis
1016 1122 1121 1154 nnper

380 1168 564 1211 expositum
583 1167 648 1204 fuit,
668 1167 831 1210 praefatae
849 1165 1012 1198 Benedicti
1032 1175 1122 1207 prae-

383 1221 568 1254 decessoris
601 1220 726 1252 litterae
758 1225 832 1251 ante
861 1218 1120 1261 quinquennium

381 1274 562 1307 executioni
591 1273 804 1305 demandatae
837 1271 976 1311 fuerint,
1009 1281 1045 1303 eit
1083 1280 1121 1302 eo

383 1337 459 1360 vero
497 1332 644 1369 tempore
679 1326 763 1359 dicta
799 1324 966 1368 provincia
1001 1326 1122 1356 summ-21

383 1381 493 1423 quiete
525 1386 557 1412 et
582 1390 660 1422 pace
698 1379 873 1421 religiosa,
908 1377 1123 1410 benedicente

381 1433 530 1471 Domino,
557 1433 687 1470 fruatur,
708 1442 771 1464 non
793 1431 863 1464 sine
888 1430 1015 1462 modico
1035 1430 1065 1462 in
1088 1432 1123 1462 ea

382 1486 544 1529 regularis
570 1485 762 1528 disciplinae
787 1485 1005 1520 incremento.
1024 1494 1059 1515 ac
1081 1483 1124 1514 in-

382 1539 474 1570 terim
500 1538 576 1570 bina
601 1538 722 1570 ibidem
748 1537 888 1579 capitula
912 1535 1123 1578 provincialia

380 1590 450 1622 sine
469 1591 532 1622 nlla
550 1591 599 1622 vel
626 1589 757 1622 minima
773 1589 1019 1632 perturbatione
1037 1589 1121 1620 cele—

382 1643 476 1676 brata
492 1643 626 1682 fuerint;
643 1652 678 1674 ac
691 1647 867 1685 propterea
882 1641 1123 1684 ipsigexponen-

383 1702 439 1735 teS,
459 1694 650 1738 praemissa,
666 1705 724 1736 pro
744 1694 855 1726 maiori
876 1703 985 1726 eorum
1004 1694 1122 1725 robore

382 1754 415 1781 et
439 1748 648 1780 subsistentia
689 1748 917 1790 exactioreque
953 1747 1124 1779 observan-

382 1803 449 1840 tia,
484 1801 682 1843 apostolicae
708 1799 960 1832 confirmationis
994 1805 1122 1832 nostrae

382 1853 565 1897 patrocinio
600 1853 793 1885 communiri
827 1863 1032 1894 summopere
1070 1852 1123 1884 dc-

382 1908 549 1940 siderent:
578 1918 653 1943 nos,
674 1906 862 1939 eorumdem
889 1906 1122 1948 exponentium

383 1959 465 1992 votis
498 1960 559 1991 liac
592 1960 621 1991 in
649 1970 691 1998 re,
708 1964 863 2001 quantum
885 1970 956 1991 cum
985 1959 1122 1991 Domino

381 2022 569 2055 possumus,
597 2012 817 2044 favorabiliter
842 2022 988 2043 annuere
1014 2013 1124 2044 volen-

381 2071 444 2104 tes,
472 2066 667 2107 illorumque
704 2065 886 2107 singulares
919 2075 1077 2108 personas
1106 2075 1124 2097 a

381 2118 553 2161 quibusvis
585 2117 956 2156 excommunicationis,
991 2128 1125 2160 suspen-

381 2170 483 2203 sionis
515 2177 546 2203 et
571 2170 755 2208 interdicti,
773 2170 912 2213 aliisque
931 2171 1125 2203 ecclesiasti-

381 2223 428 2255 cis
452 2222 636 2261 sementim,
658 2223 803 2255 censuris
823 2228 853 2255 et
870 2223 1000 2264 poenis,
1019 2234 1035 2255 a
1052 2223 1124 2255 iure

381 2276 430 2308 vel
466 2276 505 2308 ab
543 2277 677 2308 bomine
698 2302 705 2315 ,
732 2276 843 2318 quavis
879 2277 1050 2309 occasione
1075 2278 1124 2309 vel

380 2331 477 2361 causa
509 2329 591 2367 latis,
610 2329 636 2361 si
662 2329 780 2371 quibus
804 2329 1053 2371 quomodolibet
1077 2329 1125 2361 in-

382 2381 523 2414 nodatae
551 2380 709 2419 existunt,
732 2381 770 2413 ad
797 2380 946 2413 effectum
971 2391 1126 2424 praesen-

382 2434 462 2466 tium
495 2435 664 2466 dumtaxat
698 2435 985 2477 consequendum,
1011 2435 1124 2467 harum

381 2487 469 2519 serie
495 2488 703 2520 absolventes
725 2493 757 2520 et
774 2487 940 2520 absolutas
965 2487 1034 2520 sore
1052 2498 1125 2520 cen-

419 2559 430 2583 t
454 2557 549 2584 Cetera
570 2557 660 2593 legere
679 2561 721 2585 est
735 2557 760 2584 in
774 2558 964 2585 constitutione
984 2564 1043 2584 1.th
1060 2558 1123 2585 tomi

380 2600 580 2636 praecedentis.

958 221 1138 245 BULLAItIUM
1164 221 1320 244 ROMANUM

1906 220 1958 246 An.
1980 220 2010 245 C.
2028 218 2092 245 ⁴731

1164 274 1288 308 sentes,
1315 269 1610 313 supplicationibus
1632 279 1743 301 eorum
1769 262 1900 301 noinine

1165 322 1257 354 nobis
1283 333 1383 365 super
1400 323 1462 354 boc
1488 321 1653 354 humiliter
1677 321 1835 363 porrectis
1853 321 1902 353 in-

1164 375 1297 415 clinati,
1322 375 1540 418 praeinsertas
1566 373 1730 406 Benedicti
1768 374 1903 416 praede-

1165 427 1348 460 decessoris
1374 427 1510 466 litteras,
1531 437 1602 458 cum
1621 426 1772 458 omnibus
1793 431 1824 458 et,
1838 425 1903 458 sin-

1165 480 1247 522 gulis
1265 480 1297 512 in
1317 480 1362 512 eis
1386 479 1558 518 contentis,
1578 478 1691 511 eadem
1710 478 1903 510 auctoritate

1165 533 1353 576 apostolica,
1371 538 1482 564 tenore
1500 531 1732 574 praesentium,
1748 531 1904 574 approba-

1165 597 1234 618 nius
1259 592 1290 618 et
1316 585 1555 623 confirmamuS,
1583 585 1712 626 illisque
1739 583 1905 616 inviolabi-

1166 639 1203 671 lis
1228 639 1426 682 apostolicare
1464 637 1624 669 firmitatis
1661 638 1763 669 robur
1795 637 1905 670 adiici-

1165 703 1247 724 mus.

1208 746 1222 788 g
1248 745 1279 778 3.
1307 745 1538 783 Decernentes,
1557 744 1686 776 casdem
1712 749 1904 786 praesentes
1915 751 2009 798 badium
2025 751 2101 798 nrlqgis

1165 798 1288 830 litteras
1313 808 1443 840 semper
1477 797 1600 835 firmas,
1637 796 1758 828 validas
1784 801 1816 827 et
1839 784 2004 851 effi-2323&
2023 784 2101 824 iffbs'eiss

1165 861 1256 882 caces
1282 850 1421 882 existere
1447 856 1479 882 et
1504 850 1596 887 fore,
1624 859 1768 891 suosque
1793 849 1905 890 plena·
1976 845 1996 851 ‘⁹

1165 903 1227 935 rios
1253 908 1284 935 et
1308 903 1455 944 integros
1481 901 1612 934 effectus
1639 901 1747 934 sortiri
1774 907 1806 933 et
1822 901 1906 933 obti-

1166 966 1267 994 nere,
1296 966 1332 986 ac
1356 955 1438 993 illis,
1465 955 1504 986 ad
1530 964 1611 996 quos
1637 959 1760 996 spectat
1792 959 1822 985 et
1846 964 1905 996 pro

1166 1012 1312 1050 tempore
1349 1007 1620 1049 quandocumque
1656 1006 1837 1049 spectabit,
1873 1006 1905 1038 in

1166 1060 1317 1092 omnibus
1343 1065 1374 1092 et
1400 1070 1456 1101 pcr
1481 1059 1589 1091 onmia
1614 1058 1804 1101 plenissime
1842 1059 1907 1090 suf-

1168 1112 1302 1154 fragari,
1322 1117 1353 1144 et
1378 1112 1417 1144 ab
1443 1112 1488 1144 eis
1516 1112 1695 1154 respective
1713 1112 1906 1145 inconcusse

1168 1165 1344 1205 observari,
1361 1165 1471 1207 sicque
1487 1164 1518 1196 in
1537 1165 1721 1207 praemissis
1742 1176 1798 1207 per
1816 1175 1907 1208 quos·

1168 1228 1305 1260 cmnque
1330 1218 1452 1250 iudices
1471 1218 1653 1250 ordinarios
1674 1223 1705 1249 et
1730 1218 1907 1260 delegatos,

1168 1270 1263 1302 etiam
1285 1281 1454 1303 causarum
1484 1271 1593 1314 palatii
1621 1271 1791 1314 apostolici
1817 1271 1908 1303 audi-

1169 1329 1269 1363 tores,
1294 1335 1330 1356 ac
1355 1324 1498 1357 eiusdem
1524 1325 1555 1357 S.
1584 1325 1621 1357 R.
1649 1325 1683 1357 E.
1711 1325 1905 1363 cardinales,

1169 1378 1264 1409 etiam
1291 1378 1330 1410 de
1356 1379 1457 1410 latere
1483 1379 1622 1420 legatos,
1650 1383 1681 1409 et
1705 1377 1784 1410 alios
1809 1387 1908 1420 quos-

1170 1430 1247 1462 libet
1264 1441 1468 1473 quacumque
1490 1430 1745 1473 praeeminentia
1765 1435 1798 1462 et
1813 1434 1907 1472 pote-

1169 1488 1249 1515 state
1272 1484 1442 1525 snngentes
1465 1488 1496 1515 et
1515 1485 1692 1522 iuncturos,
1713 1482 1839 1515 sublata
1861 1482 1907 1515 eis
2160 1498 2182 1522 3-

1170 1542 1201 1569 et
1237 1548 1349 1569 eorum
1383 1536 1520 1569 cuilibet
1552 1537 1662 1579 quavis
1700 1537 1792 1568 aliter
1828 1536 1909 1568 iudi-

1170 1589 1263 1622 candi
1296 1595 1329 1622 et
1354 1589 1589 1632 interpretandi
1624 1590 1773 1621 facultate
1799 1594 1830 1621 et
1854 1599 1909 1621 au-

1169 1643 1339 1681 ctoritate,
1365 1642 1502 1674 iudicari
1537 1648 1569 1674 et
1604 1641 1732 1674 definiri
1767 1642 1908 1679 debere,

1169 1705 1204 1726 ac
1230 1695 1357 1726 irritum
1384 1700 1416 1727 et
1441 1695 1536 1726 inane
1562 1695 1586 1726 si
1613 1705 1707 1727 secus
1731 1704 1831 1736 super
1856 1693 1907 1725 his

1168 1758 1186 1779 a
1211 1758 1387 1789 quoquam,
1409 1747 1518 1790 (piavis
1539 1748 1743 1786 auctoritate,
1769 1747 1910 1780 scienter

1170 1801 1217 1832 vel
1244 1800 1454 1841 ignoranter,
1481 1800 1681 1841 contingerit
1704 1800 1869 1833 attentari.

1212 1854 1226 1895 ἓ
1246 1853 1279 1885 4.
1306 1852 1374 1885 Non
1393 1853 1599 1885 obstantibus
1619 1853 1998 1904 COssSfflUUOssibusrioffffi
2013 1857 2104 1908 3333:

1168 1912 1200 1938 et
1236 1906 1498 1938 ordinationibus
1538 1907 1752 1949 apostolicis,
1779 1916 1908 1940 necnon
1921 1910 1986 1930 ²³0⁰&

1169 1958 1320 1990 omnibus
1345 1964 1376 1991 et
1400 1959 1536 2001 singulis
1563 1959 1634 1998 illis,
1654 1970 1736 2002 quae
1761 1959 1792 1991 in
1819 1970 1910 2003 prae-

1169 2011 1299 2043 insertis
1325 2012 1441 2044 litteris
1476 2022 1631 2044 concessa
1662 2018 1737 2044 sunt
1761 2023 1825 2045 non
1852 2013 1909 2046 ob-

1168 2069 1270 2104 stare,
1297 2065 1480 2108 ceterisque
1506 2065 1680 2098 contrariis
1705 2065 1910 2108 quibuscum-

1168 2128 1243 2160 qne.

1213 2171 1326 2202 Datum
1351 2170 1493 2209 Romae,
1519 2171 1606 2213 apud
1619 2169 1651 2203 S.
1671 2170 1800 2203 Mariam
1815 2170 1910 2203 Maio-

1169 2234 1258 2262 rem,
1284 2224 1344 2256 sub
1367 2224 1488 2255 annulo
1520 2223 1718 2263 Piscatoris,
1745 2224 1797 2257 die
1821 2233 1911 2257 xxvll

1169 2276 1305 2308 ianuarii
1338 2286 1525 2315 iinccxxm,
1558 2275 1769 2319 pontificatus
1805 2276 1909 2309 nostri

1169 2339 1254 2361 anno
1280 2339 1302 2362 L

1204 2390 1260 2417 Dat.
1282 2390 1325 2416 die
1345 2391 1377 2416 27
1398 2390 1516 2416 ianuarii
1537 2390 1613 2424 1731,
1635 2389 1733 2426 pontIf.
1749 2398 1819 2417 anno
1838 2396 1856 2417 1.

1462 2443 1495 2476 F.
1523 2444 1612 2476 card.
1639 2443 1821 2477 Otlvmzius.

2148 2498 2177 2595 ,ξ

2154 2594 2182 2613 ,,
