2182 3137
245 232 293 257 Αη.
311 231 340 257 C.
363 230 428 258 1733

260 1363 337 1384 Petitio
354 1363 429 1383 vicarii

247 1390 384 1415 protiuctalis
392 1390 429 1409 hu·

248 1417 279 1436 im
295 1422 416 1441 pr·it¹tn‹*tss?
426 1431 430 1439 ,

248 1442 370 1468 qmbwque
380 1443 431 1462 iuni-

247 1475 272 1490 xa
284 1469 430 1490 fundauit-utu.

475 220 538 253 59⁶2

436 289 517 318 rem,
544 280 605 311 sub
635 280 755 313 annulo
785 279 975 320 piscatoris,
1001 280 1052 313 die
1078 291 1175 314 xxviu

437 332 506 365 iulii
532 342 733 374 noemmin,
759 333 964 377 pontificatus
991 334 1094 367 nostri
1121 345 1176 368 an-

439 397 481 420 no
507 397 550 420 iv.

473 448 533 475 Dat.
555 447 601 476 die
621 448 654 475 ⁶28
674 448 731 476 iulii
753 448 831 481 1733,
854 449 955 483 potitis.
976 458 1050 477 anno
1065 457 1102 477 tv.

763 503 796 535 F.
824 504 912 536 eard.
941 503 1128 538 Omvenirs.

768 654 843 687 Clll.

440 735 661 777 Confirmatio·
684 735 845 768 decretum
871 735 1136 778 Congyi'eyalionis
1154 745 1178 767 e·

481 789 688 832 piscoporum
714 793 742 821 et
766 789 995 832 reqularium.
1022 799 1062 821 ize
1100 799 1178 820 com-

484 842 633 875 missorii
648 842 813 885 yenerales
834 852 889 874 nec
910 843 1009 874 eliam
1027 842 1094 885 ipse
1117 841 1179 873 mi-

483 896 585 928 nister
601 895 761 939 qeneralis
777 895 911 928 Ordinis
924 896 1066 937 fratrum
1080 895 1178 926 Mino-

483 960 557 982 rum
582 951 687 982 sancti
711 949 882 982 Franciscz‘
904 949 941 981 de
967 949 1178 982 Observuntt'ti

482 1003 757 1036 Discalceulorum
773 1002 918 1046 aliquem
936 1002 1125 1044 reli‘yiosum
1142 1012 1179 1033 ex

482 1056 650 1099 provincia
671 1056 702 1088 S.
722 1055 841 1088 Di'daci
865 1056 900 1087 in
926 1055 1047 1088 Mem'co
1073 1058 1179 1087 extra-

485 1111 558 1141 here
580 1109 716 1152 possint,
733 1109 801 1141 nisi
818 1108 855 1141 de
871 1118 1021 1141 consensu
1040 1108 1180 1151 capituli

482 1163 696 1208 provincialis
721 1162 770 1194 vel
794 1162 985 1204 definilorii.

646 1234 784 1261 Clemens
805 1234 887 1268 Papa
909 1233 974 1266 XII,

575 1281 611 1306 ad
633 1279 771 1306 futuram
792 1278 838 1305 rei
857 1278 1046 1305 memoriam.

485 1352 499 1395 g
529 1351 555 1385 1.
583 1351 693 1394 Nuper
717 1360 776 1394 pro
802 1355 894 1393 parte
921 1349 1029 1383 dilecti
1057 1349 1179 1383 111Ξί10-

441 1404 537 1448 sephi
574 1404 612 1438 de
649 1403 787 1444 Ilerize‚
824 1403 934 1436 vicarii
968 1403 1177 1446 provincialis

441 1458 626 1502 provinciae
651 1457 682 1491 S.
709 1456 818 1490 Didaci
845 1457 876 1489 in
904 1456 1026 1491 Mexico
1051 1457 1179 1490 Ordinis

441 1512 578 1544 fratrum
615 1511 773 1544 Minorum
809 1510 910 1543 sancti
944 1510 1106 1544 Francisci
1140 1511 1178 1544 de

442 1564 650 1598 Observantia
674 1563 945 1597 Discalceatorum
978 1569 1180 1607 nuncupato-

442 1629 533 1658 rum,
558 1616 810 1659 Congregationi
847 1616 1083 1650 venerabilium
1120 1617 1180 1649 sra-

444 1677 525 1704 trum
563 1677 747 1704 nostrorum
779 1671 810 1704 S.
838 1670 874 1703 R.
899 1670 933 1703 E.
969 1670 1179 1704 cardinalium

443 1725 581 1766 negotiis
600 1736 635 1757 ac
647 1724 938 1757 consultationibus
952 1724 1179 1767 episcoporum

444 1784 475 1811 et
500 1778 694 1820 regularium
720 1777 981 1821 praepositorum
1008 1777 1179 1820 exposito.

444 1831 643 1874 quodlicet,
664 1831 747 1863 inter
765 1831 844 1864 alias
862 1830 1085 1863 ordinationes
1103 1841 1182 1873 apo-

443 1885 573 1918 stolicas
600 1895 657 1928 pro
679 1884 763 1917 felici
783 1894 1006 1927 prosperoque
1025 1883 1181 1925 regimine

443 1938 680 1982 provinciarum
707 1938 893 1971 eorumdem
914 1937 1047 1969 fratrum
1068 1937 1183 1970 Discol-

443 1998 605 2025 ceatorum
645 1991 767 2031 editas,
803 1991 930 2035 saepius
967 2001 1004 2023 ac
1039 1990 1182 2023 districte

444 2045 576 2078 vetitum
614 2056 650 2078 ac
687 2045 851 2078 decretum
890 2044 1019 2082 suisset,
1046 2054 1087 2076 ne
1125 2043 1180 2077 ulli

444 2098 657 2132 commissarii
691 2099 861 2141 generales
893 2107 953 2130 nec
985 2097 1080 2130 etiam
1114 2097 1182 2140 ipse

443 2152 592 2185 minister
617 2152 778 2194 generalis
803 2151 932 2184 Ordinis
950 2151 1110 2195 praedicti
1130 2150 1183 2183 ali-

445 2217 538 2250 quem
565 2206 754 2248 religiosum
778 2215 795 2237 a
821 2205 913 2237 dictis
939 2204 1113 2248 provinciis
1135 2214 1184 2236 ex-

446 2260 576 2292 trahere
602 2263 861 2302 praesumerent,
887 2263 921 2289 ut
946 2257 984 2289 ad
1011 2257 1090 2290 alias
1115 2268 1183 2300 par-

446 2318 492 2346 tes
515 2318 546 2345 et
568 2311 751 2355 provincias
776 2311 951 2349 mitterent,
972 2310 1032 2343 nisi
1052 2310 1182 2353 praevio

445 2376 604 2399 consensu
630 2365 761 2408 capituli
788 2363 995 2408 provincialis
1030 2365 1079 2396 vcl
1107 2363 1183 2396 desi-

445 2419 555 2452 nitorii
592 2418 679 2462 pleni
717 2417 970 2460 uniuscuiusque
997 2416 1182 2460 provinciae

446 2472 631 2505 huiusmodi
657 2471 859 2514 respective,
887 2481 923 2503 ac
949 2470 980 2502 id
1006 2470 1110 2512 ipsum
1136 2480 1184 2502 ex·

446 2536 559 2569 presse
585 2535 713 2568 quoque
739 2524 899 2557 sancitum
923 2523 1127 2567 reperiretur
1151 2523 1183 2555 in

447 2579 574 2611 statutis
594 2577 835 2621 generabilibus
856 2577 993 2610 familiae
1009 2578 1184 2610 ultramon-

448 2637 540 2666 tanae
577 2631 704 2665 Ordinis
740 2631 921 2678 praedicti3
949 2629 1183 2672 nihilominus,

1022 230 1202 255 ntJLLAnitJM
1228 231 1384 256 Romnum

1218 281 1292 325 quia
1317 280 1530 314 commissarii
1566 282 1738 324 generales
1763 281 1867 315 Novae
1902 281 1957 315 Hi-

1218 336 1351 378 spaniae
1387 335 1531 368 eiusdem
1556 334 1704 375 Ordinis,
1731 340 1844 369 contra
1869 345 1957 378 prae-

1219 390 1374 433 scriptum
1401 389 1608 422 decretorum
1634 389 1891 432 apostolicorum
1915 395 1958 423 at-

1220 453 1280 486 que
1299 447 1492 475 statutorum
1512 443 1767 486 praedictorum,
1787 443 1957 486 religiosos

1220 506 1236 528 e
1262 495 1448 539 supradicta
1473 495 1637 538 provincia
1660 495 1690 528 S.
1719 496 1828 529 Didaci
1855 502 1957 529 extra-

1222 550 1299 582 here
1324 560 1360 582 ae
1385 550 1416 582 in
1442 550 1514 582 aliis
1539 549 1716 592 provinciis
1746 549 1957 593 incorporare

1220 604 1440 644 attentabant,
1467 603 1603 636 dilectus
1637 603 1720 636 silius
1745 603 1883 637 Ioannes
1916 603 1956 637 de

1220 656 1312 695 Soio,
1338 656 1486 690 minister
1511 656 1672 699 generalis
1706 656 1803 690 totius
1828 657 1957 690 Ordinis

1221 710 1370 753 praefati.
1397 720 1455 753 per
1481 720 1554 742 suas
1580 715 1728 753 patentes
1754 709 1880 743 litteras
1905 709 1958 743 die

1221 773 1269 796 xxi
1296 763 1364 795 iulii
1390 772 1535 796 sioccxxx
1563 762 1705 806 desuper
1730 763 1845 803 editas,
1871 772 1959 806 prae·

1222 821 1352 858 ceperat
1390 820 1463 847 tunc
1490 821 1520 848 ct
1546 826 1603 858 pro
1630 821 1776 858 tempore
1809 814 1958 848 existenti

1222 867 1445 900 commissario
1477 867 1620 910 generali
1647 867 1754 901 Novae
1781 868 1960 912 Hispaniae

1222 921 1424 964 praedictae,
1448 926 1483 953 ut
1509 921 1548 953 ab
1574 920 1734 954 eiusmodi
1761 921 1960 954 extractione

1223 979 1255 1007 et
1286 974 1554 1017 incorporatione
1588 974 1720 1008 omnino
1757 974 1962 1015 abstineret‚'

1223 1027 1421 1060 declarando
1446 1024 1570 1060 nullum
1597 1032 1628 1060 et
1654 1033 1843 1060 attentatum
1869 1027 1962 1071 quid-

1223 1080 1299 1124 quid
1326 1091 1419 1113 secus
1443 1080 1559 1112 factum
1586 1080 1716 1113 suisset:
1742 1086 1773 1113 et
1798 1081 1828 1113 in
1848 1081 1960 1114 eadem

1223 1133 1423 1177 expositione
1449 1133 1639 1173 subiuncto,
1666 1133 1752 1176 quod
1786 1133 1961 1167 modernus

1223 1186 1462 1219 commissarius
1489 1186 1649 1227 generalis
1675 1186 1818 1219 omnium
1856 1186 1961 1219 India-

1223 1249 1292 1272 rum
1315 1238 1578 1279 Occidentalium,
1599 1239 1687 1272 nulla
1707 1239 1959 1282 praemissorum

1222 1303 1257 1325 ac
1283 1292 1422 1325 enarrati
1448 1292 1612 1335 praecepti
1639 1292 1777 1325 ministri
1796 1292 1960 1335 generalis

1224 1346 1333 1379 habita
1360 1346 1507 1385 ratione,
1536 1345 1706 1387 religiosos
1742 1356 1758 1378 e
1795 1345 1961 1390 provincia

1223 1400 1366 1443 praefata
1403 1399 1575 1432 extrahere
1613 1405 1645 1431 et
1681 1398 1745 1432 alio
1783 1399 1960 1433 transferre

1223 1453 1331 1486 adhuc
1362 1458 1532 1496 pergeret:
1561 1462 1597 1484 ac
1621 1452 1760 1495 proinde
1787 1462 1845 1496 pro
1870 1457 1962 1496 parte

1223 1506 1379 1550 praedicti
1405 1505 1535 1549 Iosephi
1570 1505 1676 1538 eidem
1710 1505 1961 1548 Congregationi

1224 1560 1438 1592 cardinalium
1466 1559 1651 1602 supplicato
1685 1564 1718 1591 ut
1744 1564 1962 1602 opportunum

1226 1613 1302 1645 huic
1334 1613 1379 1646 rei
1419 1612 1599 1645 remedium
1636 1612 1793 1645 adhibere
1818 1613 1961 1646 vellent:

1225 1667 1384 1699 emanavit
1418 1677 1434 1698 a
1459 1666 1543 1698 dicta
1568 1666 1827 1708 Congregatione
1853 1665 1961 1699 cardi-

1226 1720 1344 1753 nalium
1372 1720 1537 1753 decretum
1565 1719 1685 1752 tenoris
1712 1719 1765 1763 qui
1792 1719 1961 1763 sequitur:

1264 1791 1350 1820 Sacra
1385 1790 1574 1829 Congregatio
1606 1789 1904 1820 eminentissimorum
1937 1794 1965 1820 et

1225 1839 1536 1869 reverendissimorum
1575 1839 1604 1869 S.
1635 1839 1669 1869 R.
1700 1839 1732 1868 E.
1772 1838 1963 1869 cardinalium

1225 1889 1352 1927 negotiis
1375 1892 1402 1918 et
1426 1887 1692 1918 consultationibus
1707 1888 1912 1928 episcoporum
1936 1892 1964 1918 et

1226 1938 1404 1977 regularium
1429 1937 1604 1977 praeposita,
1621 1938 1733 1967 attenta
1755 1937 1898 1967 relatione
1915 1946 1964 1977 pa-

1227 1987 1279 2017 tris
1302 1987 1500 2026 procuratoris
1523 1985 1681 2024 generalis,
1698 1985 1828 2024 benigne
1844 1985 1966 2015 commi-

1226 2036 1263 2066 sit
1285 2035 1505 2075 archiepiscopo
1528 2035 1697 2073 Mexicano,
1722 2038 1774 2072 ut,
1799 2033 1875 2064 veris
1906 2033 1966 2064 exi-

1226 2084 1372 2114 stentibus
1406 2084 1544 2121 narratis,
1581 2083 1699 2114 nomine
1731 2087 1759 2113 et
1791 2083 1965 2113 auctoritate

1227 2134 1318 2174 ipsius
1340 2143 1439 2163 sacrae
1455 2133 1694 2172 Congregationis
1711 2131 1827 2162 mandet
1844 2132 1964 2162 omnino

1226 2183 1346 2223 exequi,
1383 2183 1519 2213 remediis
1558 2182 1614 2212 sibi
1650 2181 1811 2220 benevisis,
1847 2181 1964 2211 decreta

1226 2233 1394 2273 apostoliea,
1412 2242 1524 2263 necnon
1547 2232 1695 2262 decretum
1712 2231 1802 2271 patris
1817 2231 1965 2270 generalis

1226 2285 1392 2311 emanatum
1426 2280 1480 2310 sub
1513 2281 1560 2310 die
1583 2289 1630 2309 xxi
1658 2279 1767 2309 mensis
1789 2279 1873 2317 iulii,
1897 2280 1966 2310 anni

1226 2339 1374 2368 sinotum,
1400 2334 1428 2359 et
1451 2339 1501 2370 pro
1525 2329 1692 2359 huiusmodi
1708 2329 1813 2358 effectu
1835 2329 1966 2359 revocari

1227 2380 1260 2409 ad
1284 2389 1350 2409 suas
1374 2378 1541 2417 provincias
1564 2382 1706 2418 quotquot
1729 2377 1764 2407 ab
1787 2377 1895 2408 eisdem
1918 2387 1967 2407 ex-

1227 2428 1373 2468 corporati
1395 2428 1503 2458 fuerint
1537 2431 1602 2466 post
1633 2427 1743 2457 editum
1776 2426 1965 2456 enunciatum

1227 2478 1375 2507 decretum
1400 2477 1490 2516 patris
1513 2476 1672 2515 generalis.
1696 2476 1816 2514 Itomae,
1839 2483 1876 2504 xv
1898 2474 1966 2506 maii

1227 2534 1405 2556 moccxxxut

1306 2584 1340 2613 Α.
1358 2583 1438 2613 card.
1462 2582 1490 2613 S.
1511 2582 1678 2613 Clementis.

1307 2632 1329 2664 l.
1353 2632 1591 2677 archiepiscopus
1613 2630 1835 2667 Corinthiensis,
1859 2632 1961 2663 secret.

1965 233 2014 260 An.
2036 232 2063 261 c.
2081 228 2147 263 1733
2163 211 2169 275 1

2001 1805 2082 1825 Sarrae
2105 1805 2153 1826 Com

1975 1832 2102 1857 greg-ninnis
2120 1832 2154 1854 d·-

1975 1862 2064 1880 cretum.
