2182 3137
49 222 97 249 An.
119 221 148 247 C.
167 218 234 246 1730

48 574 136 597 umoris
151 573 230 594 bideltu.

48 607 86 624 seu
116 600 230 621 bibliothe-

50 627 100 650 carii
116 628 194 653 parteS.

65 1687 157 1711 Stimulis
176 1687 234 1707 annis

52 1719 66 1734 a
104 1713 234 1734 cancellario

52 1740 157 1760 visitanda

51 1766 167 1788 humbeca.

81 2409 111 2430 Do
124 2409 239 2430 bibliotho-

55 2440 94 2456 en
110 2435 228 2462 praesecto.

856 218 998 240 CLEMENS
1024 218 1068 240 ΧΠ
1094 219 1144 241 rr.

242 266 353 297 habitet
371 291 377 304 ,
403 267 447 296 vel
478 276 567 306 prope
589 265 768 296 academiam
787 288 794 302 ,
819 269 850 294 ut
873 264 985 293 facilius
1007 278 1008 283 =

243 325 296 345 suo
318 315 434 345 muneri
453 320 482 345 et
501 314 666 354 promptius
688 313 856 343 satisfaciat.
885 312 914 341 Si
940 322 986 341 va-

243 364 372 393 letudine
394 363 582 402 impediatur,
599 362 724 392 bidellus
746 361 842 390 minor
858 360 920 389 eius
945 360 984 389 vi-

242 421 306 441 cem
329 412 476 450 suppleat,
496 410 541 440 cni
565 410 688 449 proinde
711 409 886 438 muletarum
910 407 986 437 liber

242 470 292 489 seu
316 459 409 489 codex
431 459 664 495 commendetur,
688 467 724 487 ne
749 457 821 487 tanti
844 456 985 486 momenti

243 518 289 537 res
311 508 470 537 memoriae
493 511 607 536 tantum
632 506 837 536 concredatur.

282 556 410 585 Bidellus
444 555 539 584 minor
571 554 737 594 aperiendis
765 558 793 583 et
815 553 985 583 claudendis

242 608 406 643 opportuno
423 607 555 642 tempore
577 603 739 641 gymnasiis
755 602 894 641 praeerit,
912 611 985 640 quae

243 652 348 681 munda
366 656 394 681 et
410 655 580 680 sarctatecta
599 650 731 687 curabit,
751 655 791 688 et,
808 650 923 689 quoties
938 659 985 679 res

244 700 440 738 flagitaverit,
466 700 645 739 praefectum
680 698 806 728 fabricae
839 700 874 727 ea
896 699 931 727 de
956 708 986 728 re

242 748 420 779 admonebit.
433 748 629 778 Bibliothecae
641 748 764 786 insuper
777 747 986 777 custodiendae

242 807 316 827 onus
333 797 485 836 suscipiat,
503 796 635 826 confecto
659 796 741 835 prius
764 796 940 831 inventario,
958 800 986 825 et

242 846 310 876 data
332 846 464 884 legitima
496 845 654 879 cautione;
679 854 765 884 quam
789 845 812 874 si
837 849 986 883 praestare

242 895 385 931 renuerit,
408 894 536 923 officium
560 894 643 923 alteri
666 894 824 923 deseratur.

283 943 413 981 Singulis
447 943 583 981 profestis
622 942 725 971 (liebus
760 942 793 971 ad
827 942 985 971 lectionum

244 993 332 1021 horas
355 996 422 1021 ante
448 996 475 1021 et
498 991 714 1030 pomeridianas
749 991 777 1020 in
811 990 985 1019 bibliotheca

245 1042 361 1079 praesto
383 1041 497 1076 aderit,
521 1045 561 1075 ut,
587 1040 766 1079 quicumque
789 1049 840 1069 seu
863 1050 895 1069 ex
922 1049 987 1078 pro-

245 1089 404 1119 fessoribus
437 1099 487 1119 seu
518 1089 699 1118 scholaribus
733 1091 766 1118 eo
799 1089 984 1121 convenerit,

246 1148 320 1177 quos
343 1138 463 1168 libuerit
486 1137 577 1167 libros
592 1138 725 1167 evolvere
749 1138 849 1176 possit.
867 1137 987 1172 Quoties

246 1196 313 1216 vero
337 1187 408 1215 haec
432 1186 669 1225 pratermiserit,
694 1186 750 1215 nisi
774 1186 903 1224 legitime
927 1186 987 1215 fue-

245 1235 283 1264 rit
305 1234 475 1273 impeditus,
499 1234 693 1264 cancellarius
716 1234 850 1263 eumdem
874 1234 987 1264 duobus

244 1283 392 1320 regalibus
407 1283 438 1312 in
454 1283 547 1321 ipsius
562 1282 757 1312 bibliothecae
780 1283 986 1321 compendium

244 1331 408 1361 mulctabit.

285 1379 388 1409 Libros
409 1390 423 1409 a
448 1379 626 1409 bibliotheca
656 1390 805 1419 nunquam
838 1381 986 1420 exportari

244 1434 295 1459 aut
314 1429 426 1459 extrahi
456 1428 582 1458 bidellus
599 1429 738 1468 patiatur,
756 1430 789 1459 ad
807 1430 883 1469 quod
900 1431 986 1460 etiarn

244 1478 274 1507 in
299 1477 476 1516 praestanda
498 1478 634 1506 cautione
656 1478 846 1515 obligabitur.
862 1479 890 1508 Si
904 1489 988 1509 secus

246 1527 360 1562 fecerit,
383 1526 417 1555 ad
443 1525 637 1565 protectorem
661 1526 828 1556 academiae
847 1537 894 1556 res
911 1527 988 1557 defe-

245 1580 338 1612 ratur,
363 1575 413 1614 qui
436 1575 471 1605 de
493 1576 547 1604 hac
570 1585 602 1604 re
624 1575 803 1611 admonitus,
828 1576 896 1614 quid
913 1576 988 1606 facto

245 1633 318 1663 opus
339 1623 388 1661 sit,
413 1624 586 1663 praecipiat.

285 1673 499 1708 cancellarius,
517 1672 636 1702 adscitis
655 1673 794 1710 magistro
813 1674 986 1711 theologiae,

245 1721 318 1751 iuris
347 1722 500 1760 utriusque
533 1722 673 1757 doctore,
704 1722 868 1760 professore
892 1722 989 1752 rheto-

246 1771 330 1807 rices
354 1775 381 1800 et
404 1770 566 1800 medicinae
589 1770 633 1799 vel
656 1770 762 1799 artium
786 1770 904 1800 doctore
940 1776 989 1801 aut

248 1820 400 1858 magistro,
424 1820 473 1858 qui
497 1820 590 1858 primo
614 1824 679 1858 post
702 1821 807 1849 festum
839 1824 869 1850 S.
896 1821 989 1851 Lucae

248 1869 373 1899 concilio
396 1869 542 1906 deligendi
565 1873 662 1904 erunt,
687 1868 895 1899 bibliothecam
919 1880 990 1909 quo-

249 1917 347 1947 tannis
369 1917 493 1953 inviset;
518 1922 605 1956 atque
628 1927 729 1947 omnes
753 1919 877 1947 solerter
893 1919 990 1957 inqui-

249 1970 315 1995 rant
337 1975 371 1994 ex
394 1966 456 1995 eius
480 1966 660 2002 inventario,
684 1967 825 2006 numquid
849 1978 883 1997 ex
907 1967 990 1997 libris

248 2014 333 2050 (lesit,
359 2019 387 2043 et
410 2023 445 2043 an
470 2014 656 2052 propriorum
682 2015 742 2044 rice
766 2015 853 2044 alieni
870 2016 988 2054 repositi

248 2063 316 2100 sint,
341 2063 384 2091 rel
407 2062 514 2100 singuli
539 2063 599 2091 suis
623 2063 694 2092 locis
718 2068 783 2092 ante
802 2064 947 2103 dispositi,
963 2071 990 2095 et

248 2111 390 2150 quidquid
422 2116 571 2150 praeterea
605 2112 639 2140 ad
663 2111 858 2141 bibliothecae
882 2113 992 2143 utilita-

249 2164 306 2189 tem
331 2160 466 2197 noverint
490 2160 646 2198 pertinere.
671 2161 800 2198 Singulis
834 2162 991 2191 visitatori-

249 2208 304 2237 bus
326 2209 433 2246 regalia
457 2214 604 2247 quatuor,
633 2210 809 2240 cancellario
832 2214 896 2240 orto
921 2220 992 2249 pen-

248 2258 365 2295 dantur,
389 2258 437 2296 qui
461 2262 543 2287 curet
559 2259 679 2287 omnino
695 2258 838 2288 eiusmodi
855 2260 992 2289 anniver-

249 2307 355 2335 sariam
376 2306 571 2336 bibliothecae
588 2307 810 2345 inquisitionem
828 2312 902 2337 stato
921 2313 992 2338 tem-

250 2364 319 2393 pore
342 2355 487 2384 renovari.

290 2403 479 2432 Definitorum
515 2403 672 2432 concilium
708 2405 922 2442 prolessorem,
949 2405 992 2434 vel

251 2455 420 2491 perpetuam
445 2451 487 2480 vel
512 2452 699 2489 temporalem
723 2452 891 2481 cathedram
917 2453 993 2482 obti-

252 2504 381 2536 nentem,
405 2499 600 2528 bibliothecae
624 2500 801 2537 praefectum
832 2502 866 2530 ad
890 2506 992 2531 nutum

251 2547 418 2585 destinabit,
441 2547 490 2586 qui
514 2547 720 2576 bibliothecam
736 2548 841 2577 crebro
857 2549 948 2586 adire,
966 2554 993 2579 et

253 2596 377 2625 sollicite
407 2606 510 2626 curare
540 2595 645 2625 debeat
681 2600 709 2625 ut
736 2598 848 2626 muneri
873 2607 925 2627 suo
950 2597 993 2627 bi-

1672 209 1737 243 189
1783 219 1833 245 An.
1853 218 1972 247 c.1730

1029 265 1122 294 dellus
1145 266 1316 304 satisfaciat,
1341 271 1372 296 ut
1391 266 1532 296 librorum
1550 276 1621 296 usus
1637 267 1773 296 omnibus

1029 314 1164 351 expedite
1189 318 1294 352 pateat,
1317 319 1355 348 et,
1381 324 1454 354 quae
1477 316 1530 345 hac
1553 316 1588 345 de
1611 325 1642 345 re
1664 316 1774 345 consti—

1029 365 1090 390 tuta
1124 367 1213 397 sunt,
1248 363 1367 392 omnino
1390 364 1583 394 retineantur.
1608 364 1772 394 visitationi

1029 410 1250 439 anniversariae
1282 411 1345 449 ipse
1377 421 1493 450 quoque
1530 412 1771 442 bibliothecarius

1030 457 1182 494 intererit;
1207 468 1320 488 necnon
1343 460 1539 498 stipendium,
1564 461 1640 499 quod
1664 461 1772 491 ceteris

1031 506 1180 543 penditur,
1199 507 1351 545 percipiet,
1367 512 1482 545 praeter
1500 513 1556 537 tres
1570 509 1659 537 libras
1676 509 1770 538 cidem

1029 554 1058 582 in
1082 554 1213 594 singulos
1236 564 1328 583 annos
1350 555 1517 585 attributas.

1069 602 1199 640 Singulis
1221 603 1306 631 annis
1329 613 1421 642 usque
1444 605 1478 633 ad
1503 605 1675 642 vigesimum
1707 616 1772 635 aca-

1029 651 1142 680 demiae
1165 651 1247 680 libris
1271 652 1437 680 coemendis
1460 657 1576 681 centum
1602 653 1701 688 libras,
1725 655 1772 683 de-

1030 701 1132 738 inceps
1155 709 1222 728 vero
1246 709 1422 738 unoquoque
1455 710 1531 729 anuo
1555 702 1658 739 viginti
1683 702 1772 732 libras

1032 748 1187 787 expendet.
1212 748 1249 777 U
1272 754 1380 784 autem,
1398 749 1446 787 qui
1470 750 1681 787 comparandi'
1704 756 1774 781 sunt

1032 797 1109 833 libri,
1134 797 1258 834 singulis
1282 797 1483 827 universitatis
1502 798 1689 827 facultatibus
1705 809 1774 828 con—

1031 851 1172 884 gruentes
1194 847 1401 885 respondeant,
1428 847 1621 876 cancellarius
1640 847 1773 885 singulos

1033 894 1266 933 uniuscuiusque
1289 894 1437 924 facultatis
1473 894 1606 924 doctores
1635 905 1684 924 seu
1716 905 1774 924 ma-

1032 944 1139 981 gistros
1163 943 1216 972 hac
1237 943 1271 972 de
1295 952 1326 972 re
1348 943 1501 972 consulere
1524 943 1652 972 debebit.

1836 618 1929 637 Pecunia
1946 624 1966 637 ιη

1783 644 1903 664 metuenti<
1942 644 1966 663 Ιι.

1783 670 1826 690 bris
1834 670 1966 690 insunwnda.

1088 1018 1151 1048 ΤΠ.
1169 1018 1316 1047 XXXVIII.
1347 1037 1380 1040 —
1407 1019 1445 1047 De
1467 1020 1709 1048 caeremoniarum

1331 1069 1473 1103 muffl'stro.

1071 1138 1236 1168 Concilium
1276 1137 1484 1175 definitorum,
1522 1143 1659 1167 accurato
1694 1148 1774 1167 com-
1798 1153 1848 1176 005,
1866 1158 1970 1172 meam-

1032 1187 1189 1226 petitorum
1222 1186 1356 1215 examine
1391 1186 1550 1224 praemisso
1565 1209 1572 1221 ‚
1597 1196 1663 1215 eum
1686 1180 1969 1231 eligatLssfflss‘jfn'ffi'hgss‘ss

1032 1237 1206 1274 magistrum
1230 1235 1499 1271 caeremoniarum,
1524 1236 1573 1273 qui
1599 1245 1655 1265 non
1679 1236 1774 1265 illibe-
1785 1233 1832 1253 ‘¹¹¹⁵-

1031 1285 1085 1314 rali
1109 1284 1236 1323 opificio,
1261 1294 1315 1313 nec
1338 1284 1466 1313 civitatis
1494 1289 1543 1313 aut
1566 1284 1688 1313 alterius
1712 1295 1776 1323 per-

1032 1343 1120 1363 sonae
1143 1333 1296 1362 famulatui
1319 1333 1356 1362 sit
1378 1333 1510 1362 addictus
1525 1355 1532 1367 ,
1556 1333 1605 1361 sed
1638 1334 1688 1371 qui
1711 1344 1777 1362 aca-

1032 1383 1148 1411 demiae
1172 1392 1280 1418 mores,
1299 1382 1383 1417 ritus,
1400 1381 1627 1411 consuetudines
1642 1382 1775 1420 apprime

1032 1431 1148 1460 noverit
1166 1435 1194 1460 et
1206 1430 1330 1459 solerter
1344 1430 1552 1468 percalluerit3
1571 1435 1602 1459 ut
1618 1430 1707 1469 probe
1724 1440 1775 1469 per

1032 1489 1062 1509 se
1086 1480 1160 1518 ipse,
1185 1488 1242 1507 non
1268 1488 1320 1517 per
1342 1478 1553 1515 substitutum,
1578 1479 1634 1508 nisi
1657 1479 1774 1517 quando

1032 1528 1162 1566 legitime
1198 1527 1396 1565 impediatur,
1421 1526 1550 1555 osticium
1573 1536 1658 1556 suum
1681 1527 1774 1556 adim-

1033 1576 1112 1615 plere
1135 1575 1234 1615 possit.

1072 1624 1102 1654 In
1126 1624 1264 1654 omnibus
1287 1628 1437 1662 praeterea
1460 1623 1584 1662 publicis
1607 1625 1775 1655 academiae
1798 1635 1825 1665 er
1855 1636 1895 1666 μψι
1912 1636 1969 1655 «uum

1033 1673 1223 1709 t'uctiouibus,
1247 1672 1308 1701 sive
1324 1672 1488 1709 litterariis,
1508 1672 1569 1701 sive
1585 1665 1814 1711 quibuscum-⁵¹²
1827 1668 1839 1682 ⁰
1857 1668 1926 1682 ¹¹¹¹¹¹¹¹¹‘

1032 1732 1100 1761 que,
1123 1722 1225 1751 adesse
1249 1726 1394 1755 teneatur,
1420 1721 1530 1758 virgam
1549 1731 1636 1750 manu
1656 1726 1775 1758 gestans

1033 1780 1121 1800 aureo
1146 1770 1348 1800 universitatis
1363 1774 1515 1799 stemmate
1538 1770 1720 1807 insignitam,
1745 1775 1777 1800 ut.

1033 1819 1166 1857 singulae
1188 1818 1282 1857 ipsius
1304 1818 1395 1847 ductu
1419 1818 1474 1847 rite
1497 1822 1524 1847 et
1543 1818 1577 1847 de
1593 1828 1673 1847 more
1693 1828 1778 1858 pera-

1033 1873 1162 1907 gantur,
1186 1877 1222 1897 ne
1245 1867 1274 1896 iu
1297 1866 1483 1896 consessibus
1505 1866 1670 1895 academiae
1695 1876 1779 1905 prae-

1035 1918 1156 1947 stitutus
1179 1916 1319 1945 sessionis
1341 1916 1411 1944 ordo
1430 1915 1637 1950 confundatur,
1656 1924 1729 1945 neve
1745 1915 1776 1945 in

1035 1965 1204 1996 conferendi
1236 1965 1405 1994 doctoratus
1437 1963 1597 2000 solemniis,
1627 1969 1677 1993 aut
1699 1964 1778 1993 eius-

1035 2015 1113 2043 modi
1137 2014 1213 2051 aliis,
1238 2013 1316 2042 ullus
1338 2022 1372 2042 ex
1402 2011 1570 2041 doctoribus
1603 2022 1652 2041 seu
1686 2012 1778 2050 magi-

1035 2064 1115 2099 stris,
1140 2063 1198 2092 nisi
1221 2062 1361 2091 doctorali
1381 2061 1441 2090 sive
1458 2061 1621 2098 magistrali
1639 2066 1717 2091 veste
1732 2061 1778 2091 in-

1036 2113 1130 2148 tersit,
1154 2121 1249 2150 neque
1271 2111 1349 2140 inter
1371 2110 1503 2139 doctores
1525 2110 1655 2139 extranei
1672 2110 1777 2139 admit-

1035 2165 1157 2198 tantur,
1181 2160 1310 2198 exceptis
1343 2159 1498 2197 Hispaniae
1532 2159 1717 2196 magnatibus
1748 2163 1776 2188 et

1036 2209 1218 2249 proceribus.

1075 2258 1106 2288 lu
1143 2257 1291 2287 consuetis
1328 2256 1495 2285 academiae
1530 2255 1774 2291 celebritatibus,

1036 2307 1144 2346 quibus
1166 2306 1341 2343 singillatim
1360 2305 1495 2334 doctores
1510 2305 1667 2341 intersunt,
1687 2305 1774 2334 veluti

1035 2366 1100 2386 cum
1124 2356 1157 2385 ad
1182 2359 1318 2384 vacantes
1341 2353 1494 2383 cathedras
1525 2352 1657 2391 publicae
1679 2353 1778 2382 lectio-

1036 2414 1087 2434 nes
1111 2404 1257 2433 habentur
1279 2406 1449 2440 extempore
1464 2425 1471 2437 ,
1495 2401 1629 2429 doctores
1657 2401 1775 2430 eosdem

1036 2462 1049 2481 a
1075 2452 1179 2482 theatri
1202 2451 1291 2480 ianua
1324 2450 1358 2479 ad
1381 2449 1519 2478 subsellia
1543 2458 1635 2488 usque
1657 2449 1778 2479 comite-

1037 2506 1104 2538 tur,
1130 2500 1178 2539 qui
1202 2500 1311 2538 pariter
1333 2499 1389 2527 una
1412 2507 1479 2527 cum
1503 2498 1642 2535 magistro
1664 2498 1774 2527 silentii

1077 2604 1083 2628 t
1110 2602 1181 2627 Edit.
1204 2600 1283 2626 Μαίη.
1305 2599 1368 2634 legit
1388 2600 1579 2634 romporandc'
1600 2606 1637 2631 (R.
1652 2604 1703 2632 τ.).
