<?xml version="1.0" encoding="UTF-8"?>
<!DOCTYPE html PUBLIC "-//W3C//DTD XHTML 1.0 Transitional//EN"
    "http://www.w3.org/TR/xhtml1/DTD/xhtml1-transitional.dtd">
<html xmlns="http://www.w3.org/1999/xhtml" xml:lang="en" lang="en">
 <head>
  <title>
</title>
<meta http-equiv="Content-Type" content="text/html;charset=utf-8" />
  <meta name='ocr-system' content='tesseract 3.04.00' />
  <meta name='ocr-capabilities' content='ocr_page ocr_carea ocr_par ocr_line ocrx_word'/>
</head>
<body>
  <div class='ocr_page' id='page_1' title='image "./bullarumdiplomat23cath_0508.png"; bbox 0 0 2182 3137; ppageno 0'>
   <div class='ocr_carea' id='block_1_1' title="bbox 2094 0 2182 162">
    <p class='ocr_par' dir='ltr' id='par_1_1' title="bbox 2094 0 2182 162">
     <span class='ocr_line' id='line_1_1' title="bbox 2094 0 2182 162; baseline 0 -159"><span class='ocrx_word' id='word_1_1' title='bbox 2094 0 2182 162; x_wconf 74' lang='lat'>³!</span> 
     </span>
    </p>
   </div>
   <div class='ocr_carea' id='block_1_2' title="bbox 192 242 2119 388">
    <p class='ocr_par' dir='ltr' id='par_1_2' title="bbox 192 242 2119 388">
     <span class='ocr_line' id='line_1_2' title="bbox 192 242 2119 281; baseline -0.002 -3"><span class='ocrx_word' id='word_1_2' title='bbox 192 252 244 281; x_wconf 71' lang='grc' dir='ltr'>Αη.</span> <span class='ocrx_word' id='word_1_3' title='bbox 263 251 296 278; x_wconf 86' lang='lat' dir='ltr'>C.</span> <span class='ocrx_word' id='word_1_4' title='bbox 311 250 381 278; x_wconf 77' lang='grc'>1733</span> <span class='ocrx_word' id='word_1_5' title='bbox 425 242 492 275; x_wconf 70' lang='grc'>486</span> <span class='ocrx_word' id='word_1_6' title='bbox 985 248 1170 272; x_wconf 74' lang='lat' dir='ltr'>BULLARtUM</span> <span class='ocrx_word' id='word_1_7' title='bbox 1198 248 1352 272; x_wconf 65' lang='lat' dir='ltr'>nomnen</span> <span class='ocrx_word' id='word_1_8' title='bbox 1927 248 1979 273; x_wconf 79' lang='lat' dir='ltr'>An.</span> <span class='ocrx_word' id='word_1_9' title='bbox 1999 246 2029 273; x_wconf 87' lang='lat' dir='ltr'>c.</span> <span class='ocrx_word' id='word_1_10' title='bbox 2047 247 2119 276; x_wconf 78' lang='lat'><strong>1733</strong></span> 
     </span>
     <span class='ocr_line' id='line_1_3' title="bbox 393 291 2055 342; baseline -0.002 -11"><span class='ocrx_word' id='word_1_11' title='bbox 393 299 499 331; x_wconf 82' lang='lat' dir='ltr'>nativa</span> <span class='ocrx_word' id='word_1_12' title='bbox 525 303 755 342; x_wconf 81' lang='lat' dir='ltr'>supranarrata</span> <span class='ocrx_word' id='word_1_13' title='bbox 773 297 914 330; x_wconf 74' lang='lat' dir='ltr'>fideliter</span> <span class='ocrx_word' id='word_1_14' title='bbox 933 297 1136 334; x_wconf 75' lang='lat' dir='ltr'>observetur,</span> <span class='ocrx_word' id='word_1_15' title='bbox 1223 296 1335 329; x_wconf 87' lang='lat' dir='ltr'>Datum</span> <span class='ocrx_word' id='word_1_16' title='bbox 1362 296 1484 329; x_wconf 83' lang='lat' dir='ltr'>Romae</span> <span class='ocrx_word' id='word_1_17' title='bbox 1500 323 1507 335; x_wconf 87' lang='lat'><strong><em>‚</em></strong></span> <span class='ocrx_word' id='word_1_18' title='bbox 1532 296 1619 339; x_wconf 88' lang='lat' dir='ltr'>apud</span> <span class='ocrx_word' id='word_1_19' title='bbox 1644 297 1676 329; x_wconf 82' lang='lat' dir='ltr'>S.</span> <span class='ocrx_word' id='word_1_20' title='bbox 1703 296 1835 328; x_wconf 83' lang='lat' dir='ltr'>Mariam</span> <span class='ocrx_word' id='word_1_21' title='bbox 1861 296 1923 328; x_wconf 86' lang='lat' dir='ltr'>Ma·</span> <span class='ocrx_word' id='word_1_22' title='bbox 2052 291 2055 293; x_wconf 39' lang='lat'>¹</span> 
     </span>
     <span class='ocr_line' id='line_1_4' title="bbox 393 348 1921 388; baseline -0.003 -4"><span class='ocrx_word' id='word_1_23' title='bbox 393 353 473 384; x_wconf 85' lang='lat' dir='ltr'>itaut</span> <span class='ocrx_word' id='word_1_24' title='bbox 497 363 562 384; x_wconf 91' lang='lat' dir='ltr'>uno</span> <span class='ocrx_word' id='word_1_25' title='bbox 581 351 721 384; x_wconf 90' lang='lat' dir='ltr'>triennio</span> <span class='ocrx_word' id='word_1_26' title='bbox 740 361 775 383; x_wconf 83' lang='lat' dir='ltr'>ex</span> <span class='ocrx_word' id='word_1_27' title='bbox 796 350 951 383; x_wconf 82' lang='lat' dir='ltr'>fratribus</span> <span class='ocrx_word' id='word_1_28' title='bbox 970 349 1133 388; x_wconf 85' lang='lat' dir='ltr'>Franciae,</span> <span class='ocrx_word' id='word_1_29' title='bbox 1178 348 1281 381; x_wconf 87' lang='lat' dir='ltr'>iorem</span> <span class='ocrx_word' id='word_1_30' title='bbox 1304 376 1311 388; x_wconf 94' lang='lat'>,</span> <span class='ocrx_word' id='word_1_31' title='bbox 1335 349 1395 380; x_wconf 89' lang='lat' dir='ltr'>sub</span> <span class='ocrx_word' id='word_1_32' title='bbox 1421 349 1543 381; x_wconf 85' lang='lat' dir='ltr'>annulo</span> <span class='ocrx_word' id='word_1_33' title='bbox 1577 348 1753 381; x_wconf 86' lang='lat' dir='ltr'>Piscatoris</span> <span class='ocrx_word' id='word_1_34' title='bbox 1773 375 1780 387; x_wconf 90' lang='lat'>,</span> <span class='ocrx_word' id='word_1_35' title='bbox 1807 348 1860 381; x_wconf 89' lang='lat' dir='ltr'>die</span> <span class='ocrx_word' id='word_1_36' title='bbox 1886 359 1921 381; x_wconf 91' lang='lat'>111</span> 
     </span>
    </p>
   </div>
   <div class='ocr_carea' id='block_1_3' title="bbox 392 400 1921 445">
    <p class='ocr_par' dir='ltr' id='par_1_3' title="bbox 392 400 1921 445">
     <span class='ocr_line' id='line_1_5' title="bbox 392 400 1921 445; baseline -0.003 -8"><span class='ocrx_word' id='word_1_37' title='bbox 392 404 610 438; x_wconf 78' lang='lat' dir='ltr'>Normanniae</span> <span class='ocrx_word' id='word_1_38' title='bbox 634 402 1048 444; x_wconf 79' lang='lat' dir='ltr'>etLeodii-Lotharingiae</span> <span class='ocrx_word' id='word_1_39' title='bbox 1063 412 1136 445; x_wconf 85' lang='lat' dir='ltr'>pro·</span> <span class='ocrx_word' id='word_1_40' title='bbox 1179 401 1284 434; x_wconf 85' lang='lat' dir='ltr'>martii</span> <span class='ocrx_word' id='word_1_41' title='bbox 1325 411 1530 441; x_wconf 76' lang='lat' dir='ltr'>moccxxxin,</span> <span class='ocrx_word' id='word_1_42' title='bbox 1563 400 1777 444; x_wconf 78' lang='lat' dir='ltr'>pontificatus</span> <span class='ocrx_word' id='word_1_43' title='bbox 1817 401 1921 434; x_wconf 90' lang='lat' dir='ltr'>nostri</span> 
     </span>
    </p>
   </div>
   <div class='ocr_carea' id='block_1_4' title="bbox 198 995 381 1069">
    <p class='ocr_par' dir='ltr' id='par_1_4' title="bbox 198 995 381 1069">
     <span class='ocr_line' id='line_1_6' title="bbox 237 995 381 1016; baseline -0.007 -1"><span class='ocrx_word' id='word_1_44' title='bbox 237 995 381 1016; x_wconf 66' lang='lat' dir='ltr'>emesenum„</span> 
     </span>
     <span class='ocr_line' id='line_1_7' title="bbox 199 1023 380 1052; baseline -0.006 -10"><span class='ocrx_word' id='word_1_45' title='bbox 199 1023 315 1052; x_wconf 79' lang='lat' dir='ltr'>litterarum</span> <span class='ocrx_word' id='word_1_46' title='bbox 348 1023 380 1042; x_wconf 34' lang='lat' dir='ltr'>ttrr</span> 
     </span>
     <span class='ocr_line' id='line_1_8' title="bbox 198 1051 268 1069; baseline 0 0"><span class='ocrx_word' id='word_1_47' title='bbox 198 1051 268 1069; x_wconf 75' lang='lat' dir='ltr'>mnas,</span> 
     </span>
    </p>
   </div>
   <div class='ocr_carea' id='block_1_5' title="bbox 202 1786 384 1839">
    <p class='ocr_par' dir='ltr' id='par_1_5' title="bbox 202 1786 384 1839">
     <span class='ocr_line' id='line_1_9' title="bbox 215 1786 384 1806; baseline -0.006 0"><span class='ocrx_word' id='word_1_48' title='bbox 215 1786 241 1806; x_wconf 84' lang='lat' dir='ltr'>Et</span> <span class='ocrx_word' id='word_1_49' title='bbox 256 1786 384 1806; x_wconf 79' lang='lat' dir='ltr'>obstantium</span> 
     </span>
     <span class='ocr_line' id='line_1_10' title="bbox 202 1812 320 1839; baseline 0 -7"><span class='ocrx_word' id='word_1_50' title='bbox 202 1812 320 1839; x_wconf 77' lang='lat' dir='ltr'>derogatio,</span> 
     </span>
    </p>
   </div>
   <div class='ocr_carea' id='block_1_6' title="bbox 393 456 1342 2670">
    <p class='ocr_par' dir='ltr' id='par_1_6' title="bbox 393 456 1342 974">
     <span class='ocr_line' id='line_1_11' title="bbox 393 456 1342 497; baseline -0.002 -8"><span class='ocrx_word' id='word_1_51' title='bbox 393 457 539 489; x_wconf 81' lang='lat' dir='ltr'>vincialis</span> <span class='ocrx_word' id='word_1_52' title='bbox 576 457 735 497; x_wconf 75' lang='lat' dir='ltr'>eligatur,</span> <span class='ocrx_word' id='word_1_53' title='bbox 772 456 875 488; x_wconf 86' lang='lat' dir='ltr'>altero</span> <span class='ocrx_word' id='word_1_54' title='bbox 912 466 988 487; x_wconf 91' lang='lat' dir='ltr'>vero</span> <span class='ocrx_word' id='word_1_55' title='bbox 1023 456 1136 487; x_wconf 86' lang='lat' dir='ltr'>subse·</span> <span class='ocrx_word' id='word_1_56' title='bbox 1180 464 1266 487; x_wconf 87' lang='lat' dir='ltr'>anno</span> <span class='ocrx_word' id='word_1_57' title='bbox 1293 464 1342 487; x_wconf 91' lang='grc' dir='ltr'><strong>ιιι.</strong></span> 
     </span>
     <span class='ocr_line' id='line_1_12' title="bbox 393 507 1136 551; baseline -0.004 -10"><span class='ocrx_word' id='word_1_58' title='bbox 393 510 505 551; x_wconf 86' lang='lat' dir='ltr'>quenti</span> <span class='ocrx_word' id='word_1_59' title='bbox 543 509 684 541; x_wconf 86' lang='lat' dir='ltr'>triennio</span> <span class='ocrx_word' id='word_1_60' title='bbox 720 520 736 541; x_wconf 86' lang='lat' dir='ltr'>e</span> <span class='ocrx_word' id='word_1_61' title='bbox 777 508 931 541; x_wconf 77' lang='lat' dir='ltr'>fratribus</span> <span class='ocrx_word' id='word_1_62' title='bbox 970 507 1136 539; x_wconf 85' lang='lat' dir='ltr'>districtus</span> 
     </span>
     <span class='ocr_line' id='line_1_13' title="bbox 393 555 1137 602; baseline -0.004 -8"><span class='ocrx_word' id='word_1_63' title='bbox 393 562 582 601; x_wconf 81' lang='lat' dir='ltr'>Picardiae,</span> <span class='ocrx_word' id='word_1_64' title='bbox 609 562 752 594; x_wconf 81' lang='lat' dir='ltr'>Atrebati</span> <span class='ocrx_word' id='word_1_65' title='bbox 780 555 812 594; x_wconf 77' lang='lat' dir='ltr'>et</span> <span class='ocrx_word' id='word_1_66' title='bbox 844 561 1033 593; x_wconf 86' lang='lat' dir='ltr'>llannoniae</span> <span class='ocrx_word' id='word_1_67' title='bbox 1064 570 1137 602; x_wconf 87' lang='lat' dir='ltr'>pro-</span> 
     </span>
     <span class='ocr_line' id='line_1_14' title="bbox 394 613 1137 655; baseline -0.004 -9"><span class='ocrx_word' id='word_1_68' title='bbox 394 615 543 647; x_wconf 84' lang='lat' dir='ltr'>vincialis</span> <span class='ocrx_word' id='word_1_69' title='bbox 570 614 731 655; x_wconf 77' lang='lat' dir='ltr'>eligatur,</span> <span class='ocrx_word' id='word_1_70' title='bbox 767 614 884 646; x_wconf 87' lang='lat' dir='ltr'>ceteris</span> <span class='ocrx_word' id='word_1_71' title='bbox 921 613 1137 645; x_wconf 77' lang='lat' dir='ltr'><strong>electionibus</strong></span> 
     </span>
     <span class='ocr_line' id='line_1_15' title="bbox 394 666 1137 711; baseline -0.003 -12"><span class='ocrx_word' id='word_1_72' title='bbox 394 673 460 699; x_wconf 92' lang='lat' dir='ltr'>tum</span> <span class='ocrx_word' id='word_1_73' title='bbox 486 668 645 711; x_wconf 97' lang='lat' dir='ltr'>priorum,</span> <span class='ocrx_word' id='word_1_74' title='bbox 662 673 728 699; x_wconf 89' lang='lat' dir='ltr'>tum</span> <span class='ocrx_word' id='word_1_75' title='bbox 745 667 970 705; x_wconf 72' lang='lat' dir='ltr'>definitorum,</span> <span class='ocrx_word' id='word_1_76' title='bbox 990 666 1137 698; x_wconf 83' lang='lat' dir='ltr'>aliorum-</span> 
     </span>
     <span class='ocr_line' id='line_1_16' title="bbox 396 719 1138 762; baseline -0.003 -10"><span class='ocrx_word' id='word_1_77' title='bbox 396 731 459 762; x_wconf 85' lang='lat' dir='ltr'>que</span> <span class='ocrx_word' id='word_1_78' title='bbox 484 720 671 752; x_wconf 84' lang='lat' dir='ltr'>officialium</span> <span class='ocrx_word' id='word_1_79' title='bbox 701 719 944 752; x_wconf 83' lang='lat' dir='ltr'>remanentibus</span> <span class='ocrx_word' id='word_1_80' title='bbox 965 719 1050 750; x_wconf 80' lang='lat' dir='ltr'>iuxta</span> <span class='ocrx_word' id='word_1_81' title='bbox 1072 719 1138 761; x_wconf 85' lang='lat' dir='ltr'>pri-</span> 
     </span>
     <span class='ocr_line' id='line_1_17' title="bbox 395 773 1138 810; baseline -0.004 -5"><span class='ocrx_word' id='word_1_82' title='bbox 395 773 514 805; x_wconf 88' lang='lat' dir='ltr'>stinum</span> <span class='ocrx_word' id='word_1_83' title='bbox 539 784 630 805; x_wconf 83' lang='lat' dir='ltr'>usum</span> <span class='ocrx_word' id='word_1_84' title='bbox 659 774 817 805; x_wconf 81' lang='lat' dir='ltr'>hactenus</span> <span class='ocrx_word' id='word_1_85' title='bbox 844 773 1076 810; x_wconf 78' lang='lat' dir='ltr'>observatum,</span> <span class='ocrx_word' id='word_1_86' title='bbox 1108 777 1138 803; x_wconf 84' lang='lat' dir='ltr'>et</span> 
     </span>
     <span class='ocr_line' id='line_1_18' title="bbox 394 824 1138 869; baseline -0.001 -12"><span class='ocrx_word' id='word_1_87' title='bbox 394 827 603 869; x_wconf 86' lang='lat' dir='ltr'>imposterum</span> <span class='ocrx_word' id='word_1_88' title='bbox 631 826 661 858; x_wconf 89' lang='lat' dir='ltr'>in</span> <span class='ocrx_word' id='word_1_89' title='bbox 689 827 803 858; x_wconf 73' lang='lat' dir='ltr'>eadem</span> <span class='ocrx_word' id='word_1_90' title='bbox 830 824 998 869; x_wconf 73' lang='lat' dir='ltr'>provincia</span> <span class='ocrx_word' id='word_1_91' title='bbox 1028 824 1138 857; x_wconf 82' lang='lat' dir='ltr'>obser-</span> 
     </span>
     <span class='ocr_line' id='line_1_19' title="bbox 394 878 1138 921; baseline -0.001 -11"><span class='ocrx_word' id='word_1_92' title='bbox 394 880 548 917; x_wconf 80' lang='lat' dir='ltr'>vandum,</span> <span class='ocrx_word' id='word_1_93' title='bbox 575 879 765 912; x_wconf 77' lang='lat' dir='ltr'>auctoritate</span> <span class='ocrx_word' id='word_1_94' title='bbox 791 878 993 921; x_wconf 74' lang='lat' dir='ltr'>apostolica,</span> <span class='ocrx_word' id='word_1_95' title='bbox 1023 883 1138 909; x_wconf 88' lang='lat' dir='ltr'>tenore</span> 
     </span>
     <span class='ocr_line' id='line_1_20' title="bbox 394 931 1104 974; baseline -0.001 -11"><span class='ocrx_word' id='word_1_96' title='bbox 394 933 627 974; x_wconf 80' lang='lat' dir='ltr'>praesentium,</span> <span class='ocrx_word' id='word_1_97' title='bbox 652 931 819 964; x_wconf 80' lang='lat' dir='ltr'>statuimus</span> <span class='ocrx_word' id='word_1_98' title='bbox 846 937 878 963; x_wconf 92' lang='lat' dir='ltr'>et</span> <span class='ocrx_word' id='word_1_99' title='bbox 903 931 1104 963; x_wconf 81' lang='lat' dir='ltr'>ordinanms.</span> 
     </span>
    </p>

    <p class='ocr_par' dir='ltr' id='par_1_7' title="bbox 394 985 1143 1767">
     <span class='ocr_line' id='line_1_21' title="bbox 439 985 1138 1027; baseline -0.004 -10"><span class='ocrx_word' id='word_1_100' title='bbox 439 986 453 1027; x_wconf 64' lang='lat' dir='ltr'>g*</span> <span class='ocrx_word' id='word_1_101' title='bbox 477 985 509 1017; x_wconf 63' lang='lat'>73.</span> <span class='ocrx_word' id='word_1_102' title='bbox 529 985 761 1024; x_wconf 77' lang='lat' dir='ltr'>Decernentes,</span> <span class='ocrx_word' id='word_1_103' title='bbox 788 985 918 1017; x_wconf 81' lang='lat' dir='ltr'>easdem</span> <span class='ocrx_word' id='word_1_104' title='bbox 947 989 1138 1026; x_wconf 88' lang='lat' dir='ltr'>praesentes</span> 
     </span>
     <span class='ocr_line' id='line_1_22' title="bbox 395 1037 1138 1080; baseline -0.003 -10"><span class='ocrx_word' id='word_1_105' title='bbox 395 1038 519 1070; x_wconf 74' lang='lat' dir='ltr'>litteras</span> <span class='ocrx_word' id='word_1_106' title='bbox 544 1049 673 1080; x_wconf 90' lang='lat' dir='ltr'>semper</span> <span class='ocrx_word' id='word_1_107' title='bbox 698 1038 815 1077; x_wconf 79' lang='lat' dir='ltr'>sirmas,</span> <span class='ocrx_word' id='word_1_108' title='bbox 835 1037 956 1069; x_wconf 82' lang='lat' dir='ltr'>validas</span> <span class='ocrx_word' id='word_1_109' title='bbox 982 1043 1013 1068; x_wconf 81' lang='lat' dir='ltr'>et</span> <span class='ocrx_word' id='word_1_110' title='bbox 1034 1037 1138 1069; x_wconf 81' lang='lat' dir='ltr'>effica-</span> 
     </span>
     <span class='ocr_line' id='line_1_23' title="bbox 394 1090 1138 1132; baseline -0.001 -9"><span class='ocrx_word' id='word_1_111' title='bbox 394 1101 448 1123; x_wconf 85' lang='lat' dir='ltr'>ces</span> <span class='ocrx_word' id='word_1_112' title='bbox 474 1091 614 1123; x_wconf 86' lang='lat' dir='ltr'>existere</span> <span class='ocrx_word' id='word_1_113' title='bbox 641 1097 673 1123; x_wconf 90' lang='lat' dir='ltr'>et</span> <span class='ocrx_word' id='word_1_114' title='bbox 698 1091 778 1128; x_wconf 77' lang='lat' dir='ltr'>sore,</span> <span class='ocrx_word' id='word_1_115' title='bbox 803 1100 943 1132; x_wconf 83' lang='lat' dir='ltr'>suosque</span> <span class='ocrx_word' id='word_1_116' title='bbox 974 1090 1138 1132; x_wconf 85' lang='lat' dir='ltr'>plenarios</span> 
     </span>
     <span class='ocr_line' id='line_1_24' title="bbox 394 1142 1137 1185; baseline 0 -10"><span class='ocrx_word' id='word_1_117' title='bbox 394 1149 426 1175; x_wconf 89' lang='lat' dir='ltr'>et</span> <span class='ocrx_word' id='word_1_118' title='bbox 455 1144 597 1185; x_wconf 76' lang='lat' dir='ltr'>integros</span> <span class='ocrx_word' id='word_1_119' title='bbox 625 1143 761 1176; x_wconf 75' lang='lat' dir='ltr'>effectus</span> <span class='ocrx_word' id='word_1_120' title='bbox 784 1143 892 1175; x_wconf 90' lang='lat' dir='ltr'>sortiri</span> <span class='ocrx_word' id='word_1_121' title='bbox 916 1148 947 1174; x_wconf 90' lang='lat' dir='ltr'>et</span> <span class='ocrx_word' id='word_1_122' title='bbox 968 1142 1137 1183; x_wconf 82' lang='lat' dir='ltr'>obtinere,</span> 
     </span>
     <span class='ocr_line' id='line_1_25' title="bbox 394 1197 1140 1239; baseline 0 -11"><span class='ocrx_word' id='word_1_123' title='bbox 394 1208 431 1228; x_wconf 85' lang='lat' dir='ltr'>ae</span> <span class='ocrx_word' id='word_1_124' title='bbox 450 1197 528 1236; x_wconf 88' lang='lat' dir='ltr'>illis,</span> <span class='ocrx_word' id='word_1_125' title='bbox 549 1197 586 1229; x_wconf 84' lang='lat' dir='ltr'>ad</span> <span class='ocrx_word' id='word_1_126' title='bbox 606 1207 686 1239; x_wconf 82' lang='lat' dir='ltr'>quos</span> <span class='ocrx_word' id='word_1_127' title='bbox 708 1201 833 1239; x_wconf 85' lang='lat' dir='ltr'>spectat</span> <span class='ocrx_word' id='word_1_128' title='bbox 858 1201 890 1228; x_wconf 87' lang='lat' dir='ltr'>et</span> <span class='ocrx_word' id='word_1_129' title='bbox 914 1206 973 1238; x_wconf 92' lang='lat' dir='ltr'>pro</span> <span class='ocrx_word' id='word_1_130' title='bbox 996 1201 1140 1238; x_wconf 78' lang='lat' dir='ltr'>[empore</span> 
     </span>
     <span class='ocr_line' id='line_1_26' title="bbox 394 1248 1141 1292; baseline -0.001 -11"><span class='ocrx_word' id='word_1_131' title='bbox 394 1249 667 1292; x_wconf 75' lang='lat' dir='ltr'>quandocumque</span> <span class='ocrx_word' id='word_1_132' title='bbox 683 1249 862 1291; x_wconf 73' lang='lat' dir='ltr'>spectabit,</span> <span class='ocrx_word' id='word_1_133' title='bbox 897 1248 929 1280; x_wconf 88' lang='lat' dir='ltr'>in</span> <span class='ocrx_word' id='word_1_134' title='bbox 944 1249 1094 1281; x_wconf 90' lang='lat' dir='ltr'>omnibus</span> <span class='ocrx_word' id='word_1_135' title='bbox 1109 1253 1141 1280; x_wconf 89' lang='lat' dir='ltr'>et</span> 
     </span>
     <span class='ocr_line' id='line_1_27' title="bbox 396 1301 1139 1344; baseline -0.001 -10"><span class='ocrx_word' id='word_1_136' title='bbox 396 1312 456 1344; x_wconf 88' lang='lat' dir='ltr'>per</span> <span class='ocrx_word' id='word_1_137' title='bbox 481 1303 590 1334; x_wconf 83' lang='lat' dir='ltr'>onmia</span> <span class='ocrx_word' id='word_1_138' title='bbox 612 1301 804 1344; x_wconf 82' lang='lat' dir='ltr'>plenissime</span> <span class='ocrx_word' id='word_1_139' title='bbox 831 1301 1017 1343; x_wconf 74' lang='lat' dir='ltr'>suffragari,</span> <span class='ocrx_word' id='word_1_140' title='bbox 1044 1307 1076 1334; x_wconf 88' lang='lat' dir='ltr'>et</span> <span class='ocrx_word' id='word_1_141' title='bbox 1100 1301 1139 1334; x_wconf 87' lang='lat' dir='ltr'>ab</span> 
     </span>
     <span class='ocr_line' id='line_1_28' title="bbox 396 1354 1138 1397; baseline 0.001 -12"><span class='ocrx_word' id='word_1_142' title='bbox 396 1355 459 1387; x_wconf 91' lang='lat' dir='ltr'>illis</span> <span class='ocrx_word' id='word_1_143' title='bbox 485 1355 664 1397; x_wconf 74' lang='lat' dir='ltr'>respective</span> <span class='ocrx_word' id='word_1_144' title='bbox 691 1354 925 1387; x_wconf 86' lang='lat' dir='ltr'>inviolabiliter</span> <span class='ocrx_word' id='word_1_145' title='bbox 951 1354 1138 1395; x_wconf 86' lang='lat' dir='ltr'>observari,</span> 
     </span>
     <span class='ocr_line' id='line_1_29' title="bbox 394 1407 1139 1451; baseline -0.001 -12"><span class='ocrx_word' id='word_1_146' title='bbox 394 1407 507 1450; x_wconf 81' lang='lat' dir='ltr'>sicque</span> <span class='ocrx_word' id='word_1_147' title='bbox 545 1408 577 1440; x_wconf 90' lang='lat' dir='ltr'>in</span> <span class='ocrx_word' id='word_1_148' title='bbox 611 1407 802 1450; x_wconf 79' lang='lat' dir='ltr'>praemissis</span> <span class='ocrx_word' id='word_1_149' title='bbox 828 1418 888 1450; x_wconf 87' lang='lat' dir='ltr'>per</span> <span class='ocrx_word' id='word_1_150' title='bbox 914 1418 1139 1451; x_wconf 65' lang='lat' dir='ltr'>quoscumque</span> 
     </span>
     <span class='ocr_line' id='line_1_30' title="bbox 396 1460 1138 1502; baseline 0.001 -11"><span class='ocrx_word' id='word_1_151' title='bbox 396 1460 519 1493; x_wconf 84' lang='lat' dir='ltr'>iudices</span> <span class='ocrx_word' id='word_1_152' title='bbox 558 1460 742 1493; x_wconf 84' lang='lat' dir='ltr'>ordinarios</span> <span class='ocrx_word' id='word_1_153' title='bbox 771 1465 802 1492; x_wconf 90' lang='lat' dir='ltr'>et</span> <span class='ocrx_word' id='word_1_154' title='bbox 827 1461 1017 1502; x_wconf 80' lang='lat' dir='ltr'>delegatos,</span> <span class='ocrx_word' id='word_1_155' title='bbox 1043 1461 1138 1492; x_wconf 84' lang='lat' dir='ltr'>etiam</span> 
     </span>
     <span class='ocr_line' id='line_1_31' title="bbox 394 1513 1141 1556; baseline 0 -11"><span class='ocrx_word' id='word_1_156' title='bbox 394 1524 563 1546; x_wconf 86' lang='lat' dir='ltr'>causarum</span> <span class='ocrx_word' id='word_1_157' title='bbox 601 1513 710 1556; x_wconf 86' lang='lat' dir='ltr'>palatii</span> <span class='ocrx_word' id='word_1_158' title='bbox 751 1513 921 1556; x_wconf 85' lang='lat' dir='ltr'>apostolici</span> <span class='ocrx_word' id='word_1_159' title='bbox 959 1514 1141 1552; x_wconf 79' lang='lat' dir='ltr'>auditores,</span> 
     </span>
     <span class='ocr_line' id='line_1_32' title="bbox 396 1566 1139 1606; baseline 0.003 -9"><span class='ocrx_word' id='word_1_160' title='bbox 396 1566 534 1599; x_wconf 81' lang='lat' dir='ltr'>iudicari</span> <span class='ocrx_word' id='word_1_161' title='bbox 561 1572 592 1599; x_wconf 87' lang='lat' dir='ltr'>et</span> <span class='ocrx_word' id='word_1_162' title='bbox 617 1566 746 1599; x_wconf 76' lang='lat' dir='ltr'>deliniri</span> <span class='ocrx_word' id='word_1_163' title='bbox 773 1566 894 1599; x_wconf 86' lang='lat' dir='ltr'>debere</span> <span class='ocrx_word' id='word_1_164' title='bbox 911 1593 918 1606; x_wconf 91' lang='lat'>,</span> <span class='ocrx_word' id='word_1_165' title='bbox 945 1577 981 1598; x_wconf 81' lang='lat' dir='ltr'>ac</span> <span class='ocrx_word' id='word_1_166' title='bbox 1011 1567 1139 1599; x_wconf 88' lang='lat' dir='ltr'>irritum</span> 
     </span>
     <span class='ocr_line' id='line_1_33' title="bbox 397 1619 1139 1663; baseline 0.001 -12"><span class='ocrx_word' id='word_1_167' title='bbox 397 1625 428 1651; x_wconf 89' lang='lat' dir='ltr'>et</span> <span class='ocrx_word' id='word_1_168' title='bbox 453 1619 548 1652; x_wconf 89' lang='lat' dir='ltr'>inane</span> <span class='ocrx_word' id='word_1_169' title='bbox 574 1619 600 1651; x_wconf 87' lang='lat' dir='ltr'>si</span> <span class='ocrx_word' id='word_1_170' title='bbox 627 1630 720 1651; x_wconf 88' lang='lat' dir='ltr'>secus</span> <span class='ocrx_word' id='word_1_171' title='bbox 739 1629 839 1662; x_wconf 83' lang='lat' dir='ltr'>super</span> <span class='ocrx_word' id='word_1_172' title='bbox 861 1619 912 1652; x_wconf 84' lang='lat' dir='ltr'>his</span> <span class='ocrx_word' id='word_1_173' title='bbox 929 1630 944 1651; x_wconf 90' lang='lat' dir='ltr'>a</span> <span class='ocrx_word' id='word_1_174' title='bbox 963 1630 1139 1663; x_wconf 84' lang='lat' dir='ltr'>quoquam,</span> 
     </span>
     <span class='ocr_line' id='line_1_34' title="bbox 396 1672 1143 1715; baseline 0.003 -12"><span class='ocrx_word' id='word_1_175' title='bbox 396 1672 508 1715; x_wconf 81' lang='lat' dir='ltr'>quavis</span> <span class='ocrx_word' id='word_1_176' title='bbox 533 1673 734 1712; x_wconf 83' lang='lat' dir='ltr'>auctoritate,</span> <span class='ocrx_word' id='word_1_177' title='bbox 761 1672 906 1704; x_wconf 74' lang='lat' dir='ltr'>scienter</span> <span class='ocrx_word' id='word_1_178' title='bbox 924 1674 971 1705; x_wconf 81' lang='lat' dir='ltr'>rel</span> <span class='ocrx_word' id='word_1_179' title='bbox 992 1673 1143 1714; x_wconf 74' lang='lat' dir='ltr'>ignoran-</span> 
     </span>
     <span class='ocr_line' id='line_1_35' title="bbox 398 1725 828 1767; baseline 0 -10"><span class='ocrx_word' id='word_1_180' title='bbox 398 1731 454 1765; x_wconf 89' lang='lat' dir='ltr'>ter,</span> <span class='ocrx_word' id='word_1_181' title='bbox 470 1725 646 1767; x_wconf 77' lang='lat' dir='ltr'>contigerit</span> <span class='ocrx_word' id='word_1_182' title='bbox 663 1725 828 1758; x_wconf 80' lang='lat' dir='ltr'>attentari.</span> 
     </span>
    </p>

    <p class='ocr_par' dir='ltr' id='par_1_8' title="bbox 395 1778 1144 2670">
     <span class='ocr_line' id='line_1_36' title="bbox 441 1778 1142 1822; baseline 0.001 -12"><span class='ocrx_word' id='word_1_183' title='bbox 441 1780 456 1822; x_wconf 62' lang='grc' dir='ltr'><strong>ἓ</strong></span> <span class='ocrx_word' id='word_1_184' title='bbox 481 1778 513 1811; x_wconf 64' lang='lat' dir='ltr'>lt.</span> <span class='ocrx_word' id='word_1_185' title='bbox 541 1778 609 1811; x_wconf 90' lang='lat' dir='ltr'>Non</span> <span class='ocrx_word' id='word_1_186' title='bbox 634 1778 837 1810; x_wconf 83' lang='lat' dir='ltr'>obstantibus</span> <span class='ocrx_word' id='word_1_187' title='bbox 852 1779 1142 1811; x_wconf 80' lang='lat' dir='ltr'>constitutionibus</span> 
     </span>
     <span class='ocr_line' id='line_1_37' title="bbox 397 1830 1141 1875; baseline 0 -12"><span class='ocrx_word' id='word_1_188' title='bbox 397 1837 428 1863; x_wconf 87' lang='lat' dir='ltr'>et</span> <span class='ocrx_word' id='word_1_189' title='bbox 455 1830 718 1864; x_wconf 79' lang='lat' dir='ltr'>ordinationibus</span> <span class='ocrx_word' id='word_1_190' title='bbox 744 1830 943 1873; x_wconf 85' lang='lat' dir='ltr'>apostolicis,</span> <span class='ocrx_word' id='word_1_191' title='bbox 962 1842 1011 1871; x_wconf 83' lang='lat' dir='ltr'>ac,</span> <span class='ocrx_word' id='word_1_192' title='bbox 1031 1837 1141 1875; x_wconf 87' lang='lat' dir='ltr'>quate-</span> 
     </span>
     <span class='ocr_line' id='line_1_38' title="bbox 400 1883 1140 1926; baseline 0.001 -11"><span class='ocrx_word' id='word_1_193' title='bbox 400 1895 459 1916; x_wconf 87' lang='lat' dir='ltr'>nus</span> <span class='ocrx_word' id='word_1_194' title='bbox 484 1894 567 1926; x_wconf 90' lang='lat' dir='ltr'>opus</span> <span class='ocrx_word' id='word_1_195' title='bbox 593 1884 643 1923; x_wconf 86' lang='lat' dir='ltr'>sit,</span> <span class='ocrx_word' id='word_1_196' title='bbox 672 1883 859 1926; x_wconf 83' lang='lat' dir='ltr'>provinciae</span> <span class='ocrx_word' id='word_1_197' title='bbox 879 1888 911 1916; x_wconf 89' lang='lat' dir='ltr'>et</span> <span class='ocrx_word' id='word_1_198' title='bbox 936 1883 1066 1917; x_wconf 85' lang='lat' dir='ltr'>Ordinis</span> <span class='ocrx_word' id='word_1_199' title='bbox 1084 1884 1140 1916; x_wconf 89' lang='lat' dir='ltr'>hu-</span> 
     </span>
     <span class='ocr_line' id='line_1_39' title="bbox 398 1937 1142 1976; baseline 0.001 -7"><span class='ocrx_word' id='word_1_200' title='bbox 398 1937 552 1976; x_wconf 87' lang='lat' dir='ltr'>iusmodi,</span> <span class='ocrx_word' id='word_1_201' title='bbox 569 1938 663 1969; x_wconf 86' lang='lat' dir='ltr'>etiam</span> <span class='ocrx_word' id='word_1_202' title='bbox 682 1937 876 1975; x_wconf 83' lang='lat' dir='ltr'>iuramento,</span> <span class='ocrx_word' id='word_1_203' title='bbox 895 1937 1142 1970; x_wconf 75' lang='lat' dir='ltr'>confirmatione</span> 
     </span>
     <span class='ocr_line' id='line_1_40' title="bbox 396 1988 1142 2033; baseline 0.003 -11"><span class='ocrx_word' id='word_1_204' title='bbox 396 1990 587 2033; x_wconf 73' lang='lat' dir='ltr'>apostolica,</span> <span class='ocrx_word' id='word_1_205' title='bbox 615 1990 663 2021; x_wconf 87' lang='lat' dir='ltr'>vel</span> <span class='ocrx_word' id='word_1_206' title='bbox 690 1990 803 2031; x_wconf 82' lang='lat' dir='ltr'>quavis</span> <span class='ocrx_word' id='word_1_207' title='bbox 828 1988 980 2022; x_wconf 77' lang='lat' dir='ltr'>firmitate</span> <span class='ocrx_word' id='word_1_208' title='bbox 1007 1990 1068 2024; x_wconf 74' lang='lat' dir='ltr'>alia</span> <span class='ocrx_word' id='word_1_209' title='bbox 1093 2002 1142 2024; x_wconf 92' lang='lat' dir='ltr'>ro-</span> 
     </span>
     <span class='ocr_line' id='line_1_41' title="bbox 395 2042 1142 2087; baseline 0 -11"><span class='ocrx_word' id='word_1_210' title='bbox 395 2043 529 2082; x_wconf 84' lang='lat' dir='ltr'>boratis,</span> <span class='ocrx_word' id='word_1_211' title='bbox 549 2043 675 2075; x_wconf 83' lang='lat' dir='ltr'>statutis</span> <span class='ocrx_word' id='word_1_212' title='bbox 698 2048 730 2074; x_wconf 88' lang='lat' dir='ltr'>et</span> <span class='ocrx_word' id='word_1_213' title='bbox 748 2042 1050 2083; x_wconf 88' lang='lat' dir='ltr'>consuetudinibus,</span> <span class='ocrx_word' id='word_1_214' title='bbox 1078 2045 1142 2087; x_wconf 93' lang='lat' dir='ltr'>pri-</span> 
     </span>
     <span class='ocr_line' id='line_1_42' title="bbox 395 2095 1143 2140; baseline 0.003 -13"><span class='ocrx_word' id='word_1_215' title='bbox 395 2096 521 2137; x_wconf 72' lang='lat' dir='ltr'>vilegiis</span> <span class='ocrx_word' id='word_1_216' title='bbox 547 2106 688 2139; x_wconf 82' lang='lat' dir='ltr'>quoque,</span> <span class='ocrx_word' id='word_1_217' title='bbox 711 2095 841 2127; x_wconf 87' lang='lat' dir='ltr'>indultis</span> <span class='ocrx_word' id='word_1_218' title='bbox 869 2101 901 2128; x_wconf 91' lang='lat' dir='ltr'>et</span> <span class='ocrx_word' id='word_1_219' title='bbox 925 2096 1042 2129; x_wconf 87' lang='lat' dir='ltr'>litteris</span> <span class='ocrx_word' id='word_1_220' title='bbox 1067 2108 1143 2140; x_wconf 78' lang='lat' dir='ltr'>apo-</span> 
     </span>
     <span class='ocr_line' id='line_1_43' title="bbox 396 2149 1142 2192; baseline 0.003 -11"><span class='ocrx_word' id='word_1_221' title='bbox 396 2150 520 2181; x_wconf 81' lang='lat' dir='ltr'>stolicis</span> <span class='ocrx_word' id='word_1_222' title='bbox 561 2150 592 2181; x_wconf 92' lang='lat' dir='ltr'>in</span> <span class='ocrx_word' id='word_1_223' title='bbox 639 2149 840 2181; x_wconf 80' lang='lat' dir='ltr'>contrarium</span> <span class='ocrx_word' id='word_1_224' title='bbox 885 2150 1142 2192; x_wconf 77' lang='lat' dir='ltr'>praemissorum</span> 
     </span>
     <span class='ocr_line' id='line_1_44' title="bbox 397 2202 1144 2245; baseline 0.004 -12"><span class='ocrx_word' id='word_1_225' title='bbox 397 2202 642 2245; x_wconf 86' lang='lat' dir='ltr'>quomodolibet</span> <span class='ocrx_word' id='word_1_226' title='bbox 677 2202 859 2241; x_wconf 82' lang='lat' dir='ltr'>concessis,</span> <span class='ocrx_word' id='word_1_227' title='bbox 886 2202 1084 2235; x_wconf 76' lang='lat' dir='ltr'>confirmatis</span> <span class='ocrx_word' id='word_1_228' title='bbox 1112 2209 1144 2236; x_wconf 88' lang='lat' dir='ltr'>et</span> 
     </span>
     <span class='ocr_line' id='line_1_45' title="bbox 398 2255 1141 2298; baseline 0.003 -12"><span class='ocrx_word' id='word_1_229' title='bbox 398 2255 580 2294; x_wconf 86' lang='lat' dir='ltr'>innovatis·,</span> <span class='ocrx_word' id='word_1_230' title='bbox 608 2255 726 2298; x_wconf 91' lang='lat' dir='ltr'>quibus</span> <span class='ocrx_word' id='word_1_231' title='bbox 751 2255 903 2287; x_wconf 86' lang='lat' dir='ltr'>omnibus</span> <span class='ocrx_word' id='word_1_232' title='bbox 929 2260 961 2287; x_wconf 89' lang='lat' dir='ltr'>et</span> <span class='ocrx_word' id='word_1_233' title='bbox 985 2255 1141 2297; x_wconf 76' lang='lat' dir='ltr'>singulis,</span> 
     </span>
     <span class='ocr_line' id='line_1_46' title="bbox 398 2308 1143 2352; baseline 0.005 -14"><span class='ocrx_word' id='word_1_234' title='bbox 398 2309 529 2341; x_wconf 77' lang='lat' dir='ltr'>illorum</span> <span class='ocrx_word' id='word_1_235' title='bbox 558 2314 686 2340; x_wconf 83' lang='lat' dir='ltr'>tenores</span> <span class='ocrx_word' id='word_1_236' title='bbox 710 2308 941 2351; x_wconf 82' lang='lat' dir='ltr'>praesentibus</span> <span class='ocrx_word' id='word_1_237' title='bbox 962 2319 1020 2351; x_wconf 89' lang='lat' dir='ltr'>pro</span> <span class='ocrx_word' id='word_1_238' title='bbox 1045 2311 1143 2352; x_wconf 86' lang='lat' dir='ltr'>plene</span> 
     </span>
     <span class='ocr_line' id='line_1_47' title="bbox 396 2361 1143 2404; baseline 0.003 -12"><span class='ocrx_word' id='word_1_239' title='bbox 396 2367 428 2393; x_wconf 83' lang='lat' dir='ltr'>et</span> <span class='ocrx_word' id='word_1_240' title='bbox 452 2361 654 2393; x_wconf 79' lang='lat' dir='ltr'>sufficienter</span> <span class='ocrx_word' id='word_1_241' title='bbox 679 2362 841 2404; x_wconf 86' lang='lat' dir='ltr'>expressis</span> <span class='ocrx_word' id='word_1_242' title='bbox 878 2373 913 2394; x_wconf 78' lang='lat' dir='ltr'>ac</span> <span class='ocrx_word' id='word_1_243' title='bbox 944 2361 983 2394; x_wconf 86' lang='lat' dir='ltr'>ad</span> <span class='ocrx_word' id='word_1_244' title='bbox 1009 2364 1143 2395; x_wconf 87' lang='lat' dir='ltr'>verbum</span> 
     </span>
     <span class='ocr_line' id='line_1_48' title="bbox 397 2414 1143 2453; baseline 0.003 -8"><span class='ocrx_word' id='word_1_245' title='bbox 397 2414 528 2446; x_wconf 86' lang='lat' dir='ltr'>insertis</span> <span class='ocrx_word' id='word_1_246' title='bbox 555 2414 729 2453; x_wconf 84' lang='lat' dir='ltr'>habentes,</span> <span class='ocrx_word' id='word_1_247' title='bbox 763 2414 827 2447; x_wconf 91' lang='lat' dir='ltr'>illis</span> <span class='ocrx_word' id='word_1_248' title='bbox 853 2414 932 2447; x_wconf 71' lang='lat' dir='ltr'>alias</span> <span class='ocrx_word' id='word_1_249' title='bbox 957 2415 987 2447; x_wconf 91' lang='lat' dir='ltr'>in</span> <span class='ocrx_word' id='word_1_250' title='bbox 1014 2426 1071 2447; x_wconf 88' lang='lat' dir='ltr'>suo</span> <span class='ocrx_word' id='word_1_251' title='bbox 1098 2426 1143 2448; x_wconf 88' lang='lat' dir='ltr'>ro-</span> 
     </span>
     <span class='ocr_line' id='line_1_49' title="bbox 397 2467 1143 2511; baseline 0.003 -13"><span class='ocrx_word' id='word_1_252' title='bbox 397 2467 474 2499; x_wconf 84' lang='lat' dir='ltr'>bore</span> <span class='ocrx_word' id='word_1_253' title='bbox 517 2467 739 2509; x_wconf 86' lang='lat' dir='ltr'>permansuris</span> <span class='ocrx_word' id='word_1_254' title='bbox 760 2494 767 2507; x_wconf 92' lang='lat'>,</span> <span class='ocrx_word' id='word_1_255' title='bbox 811 2467 849 2499; x_wconf 90' lang='lat' dir='ltr'>ad</span> <span class='ocrx_word' id='word_1_256' title='bbox 885 2468 1143 2511; x_wconf 83' lang='lat' dir='ltr'>praemissorum</span> 
     </span>
     <span class='ocr_line' id='line_1_50' title="bbox 397 2519 1144 2565; baseline 0.005 -15"><span class='ocrx_word' id='word_1_257' title='bbox 397 2519 560 2560; x_wconf 77' lang='lat' dir='ltr'>effectum,</span> <span class='ocrx_word' id='word_1_258' title='bbox 588 2521 648 2553; x_wconf 85' lang='lat' dir='ltr'>bac</span> <span class='ocrx_word' id='word_1_259' title='bbox 671 2521 739 2554; x_wconf 88' lang='lat' dir='ltr'>vice</span> <span class='ocrx_word' id='word_1_260' title='bbox 764 2521 939 2561; x_wconf 86' lang='lat' dir='ltr'>dumtaxat,</span> <span class='ocrx_word' id='word_1_261' title='bbox 953 2522 1144 2565; x_wconf 86' lang='lat' dir='ltr'>specialiter</span> 
     </span>
     <span class='ocr_line' id='line_1_51' title="bbox 397 2573 1144 2618; baseline 0.007 -15"><span class='ocrx_word' id='word_1_262' title='bbox 397 2578 429 2604; x_wconf 70' lang='lat' dir='ltr'>et</span> <span class='ocrx_word' id='word_1_263' title='bbox 446 2583 598 2615; x_wconf 87' lang='lat' dir='ltr'>expresse</span> <span class='ocrx_word' id='word_1_264' title='bbox 623 2573 822 2616; x_wconf 81' lang='lat' dir='ltr'>derogamus</span> <span class='ocrx_word' id='word_1_265' title='bbox 839 2586 846 2614; x_wconf 86' lang='lat'>;</span> <span class='ocrx_word' id='word_1_266' title='bbox 866 2574 1051 2618; x_wconf 86' lang='lat' dir='ltr'>ceterisque</span> <span class='ocrx_word' id='word_1_267' title='bbox 1069 2585 1144 2608; x_wconf 90' lang='lat' dir='ltr'>con-</span> 
     </span>
     <span class='ocr_line' id='line_1_52' title="bbox 398 2625 804 2670; baseline 0.007 -14"><span class='ocrx_word' id='word_1_268' title='bbox 398 2625 506 2657; x_wconf 84' lang='lat' dir='ltr'>trariis</span> <span class='ocrx_word' id='word_1_269' title='bbox 531 2626 804 2670; x_wconf 87' lang='lat' dir='ltr'>quibuscumque.</span> 
     </span>
    </p>
   </div>
   <div class='ocr_carea' id='block_1_7' title="bbox 1161 1012 1167 2551">
    <p class='ocr_par' dir='ltr' id='par_1_9' title="bbox 1161 1012 1167 2551">
     <span class='ocr_line' id='line_1_53' title="bbox 1161 1012 1167 2551; baseline 0 0"><span class='ocrx_word' id='word_1_270' title='bbox 1161 1012 1167 2551; x_wconf 95' lang='lat' dir='ltr'> </span> 
     </span>
    </p>
   </div>
   <div class='ocr_carea' id='block_1_8' title="bbox 1217 515 1877 600">
    <p class='ocr_par' dir='ltr' id='par_1_10' title="bbox 1217 515 1877 600">
     <span class='ocr_line' id='line_1_54' title="bbox 1217 515 1866 549; baseline 0 -7"><span class='ocrx_word' id='word_1_271' title='bbox 1217 515 1275 542; x_wconf 83' lang='lat' dir='ltr'>Dat.</span> <span class='ocrx_word' id='word_1_272' title='bbox 1299 516 1343 542; x_wconf 85' lang='lat' dir='ltr'>die</span> <span class='ocrx_word' id='word_1_273' title='bbox 1364 515 1379 542; x_wconf 90' lang='lat'><strong>3</strong></span> <span class='ocrx_word' id='word_1_274' title='bbox 1401 515 1491 542; x_wconf 87' lang='lat' dir='ltr'>martii</span> <span class='ocrx_word' id='word_1_275' title='bbox 1514 515 1593 549; x_wconf 81' lang='lat'>1733,</span> <span class='ocrx_word' id='word_1_276' title='bbox 1615 515 1712 549; x_wconf 77' lang='lat' dir='ltr'>pontif.</span> <span class='ocrx_word' id='word_1_277' title='bbox 1735 524 1807 541; x_wconf 87' lang='lat' dir='ltr'>anno</span> <span class='ocrx_word' id='word_1_278' title='bbox 1828 522 1866 542; x_wconf 80' lang='lat' dir='ltr'>nt.</span> 
     </span>
     <span class='ocr_line' id='line_1_55' title="bbox 1516 567 1877 600; baseline 0.003 -1"><span class='ocrx_word' id='word_1_279' title='bbox 1516 567 1550 599; x_wconf 85' lang='lat' dir='ltr'>F.</span> <span class='ocrx_word' id='word_1_280' title='bbox 1579 567 1666 599; x_wconf 82' lang='lat' dir='ltr'>card.</span> <span class='ocrx_word' id='word_1_281' title='bbox 1694 567 1877 600; x_wconf 74' lang='lat' dir='ltr'>Omvssmus.</span> 
     </span>
    </p>
   </div>
   <div class='ocr_carea' id='block_1_9' title="bbox 1183 718 1929 1204">
    <p class='ocr_par' dir='ltr' id='par_1_11' title="bbox 1467 718 1639 750">
     <span class='ocr_line' id='line_1_56' title="bbox 1467 718 1639 750; baseline 0 0"><span class='ocrx_word' id='word_1_282' title='bbox 1467 718 1639 750; x_wconf 74' lang='lat' dir='ltr'>Lxxxvtt.</span> 
     </span>
    </p>

    <p class='ocr_par' dir='ltr' id='par_1_12' title="bbox 1183 788 1929 1097">
     <span class='ocr_line' id='line_1_57' title="bbox 1183 788 1925 830; baseline -0.001 -8"><span class='ocrx_word' id='word_1_283' title='bbox 1183 788 1394 830; x_wconf 80' lang='lat' dir='ltr'>Confirmatio</span> <span class='ocrx_word' id='word_1_284' title='bbox 1407 789 1608 821; x_wconf 77' lang='lat' dir='ltr'>decretorum</span> <span class='ocrx_word' id='word_1_285' title='bbox 1626 789 1925 821; x_wconf 77' lang='lat' dir='ltr'>commissariorum</span> 
     </span>
     <span class='ocr_line' id='line_1_58' title="bbox 1225 840 1927 885; baseline -0.003 -11"><span class='ocrx_word' id='word_1_286' title='bbox 1225 842 1431 885; x_wconf 73' lang='lat' dir='ltr'>yeneralium</span> <span class='ocrx_word' id='word_1_287' title='bbox 1456 841 1634 874; x_wconf 78' lang='lat' dir='ltr'>Incliarum</span> <span class='ocrx_word' id='word_1_288' title='bbox 1662 840 1799 873; x_wconf 78' lang='lat' dir='ltr'>Ordinis</span> <span class='ocrx_word' id='word_1_289' title='bbox 1823 840 1927 873; x_wconf 75' lang='lat' dir='ltr'>Mino-</span> 
     </span>
     <span class='ocr_line' id='line_1_59' title="bbox 1225 894 1926 933; baseline 0 -7"><span class='ocrx_word' id='word_1_290' title='bbox 1225 905 1300 927; x_wconf 76' lang='lat' dir='ltr'>rum</span> <span class='ocrx_word' id='word_1_291' title='bbox 1326 895 1432 926; x_wconf 76' lang='lat' dir='ltr'>sancti</span> <span class='ocrx_word' id='word_1_292' title='bbox 1449 895 1621 927; x_wconf 78' lang='lat' dir='ltr'>Francisci</span> <span class='ocrx_word' id='word_1_293' title='bbox 1639 894 1926 933; x_wconf 72' lang='lat' dir='ltr'>Discalceatorum,</span> 
     </span>
     <span class='ocr_line' id='line_1_60' title="bbox 1227 947 1924 990; baseline -0.001 -11"><span class='ocrx_word' id='word_1_294' title='bbox 1227 949 1314 980; x_wconf 76' lang='lat' dir='ltr'>circa</span> <span class='ocrx_word' id='word_1_295' title='bbox 1338 948 1527 980; x_wconf 78' lang='lat' dir='ltr'>missionem</span> <span class='ocrx_word' id='word_1_296' title='bbox 1552 948 1734 980; x_wconf 76' lang='lat' dir='ltr'>visitatoris</span> <span class='ocrx_word' id='word_1_297' title='bbox 1769 947 1812 979; x_wconf 78' lang='lat' dir='ltr'>ad</span> <span class='ocrx_word' id='word_1_298' title='bbox 1845 957 1924 990; x_wconf 81' lang='lat' dir='ltr'>pro-</span> 
     </span>
     <span class='ocr_line' id='line_1_61' title="bbox 1226 1000 1929 1043; baseline -0.001 -10"><span class='ocrx_word' id='word_1_299' title='bbox 1226 1001 1373 1033; x_wconf 70' lang='lat' dir='ltr'>vinciam</span> <span class='ocrx_word' id='word_1_300' title='bbox 1397 1001 1430 1033; x_wconf 82' lang='lat' dir='ltr'>S.</span> <span class='ocrx_word' id='word_1_301' title='bbox 1460 1000 1612 1043; x_wconf 70' lang='lat' dir='ltr'>Greqorz&#39;i</span> <span class='ocrx_word' id='word_1_302' title='bbox 1636 1001 1671 1032; x_wconf 76' lang='lat' dir='ltr'>in</span> <span class='ocrx_word' id='word_1_303' title='bbox 1699 1000 1823 1033; x_wconf 75' lang='lat' dir='ltr'>[usulis</span> <span class='ocrx_word' id='word_1_304' title='bbox 1847 1000 1929 1033; x_wconf 74' lang='lat' dir='ltr'><em>Phi-</em></span> 
     </span>
     <span class='ocr_line' id='line_1_62' title="bbox 1228 1053 1855 1097; baseline -0.002 -11"><span class='ocrx_word' id='word_1_305' title='bbox 1228 1054 1366 1097; x_wconf 72' lang='lat' dir='ltr'>lippinis</span> <span class='ocrx_word' id='word_1_306' title='bbox 1392 1064 1430 1085; x_wconf 73' lang='lat' dir='ltr'>ex</span> <span class='ocrx_word' id='word_1_307' title='bbox 1451 1054 1561 1086; x_wconf 74' lang='lat' dir='ltr'>alz&#39;emi</span> <span class='ocrx_word' id='word_1_308' title='bbox 1587 1053 1771 1096; x_wconf 73' lang='lat' dir='ltr'>provz&#39;ncid,</span> <span class='ocrx_word' id='word_1_309' title='bbox 1799 1057 1855 1086; x_wconf 79' lang='lat' dir='ltr'>etc.</span> 
     </span>
    </p>

    <p class='ocr_par' dir='ltr' id='par_1_13' title="bbox 1326 1133 1792 1204">
     <span class='ocr_line' id='line_1_63' title="bbox 1386 1133 1707 1166; baseline 0 -7"><span class='ocrx_word' id='word_1_310' title='bbox 1386 1133 1523 1159; x_wconf 79' lang='lat' dir='ltr'>clemens</span> <span class='ocrx_word' id='word_1_311' title='bbox 1543 1134 1623 1166; x_wconf 79' lang='lat' dir='ltr'>Pap‘a</span> <span class='ocrx_word' id='word_1_312' title='bbox 1642 1133 1707 1162; x_wconf 87' lang='lat' dir='ltr'>XII,</span> 
     </span>
     <span class='ocr_line' id='line_1_64' title="bbox 1326 1177 1792 1204; baseline 0 -1"><span class='ocrx_word' id='word_1_313' title='bbox 1326 1177 1363 1204; x_wconf 83' lang='lat' dir='ltr'>ad</span> <span class='ocrx_word' id='word_1_314' title='bbox 1383 1177 1520 1204; x_wconf 82' lang='lat' dir='ltr'>futuram</span> <span class='ocrx_word' id='word_1_315' title='bbox 1538 1178 1583 1204; x_wconf 85' lang='lat' dir='ltr'>rei</span> <span class='ocrx_word' id='word_1_316' title='bbox 1604 1177 1792 1204; x_wconf 83' lang='lat' dir='ltr'>memoriam.</span> 
     </span>
    </p>
   </div>
   <div class='ocr_carea' id='block_1_10' title="bbox 1184 1248 1932 2661">
    <p class='ocr_par' dir='ltr' id='par_1_14' title="bbox 1184 1248 1932 2661">
     <span class='ocr_line' id='line_1_65' title="bbox 1228 1248 1926 1292; baseline 0.001 -12"><span class='ocrx_word' id='word_1_317' title='bbox 1228 1249 1242 1292; x_wconf 65' lang='grc' dir='ltr'><strong>ἓ</strong></span> <span class='ocrx_word' id='word_1_318' title='bbox 1269 1248 1299 1280; x_wconf 81' lang='lat' dir='ltr'>l.</span> <span class='ocrx_word' id='word_1_319' title='bbox 1327 1248 1452 1290; x_wconf 78' lang='lat' dir='ltr'>Exponi</span> <span class='ocrx_word' id='word_1_320' title='bbox 1471 1248 1565 1281; x_wconf 88' lang='lat' dir='ltr'>nobis</span> <span class='ocrx_word' id='word_1_321' title='bbox 1580 1259 1684 1292; x_wconf 89' lang='lat' dir='ltr'>nuper</span> <span class='ocrx_word' id='word_1_322' title='bbox 1699 1248 1926 1281; x_wconf 79' lang='lat' dir='ltr'>secitdilectus</span> 
     </span>
     <span class='ocr_line' id='line_1_66' title="bbox 1184 1300 1928 1346; baseline 0.003 -13"><span class='ocrx_word' id='word_1_323' title='bbox 1184 1300 1269 1334; x_wconf 80' lang='lat' dir='ltr'>silius</span> <span class='ocrx_word' id='word_1_324' title='bbox 1307 1301 1496 1333; x_wconf 76' lang='lat' dir='ltr'>Vincentius</span> <span class='ocrx_word' id='word_1_325' title='bbox 1532 1301 1654 1343; x_wconf 79' lang='lat' dir='ltr'>Ingles,</span> <span class='ocrx_word' id='word_1_326' title='bbox 1682 1302 1829 1335; x_wconf 90' lang='lat' dir='ltr'>minister</span> <span class='ocrx_word' id='word_1_327' title='bbox 1852 1313 1928 1346; x_wconf 86' lang='lat' dir='ltr'>pro-</span> 
     </span>
     <span class='ocr_line' id='line_1_67' title="bbox 1185 1354 1928 1398; baseline 0.003 -12"><span class='ocrx_word' id='word_1_328' title='bbox 1185 1354 1330 1387; x_wconf 87' lang='lat' dir='ltr'>vincialis</span> <span class='ocrx_word' id='word_1_329' title='bbox 1356 1355 1542 1397; x_wconf 86' lang='lat' dir='ltr'>provinciae</span> <span class='ocrx_word' id='word_1_330' title='bbox 1568 1355 1599 1387; x_wconf 80' lang='lat' dir='ltr'>S.</span> <span class='ocrx_word' id='word_1_331' title='bbox 1628 1354 1775 1398; x_wconf 81' lang='lat' dir='ltr'>Gregorii</span> <span class='ocrx_word' id='word_1_332' title='bbox 1812 1355 1844 1388; x_wconf 92' lang='lat' dir='ltr'>in</span> <span class='ocrx_word' id='word_1_333' title='bbox 1878 1355 1928 1389; x_wconf 91' lang='lat' dir='ltr'>In-</span> 
     </span>
     <span class='ocr_line' id='line_1_68' title="bbox 1184 1407 1929 1450; baseline 0.004 -11"><span class='ocrx_word' id='word_1_334' title='bbox 1184 1408 1262 1440; x_wconf 84' lang='lat' dir='ltr'>sulis</span> <span class='ocrx_word' id='word_1_335' title='bbox 1288 1408 1485 1450; x_wconf 78' lang='lat' dir='ltr'>Pliilippinis</span> <span class='ocrx_word' id='word_1_336' title='bbox 1511 1407 1640 1440; x_wconf 85' lang='lat' dir='ltr'>Ordinis</span> <span class='ocrx_word' id='word_1_337' title='bbox 1673 1409 1807 1441; x_wconf 77' lang='lat' dir='ltr'>fratrum</span> <span class='ocrx_word' id='word_1_338' title='bbox 1833 1409 1929 1443; x_wconf 88' lang='lat' dir='ltr'>Mino-</span> 
     </span>
     <span class='ocr_line' id='line_1_69' title="bbox 1185 1461 1927 1495; baseline 0.003 -2"><span class='ocrx_word' id='word_1_339' title='bbox 1185 1472 1254 1493; x_wconf 90' lang='lat' dir='ltr'>rum</span> <span class='ocrx_word' id='word_1_340' title='bbox 1298 1461 1400 1493; x_wconf 85' lang='lat' dir='ltr'>sancti</span> <span class='ocrx_word' id='word_1_341' title='bbox 1446 1461 1610 1494; x_wconf 84' lang='lat' dir='ltr'>Francisci</span> <span class='ocrx_word' id='word_1_342' title='bbox 1652 1461 1927 1495; x_wconf 83' lang='lat' dir='ltr'>Discalceatorum</span> 
     </span>
     <span class='ocr_line' id='line_1_70' title="bbox 1185 1514 1928 1558; baseline 0.004 -12"><span class='ocrx_word' id='word_1_343' title='bbox 1185 1520 1457 1558; x_wconf 82' lang='lat' dir='ltr'>nuncupatorum,</span> <span class='ocrx_word' id='word_1_344' title='bbox 1483 1515 1569 1556; x_wconf 87' lang='lat' dir='ltr'>quod</span> <span class='ocrx_word' id='word_1_345' title='bbox 1588 1514 1696 1547; x_wconf 87' lang='lat' dir='ltr'>dilecti</span> <span class='ocrx_word' id='word_1_346' title='bbox 1716 1514 1773 1547; x_wconf 80' lang='lat' dir='ltr'>filii</span> <span class='ocrx_word' id='word_1_347' title='bbox 1791 1515 1928 1549; x_wconf 80' lang='lat' dir='ltr'>loannes</span> 
     </span>
     <span class='ocr_line' id='line_1_71' title="bbox 1186 1567 1930 1607; baseline 0.003 -9"><span class='ocrx_word' id='word_1_348' title='bbox 1186 1567 1224 1600; x_wconf 84' lang='lat' dir='ltr'>de</span> <span class='ocrx_word' id='word_1_349' title='bbox 1250 1567 1326 1599; x_wconf 86' lang='lat' dir='ltr'>Soto</span> <span class='ocrx_word' id='word_1_350' title='bbox 1353 1572 1384 1599; x_wconf 87' lang='lat' dir='ltr'>et</span> <span class='ocrx_word' id='word_1_351' title='bbox 1409 1567 1599 1599; x_wconf 84' lang='lat' dir='ltr'>Dominicus</span> <span class='ocrx_word' id='word_1_352' title='bbox 1625 1568 1779 1607; x_wconf 85' lang='lat' dir='ltr'>Lossada,</span> <span class='ocrx_word' id='word_1_353' title='bbox 1796 1568 1930 1601; x_wconf 88' lang='lat' dir='ltr'>ultimus</span> 
     </span>
     <span class='ocr_line' id='line_1_72' title="bbox 1186 1620 1929 1663; baseline 0.003 -11"><span class='ocrx_word' id='word_1_354' title='bbox 1186 1631 1222 1652; x_wconf 83' lang='lat' dir='ltr'>ac</span> <span class='ocrx_word' id='word_1_355' title='bbox 1248 1620 1426 1652; x_wconf 88' lang='lat' dir='ltr'>modernus</span> <span class='ocrx_word' id='word_1_356' title='bbox 1446 1620 1625 1663; x_wconf 74' lang='lat' dir='ltr'>respective</span> <span class='ocrx_word' id='word_1_357' title='bbox 1644 1621 1860 1653; x_wconf 84' lang='lat' dir='ltr'>commissarii</span> <span class='ocrx_word' id='word_1_358' title='bbox 1879 1632 1929 1663; x_wconf 82' lang='lat' dir='ltr'>ge-</span> 
     </span>
     <span class='ocr_line' id='line_1_73' title="bbox 1186 1673 1930 1717; baseline 0.003 -13"><span class='ocrx_word' id='word_1_359' title='bbox 1186 1675 1313 1705; x_wconf 80' lang='lat' dir='ltr'>nerales</span> <span class='ocrx_word' id='word_1_360' title='bbox 1350 1673 1514 1705; x_wconf 85' lang='lat' dir='ltr'>Indiarum</span> <span class='ocrx_word' id='word_1_361' title='bbox 1550 1673 1624 1705; x_wconf 88' lang='lat' dir='ltr'>dicti</span> <span class='ocrx_word' id='word_1_362' title='bbox 1651 1674 1804 1712; x_wconf 78' lang='lat' dir='ltr'>Ordinis,</span> <span class='ocrx_word' id='word_1_363' title='bbox 1831 1685 1930 1717; x_wconf 87' lang='lat' dir='ltr'>quae-</span> 
     </span>
     <span class='ocr_line' id='line_1_74' title="bbox 1186 1726 1930 1769; baseline 0.001 -11"><span class='ocrx_word' id='word_1_364' title='bbox 1186 1727 1258 1758; x_wconf 86' lang='lat' dir='ltr'>dam</span> <span class='ocrx_word' id='word_1_365' title='bbox 1297 1727 1427 1758; x_wconf 82' lang='lat' dir='ltr'>decrcta</span> <span class='ocrx_word' id='word_1_366' title='bbox 1464 1736 1522 1768; x_wconf 89' lang='lat' dir='ltr'>pro</span> <span class='ocrx_word' id='word_1_367' title='bbox 1556 1726 1642 1759; x_wconf 91' lang='lat' dir='ltr'>bono</span> <span class='ocrx_word' id='word_1_368' title='bbox 1670 1726 1773 1759; x_wconf 84' lang='lat' dir='ltr'>dictae</span> <span class='ocrx_word' id='word_1_369' title='bbox 1801 1727 1930 1769; x_wconf 83' lang='lat' dir='ltr'>provin-</span> 
     </span>
     <span class='ocr_line' id='line_1_75' title="bbox 1186 1779 1930 1822; baseline 0.003 -12"><span class='ocrx_word' id='word_1_370' title='bbox 1186 1779 1254 1811; x_wconf 82' lang='lat' dir='ltr'>ciae</span> <span class='ocrx_word' id='word_1_371' title='bbox 1282 1779 1441 1821; x_wconf 77' lang='lat' dir='ltr'>regimine</span> <span class='ocrx_word' id='word_1_372' title='bbox 1465 1779 1658 1818; x_wconf 83' lang='lat' dir='ltr'>ediderunt,</span> <span class='ocrx_word' id='word_1_373' title='bbox 1687 1779 1816 1822; x_wconf 82' lang='lat' dir='ltr'>quibus,</span> <span class='ocrx_word' id='word_1_374' title='bbox 1841 1791 1930 1812; x_wconf 88' lang='lat' dir='ltr'>com-</span> 
     </span>
     <span class='ocr_line' id='line_1_76' title="bbox 1186 1831 1929 1873; baseline 0.001 -10"><span class='ocrx_word' id='word_1_375' title='bbox 1186 1832 1406 1864; x_wconf 86' lang='lat' dir='ltr'>missariorum</span> <span class='ocrx_word' id='word_1_376' title='bbox 1432 1832 1634 1873; x_wconf 77' lang='lat' dir='ltr'>generalium</span> <span class='ocrx_word' id='word_1_377' title='bbox 1661 1831 1848 1864; x_wconf 88' lang='lat' dir='ltr'>huiusmodi</span> <span class='ocrx_word' id='word_1_378' title='bbox 1874 1843 1929 1864; x_wconf 88' lang='lat' dir='ltr'>an-</span> 
     </span>
     <span class='ocr_line' id='line_1_77' title="bbox 1186 1884 1932 1918; baseline 0.003 -2"><span class='ocrx_word' id='word_1_379' title='bbox 1186 1892 1386 1918; x_wconf 82' lang='lat' dir='ltr'>tecessorum</span> <span class='ocrx_word' id='word_1_380' title='bbox 1413 1895 1545 1918; x_wconf 89' lang='lat' dir='ltr'>suorum</span> <span class='ocrx_word' id='word_1_381' title='bbox 1571 1885 1797 1918; x_wconf 87' lang='lat' dir='ltr'>ordinationes</span> <span class='ocrx_word' id='word_1_382' title='bbox 1815 1884 1932 1918; x_wconf 78' lang='lat' dir='ltr'>confir-</span> 
     </span>
     <span class='ocr_line' id='line_1_78' title="bbox 1187 1938 1929 1980; baseline 0.001 -10"><span class='ocrx_word' id='word_1_383' title='bbox 1187 1939 1324 1978; x_wconf 83' lang='lat' dir='ltr'>mando,</span> <span class='ocrx_word' id='word_1_384' title='bbox 1352 1938 1550 1970; x_wconf 86' lang='lat' dir='ltr'>mandarunt</span> <span class='ocrx_word' id='word_1_385' title='bbox 1574 1938 1797 1971; x_wconf 82' lang='lat' dir='ltr'>commissario</span> <span class='ocrx_word' id='word_1_386' title='bbox 1831 1949 1929 1980; x_wconf 80' lang='lat' dir='ltr'>gene-</span> 
     </span>
     <span class='ocr_line' id='line_1_79' title="bbox 1187 1990 1928 2034; baseline 0 -11"><span class='ocrx_word' id='word_1_387' title='bbox 1187 1992 1245 2024; x_wconf 85' lang='lat' dir='ltr'>rali</span> <span class='ocrx_word' id='word_1_388' title='bbox 1279 1991 1384 2023; x_wconf 84' lang='lat' dir='ltr'>Novae</span> <span class='ocrx_word' id='word_1_389' title='bbox 1422 1991 1597 2033; x_wconf 84' lang='lat' dir='ltr'>Hispaniae</span> <span class='ocrx_word' id='word_1_390' title='bbox 1634 1990 1763 2023; x_wconf 87' lang='lat' dir='ltr'>Ordinis</span> <span class='ocrx_word' id='word_1_391' title='bbox 1793 1991 1928 2034; x_wconf 83' lang='lat' dir='ltr'>praefati</span> 
     </span>
     <span class='ocr_line' id='line_1_80' title="bbox 1187 2044 1930 2088; baseline 0.001 -12"><span class='ocrx_word' id='word_1_392' title='bbox 1187 2056 1246 2088; x_wconf 89' lang='lat' dir='ltr'>pro</span> <span class='ocrx_word' id='word_1_393' title='bbox 1285 2050 1432 2087; x_wconf 81' lang='lat' dir='ltr'>tempore</span> <span class='ocrx_word' id='word_1_394' title='bbox 1470 2044 1643 2084; x_wconf 82' lang='lat' dir='ltr'>existenti,</span> <span class='ocrx_word' id='word_1_395' title='bbox 1675 2050 1710 2077; x_wconf 90' lang='lat' dir='ltr'>ut</span> <span class='ocrx_word' id='word_1_396' title='bbox 1745 2046 1930 2078; x_wconf 85' lang='lat' dir='ltr'>nullatenus</span> 
     </span>
     <span class='ocr_line' id='line_1_81' title="bbox 1187 2098 1929 2140; baseline 0.001 -10"><span class='ocrx_word' id='word_1_397' title='bbox 1187 2098 1316 2130; x_wconf 88' lang='lat' dir='ltr'>mittere</span> <span class='ocrx_word' id='word_1_398' title='bbox 1353 2099 1456 2130; x_wconf 83' lang='lat' dir='ltr'>valeat</span> <span class='ocrx_word' id='word_1_399' title='bbox 1494 2098 1531 2130; x_wconf 85' lang='lat' dir='ltr'>ad</span> <span class='ocrx_word' id='word_1_400' title='bbox 1570 2098 1688 2130; x_wconf 88' lang='lat' dir='ltr'>dietam</span> <span class='ocrx_word' id='word_1_401' title='bbox 1729 2098 1929 2140; x_wconf 78' lang='lat' dir='ltr'>provinciam</span> 
     </span>
     <span class='ocr_line' id='line_1_82' title="bbox 1187 2151 1929 2195; baseline 0 -11"><span class='ocrx_word' id='word_1_402' title='bbox 1187 2152 1387 2184; x_wconf 86' lang='lat' dir='ltr'>visitatorem</span> <span class='ocrx_word' id='word_1_403' title='bbox 1423 2162 1458 2183; x_wconf 73' lang='lat' dir='ltr'>ex</span> <span class='ocrx_word' id='word_1_404' title='bbox 1486 2151 1590 2184; x_wconf 72' lang='lat' dir='ltr'>aliena</span> <span class='ocrx_word' id='word_1_405' title='bbox 1617 2151 1795 2194; x_wconf 70' lang='lat' dir='ltr'>provincia,</span> <span class='ocrx_word' id='word_1_406' title='bbox 1822 2162 1929 2195; x_wconf 86' lang='lat' dir='ltr'>neque</span> 
     </span>
     <span class='ocr_line' id='line_1_83' title="bbox 1187 2204 1929 2247; baseline -0.001 -9"><span class='ocrx_word' id='word_1_407' title='bbox 1187 2206 1287 2246; x_wconf 77' lang='lat' dir='ltr'>eligat</span> <span class='ocrx_word' id='word_1_408' title='bbox 1313 2206 1360 2237; x_wconf 83' lang='lat' dir='ltr'>rel</span> <span class='ocrx_word' id='word_1_409' title='bbox 1387 2204 1533 2236; x_wconf 86' lang='lat' dir='ltr'>nominet</span> <span class='ocrx_word' id='word_1_410' title='bbox 1558 2215 1593 2236; x_wconf 78' lang='lat' dir='ltr'>ex</span> <span class='ocrx_word' id='word_1_411' title='bbox 1621 2205 1734 2237; x_wconf 71' lang='lat' dir='ltr'>eadem</span> <span class='ocrx_word' id='word_1_412' title='bbox 1762 2205 1929 2247; x_wconf 74' lang='lat' dir='ltr'>provincia</span> 
     </span>
     <span class='ocr_line' id='line_1_84' title="bbox 1187 2257 1931 2300; baseline 0 -10"><span class='ocrx_word' id='word_1_413' title='bbox 1187 2259 1285 2290; x_wconf 85' lang='lat' dir='ltr'>alium</span> <span class='ocrx_word' id='word_1_414' title='bbox 1331 2263 1461 2300; x_wconf 83' lang='lat' dir='ltr'>praeter</span> <span class='ocrx_word' id='word_1_415' title='bbox 1498 2263 1561 2289; x_wconf 86' lang='lat' dir='ltr'>tres</span> <span class='ocrx_word' id='word_1_416' title='bbox 1597 2268 1614 2289; x_wconf 93' lang='lat' dir='ltr'>a</span> <span class='ocrx_word' id='word_1_417' title='bbox 1650 2268 1707 2289; x_wconf 90' lang='lat' dir='ltr'>suo</span> <span class='ocrx_word' id='word_1_418' title='bbox 1745 2257 1931 2291; x_wconf 88' lang='lat' dir='ltr'>delinitorio</span> 
     </span>
     <span class='ocr_line' id='line_1_85' title="bbox 1188 2311 1928 2354; baseline 0.003 -12"><span class='ocrx_word' id='word_1_419' title='bbox 1188 2311 1376 2354; x_wconf 78' lang='lat' dir='ltr'>propositos</span> <span class='ocrx_word' id='word_1_420' title='bbox 1412 2312 1449 2343; x_wconf 84' lang='lat' dir='ltr'>ad</span> <span class='ocrx_word' id='word_1_421' title='bbox 1492 2311 1735 2350; x_wconf 58' lang='lat' dir='ltr'>visitarifmem</span> <span class='ocrx_word' id='word_1_422' title='bbox 1777 2311 1928 2344; x_wconf 86' lang='lat' dir='ltr'>similiter</span> 
     </span>
     <span class='ocr_line' id='line_1_86' title="bbox 1188 2364 1930 2406; baseline 0.001 -10"><span class='ocrx_word' id='word_1_423' title='bbox 1188 2375 1227 2397; x_wconf 89' lang='lat' dir='ltr'>ne</span> <span class='ocrx_word' id='word_1_424' title='bbox 1250 2364 1392 2396; x_wconf 82' lang='lat' dir='ltr'>detineat</span> <span class='ocrx_word' id='word_1_425' title='bbox 1410 2365 1539 2396; x_wconf 86' lang='lat' dir='ltr'>vocales</span> <span class='ocrx_word' id='word_1_426' title='bbox 1558 2370 1588 2396; x_wconf 89' lang='lat' dir='ltr'>et</span> <span class='ocrx_word' id='word_1_427' title='bbox 1608 2369 1837 2406; x_wconf 81' lang='lat' dir='ltr'>procuratores</span> <span class='ocrx_word' id='word_1_428' title='bbox 1856 2365 1930 2397; x_wconf 90' lang='lat' dir='ltr'>mis-</span> 
     </span>
     <span class='ocr_line' id='line_1_87' title="bbox 1187 2416 1930 2459; baseline 0.003 -11"><span class='ocrx_word' id='word_1_429' title='bbox 1187 2427 1237 2449; x_wconf 85' lang='lat' dir='ltr'>sos</span> <span class='ocrx_word' id='word_1_430' title='bbox 1262 2417 1301 2449; x_wconf 84' lang='lat' dir='ltr'>ab</span> <span class='ocrx_word' id='word_1_431' title='bbox 1328 2417 1442 2448; x_wconf 73' lang='lat' dir='ltr'>eadem</span> <span class='ocrx_word' id='word_1_432' title='bbox 1467 2416 1641 2459; x_wconf 70' lang='lat' dir='ltr'>provincia,</span> <span class='ocrx_word' id='word_1_433' title='bbox 1670 2427 1751 2449; x_wconf 83' lang='lat' dir='ltr'>neve</span> <span class='ocrx_word' id='word_1_434' title='bbox 1771 2427 1804 2450; x_wconf 91' lang='lat' dir='ltr'>se</span> <span class='ocrx_word' id='word_1_435' title='bbox 1826 2417 1930 2450; x_wconf 90' lang='lat' dir='ltr'>intro-</span> 
     </span>
     <span class='ocr_line' id='line_1_88' title="bbox 1187 2469 1929 2512; baseline 0 -11"><span class='ocrx_word' id='word_1_436' title='bbox 1187 2470 1289 2501; x_wconf 85' lang='lat' dir='ltr'>mittat</span> <span class='ocrx_word' id='word_1_437' title='bbox 1320 2469 1351 2500; x_wconf 89' lang='lat' dir='ltr'>in</span> <span class='ocrx_word' id='word_1_438' title='bbox 1378 2480 1490 2501; x_wconf 68' lang='lat' dir='ltr'>eorum</span> <span class='ocrx_word' id='word_1_439' title='bbox 1517 2469 1745 2512; x_wconf 73' lang='lat' dir='ltr'>eleemosynis⁷</span> <span class='ocrx_word' id='word_1_440' title='bbox 1772 2479 1879 2512; x_wconf 86' lang='lat' dir='ltr'>neque</span> <span class='ocrx_word' id='word_1_441' title='bbox 1898 2469 1929 2501; x_wconf 92' lang='lat' dir='ltr'>in</span> 
     </span>
     <span class='ocr_line' id='line_1_89' title="bbox 1187 2522 1930 2565; baseline 0 -11"><span class='ocrx_word' id='word_1_442' title='bbox 1187 2522 1328 2564; x_wconf 80' lang='lat' dir='ltr'>negotiis</span> <span class='ocrx_word' id='word_1_443' title='bbox 1355 2522 1414 2554; x_wconf 82' lang='lat' dir='ltr'>sibi</span> <span class='ocrx_word' id='word_1_444' title='bbox 1442 2522 1641 2554; x_wconf 81' lang='lat' dir='ltr'>commissis:</span> <span class='ocrx_word' id='word_1_445' title='bbox 1669 2527 1700 2554; x_wconf 89' lang='lat' dir='ltr'>et</span> <span class='ocrx_word' id='word_1_446' title='bbox 1727 2522 1814 2560; x_wconf 76' lang='lat' dir='ltr'>alias,</span> <span class='ocrx_word' id='word_1_447' title='bbox 1834 2528 1930 2565; x_wconf 86' lang='lat' dir='ltr'>prout</span> 
     </span>
     <span class='ocr_line' id='line_1_90' title="bbox 1187 2575 1929 2618; baseline 0 -11"><span class='ocrx_word' id='word_1_448' title='bbox 1187 2575 1318 2607; x_wconf 79' lang='lat' dir='ltr'>uberius</span> <span class='ocrx_word' id='word_1_449' title='bbox 1344 2575 1530 2607; x_wconf 77' lang='lat' dir='ltr'>continetur</span> <span class='ocrx_word' id='word_1_450' title='bbox 1555 2575 1587 2607; x_wconf 90' lang='lat' dir='ltr'>in</span> <span class='ocrx_word' id='word_1_451' title='bbox 1623 2575 1767 2618; x_wconf 90' lang='lat' dir='ltr'>ipsorum</span> <span class='ocrx_word' id='word_1_452' title='bbox 1801 2575 1929 2608; x_wconf 84' lang='lat' dir='ltr'>Ioannis</span> 
     </span>
     <span class='ocr_line' id='line_1_91' title="bbox 1189 2627 1931 2661; baseline 0.001 -2"><span class='ocrx_word' id='word_1_453' title='bbox 1189 2634 1220 2660; x_wconf 88' lang='lat' dir='ltr'>et</span> <span class='ocrx_word' id='word_1_454' title='bbox 1244 2627 1404 2659; x_wconf 81' lang='lat' dir='ltr'>Dominiei</span> <span class='ocrx_word' id='word_1_455' title='bbox 1431 2628 1724 2661; x_wconf 80' lang='lat' dir='ltr'>commissariorum</span> <span class='ocrx_word' id='word_1_456' title='bbox 1743 2627 1931 2660; x_wconf 74' lang='lat' dir='ltr'>huiusmodi</span> 
     </span>
    </p>
   </div>
   <div class='ocr_carea' id='block_1_11' title="bbox 1939 1255 2168 1303">
    <p class='ocr_par' dir='ltr' id='par_1_15' title="bbox 1939 1255 2168 1303">
     <span class='ocr_line' id='line_1_92' title="bbox 1966 1255 2168 1277; baseline 0.005 -1"><span class='ocrx_word' id='word_1_457' title='bbox 1966 1256 2057 1277; x_wconf 76' lang='lat' dir='ltr'>Decreta</span> <span class='ocrx_word' id='word_1_458' title='bbox 2070 1255 2127 1277; x_wconf 69' lang='lat' dir='ltr'>reso·</span> <span class='ocrx_word' id='word_1_459' title='bbox 2155 1263 2168 1275; x_wconf 74' lang='grc' dir='ltr'><em>ο</em></span> 
     </span>
     <span class='ocr_line' id='line_1_93' title="bbox 1939 1285 2019 1303; baseline 0 0"><span class='ocrx_word' id='word_1_460' title='bbox 1939 1285 2019 1303; x_wconf 86' lang='lat' dir='ltr'>rnntur.</span> 
     </span>
    </p>
   </div>
  </div>
 </body>
</html>
