2182 3137
853 305 948 330 mnax
973 306 1077 331 naarai
1625 302 1689 336 657

280 356 499 400 processiones
524 357 576 390 SS.
604 357 752 402 Corporis
778 357 893 391 Christi
920 363 949 390 et
974 358 1107 399 Rosarii,
1132 360 1190 393 401
1221 373 1239 394 a
1265 367 1295 394 et
1318 374 1393 407 seqq
1420 363 1450 396 in
1475 364 1590 397 scholis
1607 365 1733 398 Ordinis

281 410 476 453 theologicae
502 412 639 444 facultati
664 423 792 455 operam
819 411 1004 444 navantibus
1029 413 1242 447 saecularibus
1271 415 1523 450 adolescentibus
1551 418 1732 451 doctoratus

280 462 386 495 laurea
413 464 548 496 conferri
575 470 696 508 potest,
722 464 784 497 527
810 475 829 497 α
854 469 884 496 et
903 475 983 508 serp,
1008 475 1066 508 pro
1091 467 1263 510 provinciis
1287 469 1317 502 S.
1345 469 1478 503 Sabinae
1502 471 1730 511 Lombardiae,

278 526 314 548 ac
339 517 368 548 S.
397 517 491 549 Marci
518 518 676 550 Romanae
700 517 835 550 vicarius
860 517 1016 559 generalis
1042 519 1206 562 eligendus
1231 532 1267 554 ex
1294 522 1393 555 tribus
1418 523 1573 566 religiosis
1598 535 1614 556 a
1640 524 1730 556 mini-

279 575 343 602 stro
369 570 508 612 generali
534 570 659 604 Ordinis
683 570 907 615 proponendis,
935 570 998 604 6:32
1023 583 1043 605 α
1068 576 1097 607 et
1121 584 1198 618 seq.;

952 730 976 764 R

186 838 343 871 Recursus
361 838 400 871 ad
424 837 536 872 Sedem
562 837 774 881 Apostolicam
801 837 991 880 prohibetur
1010 837 1167 879 religiosis
1184 844 1353 882 antequam
1376 849 1449 872 suos
1467 840 1648 883 superiores
1664 841 1729 874 adi·

273 891 388 932 verint,
410 896 440 924 et
464 891 524 924 hoc
545 890 673 935 quidem
697 890 883 934 Capuccinis
908 890 972 925 492
997 902 1037 931 (13
1066 891 1212 924 Eremitis
1234 891 1265 925 S.
1287 892 1469 935 Augustini,
1488 892 1551 927 533
1570 894 1586 926 b
1603 899 1632 927 et
1649 905 1730 939 seq.;

274 943 337 977 549
362 943 396 985 b;
421 949 451 977 et
474 943 713 978 Cassinensihus
738 943 801 977 566
828 955 848 977 (ι
874 949 904 977 et
927 955 990 988 seq.

183 997 420 1042 Redemptionis
443 998 646 1042 Captivorum
673 997 773 1037 Ordo,
800 997 871 1030 rifle
895 997 1038 1032 Fratres,

183 1050 335 1094 Regimen
370 1051 581 1085 Bononiense.
613 1071 655 1076 —
693 1050 898 1085 Bononiensis
931 1050 1097 1093 regiminis
1129 1052 1306 1087 iurisdictio
1339 1063 1440 1098 super
1473 1055 1730 1090 universitatibus

272 1104 386 1138 artium
413 1104 553 1138 eiusdem
580 1105 732 1145 civitatis,
757 1103 822 1138 630
843 1116 863 1137 ιι
889 1109 918 1136 et
942 1114 1004 1147 seq.

183 1157 377 1191 Reservatio.
403 1177 445 1182 —
470 1158 628 1191 Ecclesiae
661 1158 906 1202 patriarchales,
941 1158 1146 1201 primatiales‚
1183 1160 1482 1205 archiepiscopales,
1522 1162 1728 1207 episcopales,

271 1211 460 1244 monasteria
485 1217 515 1244 et
539 1211 676 1245 maiores
700 1211 880 1254 dignitates,
905 1222 940 1244 ac
965 1211 1117 1245 beneficia
1156 1214 1314 1257 (exceptis
1350 1215 1518 1259 privilegio
1544 1217 1672 1250 munitis
1698 1223 1727 1250 et
1780 1238 1784 1242 -

270 1265 301 1298 in
326 1265 524 1299 concordatis
549 1265 811 1309 comprehensis)
837 1265 1011 1309 provisioni
1038 1266 1138 1310 Papae
1163 1274 1373 1308 reservantur,
1400 1269 1419 1301 ΞΣ
1444 1280 1464 1302 α
1489 1275 1519 1303 et
1544 1281 1619 1314 seq.;
1652 1270 1726 1304 item

271 1318 423 1352 beneficia
454 1329 511 1362 per
535 1319 764 1352 assecutionem
790 1318 953 1363 pacificam
981 1325 1152 1361 vacatura,
1185 1321 1203 1353 *2
1228 1322 1263 1360 (r,
1290 1321 1443 1355 beneficia
1469 1334 1619 1367 quoque,
1646 1335 1726 1368 quae

269 1382 327 1416 per
350 1382 502 1416 personas
528 1372 639 1406 Curiae
664 1372 792 1405 affectas
817 1372 1020 1411 obtinentur,
1045 1372 1064 1405 3
1089 1374 1105 1406 b
1131 1379 1160 1406 et
1185 1385 1256 1418 srq.;
1282 1375 1329 1407 vel
1357 1377 1495 1410 vacantia
1525 1387 1581 1421 per
1605 1377 1725 1410 obitum

271 1425 472 1460 familiarium
499 1425 727 1466 cardinalium,
758 1426 794 1459 to
819 1437 857 1463 ια
894 1425 1118 1467 canonicatus,
1157 1428 1376 1471 praebendae,
1413 1434 1486 1471 etc.,
1519 1430 1724 1464 ecclesiarum

270 1480 301 1513 S.
329 1480 453 1513 loannis
477 1479 717 1520 Lateranensis,
742 1479 771 1512 S.
798 1479 880 1512 Petri
906 1485 937 1512 et
961 1479 990 1511 S.
1016 1479 1130 1513 Mariae
1154 1480 1279 1514 Maioris
1304 1481 1342 1514 de
1375 1481 1479 1523 Urbe,
1511 1493 1547 1516 ac
1571 1483 1725 1517 beneficia

269 1533 432 1567 titulorum
471 1533 677 1566 cardinalium
703 1544 720 1566 a
744 1533 837 1567 Curia
862 1532 1061 1575 absentium,
1086 1532 1106 1566 3
1131 1534 1170 1573 b}
1205 1534 1357 1567 beneficia
1390 1536 1531 1569 vacantia
1564 1537 1724 1570 mensibus

270 1587 414 1627 ianuarii,
439 1587 599 1629 februarii,
626 1587 746 1631 aprilis,
773 1587 857 1627 maii,
882 1586 960 1626 iulii,
985 1587 1120 1630 augusti,
1146 1587 1294 1627 octobris,
1319 1589 1511 1629 novembris,
1532 1589 1552 1622 4
1577 1590 1610 1629 b,
1635 1590 1725 1623 bene-

269 1640 339 1674 ficia
369 1651 495 1685 quoque
518 1651 575 1685 per
598 1641 860 1686 praedecessores
885 1640 1052 1674 Pontifices
1077 1645 1257 1684 reservata,
1283 1641 1302 1675 5
1329 1642 1365 1682 b3
1399 1643 1447 1676 vel
1479 1643 1620 1677 vacantia
1644 1643 1723 1677 Sede

268 1694 451 1739 Apostolica
475 1700 615 1736 vacante,
640 1695 682 1728 ’17
707 1696 735 1728 b.

180 1747 362 1782 Revocatio.
389 1769 432 1773 —-
456 1749 656 1783 Revocantur
680 1748 831 1791 decimae,
856 1748 1007 1791 subsidia,
1042 1754 1118 1792 eto„
1145 1761 1242 1796 super
1270 1750 1432 1785 beneficiis
1462 1751 1610 1797 imposita
1646 1753 1723 1796 (non

268 1807 372 1836 tamen
397 1813 457 1847 pro
481 1803 735 1847 expeditionibus
760 1808 870 1837 contra
894 1804 1011 1837 Turcas
1036 1808 1066 1836 et
1090 1804 1264 1838 catholicae
1288 1804 1360 1838 fidei
1385 1805 1517 1849 hostes),
1545 1809 1574 1840 et
1598 1806 1724 1841 faculta-

268 1861 312 1890 tes
337 1867 373 1890 ea
398 1856 554 1900 exigendi,
580 1857 631 1897 1113
657 1858 822 1892 facultates
858 1868 985 1902 quoque
1008 1858 1204 1902 percipiendi
1236 1858 1374 1902 pretium
1398 1858 1577 1893 officiorum
1604 1870 1719 1894 vacan-

267 1909 355 1952 tium,
381 1910 470 1951 abida
499 1910 618 1944 indulta
643 1911 1014 1955 superviventiae‚18a·‚
1037 1912 1179 1945 diversae
1203 1911 1365 1946 facultates
1383 1922 1400 1945 a
1418 1912 1567 1947 Romanis
1591 1913 1721 1948 Pontifi-

268 1963 355 1998 cibus
378 1974 435 2008 per
452 1965 540 1998 vivae
556 1964 641 1999 vocis
655 1966 819 1999 oraculum
842 1966 889 1999 vel
915 1966 1070 2011 rescripta
1095 1976 1272 2007 concessae,
1290 1966 1356 2001 314
1372 1967 1409 2006 b;
1427 1966 1548 2001 scilicet
1572 1967 1720 2001 audiendi

267 2017 480 2051 confessiones
505 2018 686 2053 inconsulto
710 2019 888 2060 Ordinario‚
913 2019 1095 2054 absolvendi
1120 2031 1138 2054 a
1162 2020 1287 2054 casibus
1311 2021 1490 2061 reservatis,
1522 2021 1680 2055 eximendi
1703 2033 1721 2055 a

266 2069 573 2114 denunciationibus,
598 2072 705 2105 utendi
726 2072 927 2107 facultatibus
950 2074 1151 2118 specialibus,
1178 2073 1339 2107 relaxandi
1372 2073 1560 2114 iuramenta,
1594 2074 1721 2119 dispen-

266 2124 355 2158 sandi
380 2129 461 2167 vota,
486 2126 689 2170 dispensandi
714 2137 811 2171 super
826 2127 1076 2171 irregularitate,
1102 2127 1148 2160 vel
1167 2126 1395 2171 impedimento
1412 2126 1450 2159 ad
1469 2127 1718 2170 matrimonium,

266 2177 485 2211 convalidandi
512 2179 619 2213 titulos
641 2179 885 2221 beneficiorum,
912 2180 1094 2214 celebrandi
1121 2180 1246 2214 missam
1274 2180 1304 2213 in
1328 2180 1477 2225 portatili,
1495 2186 1569 2222 etca,
1593 2181 1719 2225 dispen-

265 2231 353 2266 sandi
378 2243 395 2265 a
420 2232 606 2267 recitatione
630 2233 738 2274 officii,
763 2233 828 2268 3¹15
853 2245 873 2268 a
899 2238 929 2268 et
952 2245 1015 2279 seq.

176 2284 302 2319 Riarius
326 2286 494 2321 cardinalis
519 2287 594 2321 olim
620 2288 758 2332 praefuit
782 2288 943 2322 Ecclesiae
968 2287 1132 2330 Aretinae‚
1158 2287 1216 2321 1141
1247 2288 1274 2320 b.

177 2338 287 2374 Ruffus
309 2339 478 2374 cardinalis
502 2341 639 2375 Thomas
664 2341 921 2376 constitutionem
938 2352 996 2386 pro
1013 2341 1187 2376 directione
1205 2339 1370 2385 regiminis
1388 2340 1519 2376 archivii
1538 2340 1717 2376 Bononien-

265 2393 307 2428 sis
332 2393 487 2430 limitibus
511 2395 758 2439 circumscribit,
784 2395 849 2431 265
874 2406 904 2430 α.

939 2513 959 2546 S

177 2608 291 2644 Sacrae
314 2608 465 2645 Familiae
489 2610 559 2645 lesu
583 2610 696 2646 Christi
722 2611 932 2657 Congregatio
949 2616 1035 2645 extra
1059 2621 1167 2645 muros
1184 2610 1316 2644 civitatis
1333 2609 1558 2655 Neapolitanae
1578 2609 1717 2651 fundata,

265 2662 330 2698 388
354 2675 374 2698 a
400 2669 429 2698 et
452 2664 484 2705 b3
510 2664 600 2699 cuius
624 2666 832 2711 praecipuum
857 2665 1033 2700 institutum
1059 2670 1105 2698 est
1129 2664 1273 2698 educatio
1302 2663 1503 2698 alumnorum
1538 2664 1716 2698 Sinensium

265 2720 295 2752 et
319 2717 468 2752 Indorum
493 2729 552 2762 pro
577 2718 715 2753 scientiis
740 2718 954 2759 addiscendis,
977 2718 1195 2763 amplectendo
1216 2722 1297 2752 statu
1318 2717 1543 2763 presbyterali,
1569 2727 1604 2753 ac
1628 2727 1661 2754 sa
1681 2727 1715 2753 se
1764 2718 1772 2730 '

317 2781 393 2809 Ball.
410 2781 493 2810 Rom.
573 2782 632 2811 Vol.
650 2782 756 2810 XXIII.
921 2782 954 2807 83
