2182 3137
482 290 543 322 058
1028 299 1203 322 ntittsitutzu
1231 299 1382 322 nummu

524 352 673 398 parandis
698 352 735 385 ad
761 351 1006 397 praedicandum
1032 351 1063 384 in
1089 361 1197 385 cortun
1224 350 1404 394 regionibus
1429 350 1651 394 Evaiigelium,
1676 352 1770 393 ibid.;
1796 353 1863 387 eius
1888 364 1970 399 capi·

525 407 594 440 talia
620 412 650 440 et
674 405 806 440 directio
830 415 893 438 non
918 405 1093 449 dependent
1118 415 1135 437 a
1159 404 1409 448 Congregatione
1435 403 1647 438 Cardinalium
1673 405 1768 440 rebus
1792 405 1830 439 de
1854 407 1969 452 Propa-

521 461 624 504 ganda
648 460 724 494 Fide
747 459 1021 504 praepositorum,
1046 458 1110 491 389
1134 469 1165 491 (ι.

432 516 517 550 Sacri
543 516 662 559 Specus
686 513 913 548 monasterium
949 523 1049 556 prope
1084 511 1275 552 Sublacuin,
1299 512 1363 545 308
1392 522 1431 551 α;
1463 511 1530 545 eius
1555 511 1646 554 origo
1678 518 1708 546 et
1733 513 1831 547 multa
1855 513 1970 549 decora

522 574 724 609 enarrantur,
749 566 813 600 :309
838 578 858 601 α
883 573 913 599 et
936 578 1010 610 qu.;
1033 566 1219 600 donationes
1245 567 1272 600 ei
1297 567 1412 609 sactae⁷
1438 565 1502 598 att]
1521 565 1538 598 b
1562 571 1592 599 et
1616 577 1690 610 seq.;
1716 567 1808 611 plura
1827 578 1886 612 pro
1903 569 1970 603 eius

513 622 668 665 regimine
692 624 883 659 statuuntur,
907 619 967 653 att
997 621 1013 651 b
1030 626 1060 653 et
1075 632 1139 664 seq.

433 679 564 711 Sacrum
591 675 760 718 collegium
785 674 1010 714 cardinalium,
1035 674 1106 707 ride
1129 673 1318 707 Cz‘iulinalcs.

433 730 644 765 Salamantina
668 728 856 762 universitas
880 727 946 761 ί,204
969 738 1004 768 α;
1031 727 1113 760 illius
1138 727 1302 771 privilegia
1322 726 1515 761 Cerrariensi
1536 736 1661 770 quoque
1681 727 1875 765 universitati
1896 739 1970 762 con-

521 783 682 825 ceduntur,
710 782 782 815 ibid.

431 837 559 882 Satyrus
583 837 647 881 (Β.)
673 836 795 880 primus
819 835 969 868 ecelesiae
994 834 1139 867 Aretinae
1163 833 1307 875 antistes,
1339 833 1397 866 140
1422 833 1450 867 b.

431 891 583 925 Saxoniae
608 890 766 935 principes
790 894 819 922 et
834 889 960 932 populi,
985 887 1051 920 tit
1076 887 1111 927 b3
1137 897 1246 920 eorum
1272 886 1310 919 ad
1334 886 1493 920 Ecclesiae
1517 887 1674 930 gremium
1700 888 1840 923 reversio
1864 899 1971 934 spera-

518 945 630 986 batur,
656 943 745 983 ibttt.;
771 942 810 975 ad
834 941 995 975 obstacula
1021 940 1210 974 removenda
1235 940 1436 974 dimittuntur
1459 940 1543 974 bona
1567 941 1778 976 ecclesiastica
1802 942 1970 978 haereticis

518 997 753 1042 possessoribus
777 995 815 1028 ad
841 995 1010 1028 Ecclesiam
1037 995 1173 1028 reversis
1198 995 1245 1027 vel
1271 994 1461 1035 reversuris,
1487 994 1552 1028 415
1576 1006 1595 1028 a
1621 1000 1651 1028 ct
1675 1006 1737 1039 seq,

428 1052 560 1085 Scliolac
585 1050 790 1093 theologicae.
817 1068 858 1072 —
885 1048 1080 1091 praecipitur
1104 1057 1143 1081 ne
1168 1047 1238 1091 quis
1263 1051 1369 1079 notam
1388 1051 1440 1079 aut
1458 1056 1623 1080 censuram
1642 1047 1737 1081 ullam
1757 1048 1969 1093 theologicam

518 1104 748 1138 catholicorum
766 1102 882 1135 scliolis
901 1102 1024 1135 diversa
1049 1101 1079 1133 in
1105 1100 1291 1144 explicanda
1316 1100 1438 1133 divinae
1463 1101 1582 1144 gratiae
1600 1102 1740 1136 efficacia
1763 1104 1971 1138 sentientibus

519 1158 657 1197 inurere,
682 1161 734 1189 aut
759 1166 866 1188 earum
891 1155 1061 1188 sententias
1086 1154 1285 1188 contumeliis
1310 1154 1466 1188 incessere
1483 1154 1609 1196 audeat,
1634 1155 1697 1189 542
1722 1157 1748 1189 b.

430 1211 608 1256 Scliolopii‚
632 1210 702 1243 vide
725 1208 935 1252 Congregatio
961 1208 1136 1252 pauperum
1162 1208 1268 1241 Matris
1294 1208 1346 1241 Dei
1371 1208 1551 1242 scholarum
1576 1209 1713 1253 piarum.

430 1265 603 1299 Seminaria
628 1275 686 1308 pro
711 1263 905 1307 presbyteris
928 1273 984 1295 seu
1009 1261 1132 1295 clericis
1156 1261 1370 1295 saecularibus
1406 1262 1559 1306 operariis
1595 1264 1782 1309 nuncupatis
1807 1265 1838 1298 in
1864 1266 1968 1310 pluri-

518 1320 576 1352 bus
600 1317 769 1362 Hispaniae
793 1315 988 1349 dioecesibus
1014 1315 1190 1360 eriguntur,
1216 1314 1279 1347 *2922
1304 1326 1342 1355 (⁶3
1371 1314 1556 1348 eorumdem
1582 1316 1670 1359 leges
1695 1318 1884 1361 reseruntur,
1905 1319 1969 1354 203

519 1385 537 1406 α
562 1377 592 1405 et
615 1382 689 1416 seq.;
714 1381 793 1415 quae
819 1369 1059 1410 confirmantur,
1083 1368 1148 1402 305
1172 1369 1188 1401 b
1213 1372 1242 1403 et
1264 1380 1324 1412 seq.

430 1427 587 1468 Servitae‚
613 1426 683 1459 vide
707 1425 834 1457 Fratres
857 1423 945 1458 Servi
971 1423 1002 1456 B.
1024 1423 1060 1455 M.
1086 1422 1224 1465 Virginis

430 1481 616 1524 Signaturae
641 1478 776 1512 iustitiae
802 1481 958 1519 votanteS‚
984 1478 1054 1510 vide
1081 1476 1236 1509 Volantes.

430 1533 607 1567 Sinensium
633 1538 663 1565 et
686 1532 837 1564 ludorum
862 1530 1093 1575 neophytorum
1118 1530 1295 1563 educationi
1321 1530 1487 1573 collegium
1513 1532 1626 1566 Sacrae
1651 1532 1801 1568 Familiae
1825 1536 1970 1580 Neapolis

518 1587 703 1631 deputatur,
728 1584 793 1618 :388
818 1596 838 1618 a
863 1589 891 1619 et
915 1596 995 1629 seq.;
1024 1585 1122 1629 ipsius
1145 1595 1162 1618 a
1187 1584 1438 1629 Congregatione
1462 1585 1501 1619 de
1527 1586 1733 1631 Propaganda
1758 1588 1832 1622 Fide
1864 1600 1971 1623 exent-

519 1640 585 1684 ptio
609 1639 673 1673 389
697 1650 729 1673 a.

429 1694 567 1729 Societas
590 1694 670 1727 lesu.
695 1711 743 1735 —p
762 1692 872 1726 Clerici
899 1693 1060 1735 regulares
1084 1692 1249 1726 Societatis
1282 1693 1350 1726 lesu
1376 1691 1586 1726 universitatis
1610 1694 1703 1727 studii
1734 1696 1891 1739 generalis
1915 1707 1971 1731 scu

517 1746 661 1791 publicae
685 1745 865 1779 academiae
890 1745 1043 1779 Vilnensis
1068 1755 1176 1779 curam
1201 1751 1346 1788 gerentes
1370 1746 1442 1779 lites
1467 1752 1593 1780 movent
1617 1747 1740 1782 clericis
1769 1749 1971 1792 regularibus

518 1810 536 1832 a
552 1799 674 1833 Scholis
699 1799 759 1832 Piis
782 1798 985 1842 nuncupatis,
1005 1799 1245 1842 praetendentes
1269 1799 1385 1832 nemini
1411 1800 1506 1834 licere
1531 1806 1619 1834 extra
1644 1801 1786 1835 eamdem
1813 1804 1970 1838 universi-

518 1858 613 1885 tatem
639 1851 862 1885 eminentiores
887 1851 1068 1895 disciplinas
1094 1851 1216 1885 tradere
1241 1851 1505 1895 adolescentibus,
1526 1853 1589 1888 507
1614 1865 1654 1895 a,·
1678 1855 1773 1889 Sacra
1792 1856 1971 1901 Congrega-

519 1905 561 1940 tio
586 1905 728 1938 decernit
752 1904 782 1938 id
807 1904 960 1949 Scolopiis
985 1905 1098 1947 licere,
1120 1905 1182 1939 507
1208 1906 1243 1947 b3
1269 1906 1383 1941 iterum
1409 1907 1541 1942 Iesuitae
1558 1907 1603 1941 liti
1627 1908 1791 1953 insistunt,
1813 1909 1877 1943 509
1900 1911 1917 1943 b
1940 1917 1972 1945 et

515 1969 593 2003 seq.;
618 1958 763 1992 Clemens
788 1957 841 1991 Xll
865 1958 905 1991 ad
929 1967 961 1991 se
987 1968 1113 1991 causam
1138 1964 1248 1993 avocat
1272 1965 1302 1993 et
1324 1971 1456 2006 prorsus
1481 1962 1653 2006 extinguit,
1679 1962 1738 1996 5211
1766 1964 1783 1998 b
1807 1967 1838 1999 et
1859 1975 1922 2009 seq.

429 2012 599 2047 Somascha
625 2011 690 2056 (de)
716 2011 942 2056 (long-rogatio,
967 2013 1036 2046 vide
1059 2011 1278 2057 Congregatio.

1188 2174 1211 2207 T

426 2281 671 2315 Tarraconensis
696 2281 883 2315 universitas
907 2281 1101 2316 Cervariensi
1127 2281 1256 2323 unitur,
1280 2281 1344 2315 6,ΖΟΕΖ
1369 2282 1386 2316 b
1411 2287 1441 2317 et
1464 2293 1526 2328 seq.

427 2335 548 2368 Telaria
565 2345 626 2376 ars,
644 2335 737 2378 vulgo
754 2335 802 2368 εἶθ’
821 2335 1013 2379 Tocagstiari,
1032 2336 1190 2370 Bononiae
1208 2336 1357 2377 instituta,
1376 2336 1434 2370 531
1456 2337 1493 2378 bg
1510 2337 1581 2372 vide
1598 2337 1823 2374 Universitates
1840 2339 1967 2374 artium.

428 2389 670 2422 Terraesanctae
695 2389 896 2422 necessitates
921 2389 968 2422 bis
993 2389 1024 2421 in
1049 2400 1132 2423 anno
1156 2390 1274 2434 populo
1300 2395 1514 2434 exponantur,
1541 2389 1605 2424 0285
1630 2392 1647 2424 b
1672 2395 1702 2427 et
1726 2402 1788 2437 seq.

428 2441 522 2474 Tertii
548 2441 673 2474 Ordinis
697 2442 725 2475 S.
754 2441 932 2483 Francisci,
956 2443 1026 2475 victe
1052 2442 1177 2476 Fratres
1201 2442 1296 2476 Tertii
1322 2442 1447 2476 Ordinis
1471 2443 1502 2478 S.
1531 2443 1702 2478 Francisci.

429 2493 524 2526 Tertii
550 2494 676 2528 Ordinis
702 2494 871 2528 Servorum
897 2494 928 2528 B.
949 2496 985 2528 M.
1006 2496 1037 2528 V.
1057 2495 1086 2528 in
1108 2495 1253 2537 Brasilia,
1278 2496 1350 2530 vide
1374 2497 1498 2530 Fratres
1522 2497 1617 2531 Tertii
1642 2498 1768 2532 Ordinis
1787 2498 1967 2533 Servorum.

429 2546 627 2580 Tbeobaldus
651 2548 746 2581 frater
771 2548 922 2582 Bonisaeii
947 2549 1141 2583 marchionis
1166 2549 1305 2591 Tusciae,
1322 2550 1421 2594 patris
1439 2550 1616 2585 comitissae
1632 2551 1774 2594 Matildis,
1794 2553 1912 2597 optime
1930 2553 1969 2587 de

515 2600 655 2633 Romana
681 2603 710 2634 et
735 2601 862 2634 Aretina
887 2602 1026 2636 Ecclesia
1052 2603 1200 2644 meritae,
1226 2604 1370 2638 Aretinus
1395 2604 1564 2649 episcopus
1589 2610 1797 2649 memoratur,
1822 2606 1882 2640 141
1911 2617 1944 2641 a.
1968 2635 1971 2637 .

427 2652 597 2695 Theologia
623 2653 792 2697 catholiea,
818 2656 890 2688 vide
913 2655 1045 2689 Scholae
1071 2656 1279 2700 theologicae.

426 2705 602 2747 Trinitarii‚
628 2708 697 2741 vide
722 2707 847 2742 Fratres
873 2708 923 2742 SS.
944 2709 1103 2744 Trinitatis
1128 2709 1364 2755 Redemptionis
1391 2712 1607 2757 Captivorum.
