2182 3137
85 251 136 280 An.
156 252 186 279 C.
210 250 278 278 1733

86 314 161 335 lisdem
177 313 268 333 decretis

321 300 336 344 §
362 299 393 333 2.
420 299 497 334 Cum
524 304 644 340 autem,
672 299 753 333 sicut
778 298 892 333 eadem
918 309 1018 343 expo-

86 341 148 361 r·›t·ur
175 339 267 360 aurbu-i·
298 353 303 358 .

86 367 134 387 tatis
167 367 266 391 apostuli-

86 400 122 415 cau
138 393 245 414 adiicitur.

103 1972 223 1994 clausulae.

277 353 352 386 sitio
374 353 604 396 subiungebat,
622 353 808 396 praedictus
830 352 1016 385 Vincentius

276 407 466 450 praemissa,
492 417 556 450 quo
583 406 705 439 firmius
730 406 916 445 subsistant,
943 417 1016 450 apo-

276 460 410 494 stolicae
425 459 677 493 confirmationis
691 466 819 493 nostrae
833 460 1016 503 patrocinio

276 514 469 547 communiri
490 524 698 557 summopere
724 514 906 547 desideret:
941 524 1014 554 nos,

274 568 379 611 ipsum
406 568 609 601 Vincentium
635 567 827 611 specialibus
857 567 1016 601 favoribus

275 628 307 655 et
327 622 438 665 gratiis
470 622 625 666 prosequi
650 623 807 661 volentes,
835 632 973 665 eumque
999 632 1016 654 a

274 675 442 718 quibusvis
461 674 815 714 excommunicationis,
830 675 1016 718 suspensio-

274 728 324 761 nis
348 733 379 761 et
409 728 589 769 interdicti,
616 728 753 771 aliisque
784 727 1015 761 ecclesiasticis

273 783 453 823 sententiis,
472 782 618 815 censuris
639 787 672 814 et
689 781 816 825 poenis,
835 792 852 814 a
877 781 946 815 iure
964 783 1013 815 vel

273 836 313 869 ab
339 836 484 875 homine,
504 835 614 879 quavis
639 835 812 868 occasione
838 836 886 868 vel
919 838 1016 869 causa

272 889 356 930 latis,
373 890 398 922 si
424 889 541 933 quibus
567 888 815 932 quomodolibet
840 888 1013 923 innodatus

273 944 390 984 existit,
408 944 447 976 ad
472 942 620 976 effectum
645 942 865 986 praesentium
891 943 1015 977 dumta-

272 1002 323 1030 xat
349 997 632 1041 consequendum,
660 997 774 1029 harum
801 997 886 1030 serie
912 997 1014 1031 absol-

271 1056 385 1084 ventes
404 1057 435 1084 et
453 1051 635 1084 absolutum
651 1050 722 1084 sore
742 1057 922 1093 censentes,
938 1062 1014 1095 sup-

271 1104 507 1149 plicationibus
537 1104 607 1138 eius
633 1105 767 1138 nomine
793 1105 887 1137 nobis
917 1116 1014 1149 super

272 1159 336 1193 hoc
375 1158 543 1192 humiliter
578 1159 738 1202 porrectis
779 1158 948 1199 inclinati,
975 1160 1013 1193 dc

271 1212 508 1246 venerabilium
532 1213 665 1245 fratrum
684 1218 870 1246 nostrorum
895 1213 1011 1247 S.R.E.

271 1266 487 1300 cardinalium
513 1266 655 1310 negotiis
675 1272 706 1299 et
723 1266 1012 1301 consultationibus

272 1320 501 1365 episcoporum
531 1326 562 1353 et
583 1320 782 1363 regularium
809 1321 1014 1364 praeposito-

270 1385 343 1407 rum
369 1373 515 1414 consilio,
546 1373 749 1417 praeinserta
782 1373 933 1414 decreta,
961 1385 1015 1407 ex·

270 1428 464 1473 peditasque
508 1428 649 1471 desuper
695 1432 842 1471 patentes
888 1427 1013 1462 litteras

270 1482 466 1526 praedictas,
482 1481 673 1514 auctoritate
692 1481 881 1525 apostolica,
900 1486 1013 1516 tenore

269 1535 501 1580 praesentium,
527 1533 754 1568 confirmamus
786 1541 817 1568 ct
853 1536 1013 1579 approba-

271 1600 350 1630 mus,
377 1589 492 1633 illique
521 1588 715 1622 inviolabilis
740 1589 935 1632 apostolicae
961 1589 1013 1622 sir—

269 1643 390 1677 mitatis
415 1643 517 1676 robur
549 1642 740 1683 adiicimus,
775 1653 811 1675 ac
835 1653 948 1676 omnes
981 1649 1013 1677 et

270 1697 415 1741 singulos
441 1696 519 1730 iuris
554 1701 586 1730 et
611 1697 684 1729 sacti
718 1697 875 1738 desectus,
900 1698 954 1741 qui
978 1698 1011 1731 in

268 1750 453 1795 praemissis
479 1750 727 1794 quomodolibet
751 1750 1009 1793 intervenerunt,

269 1806 476 1849 supplemus;
495 1806 579 1838 salva
598 1809 704 1838 tamen
722 1815 851 1848 semper
867 1805 899 1838 in
918 1817 1011 1849 prae-

268 1859 373 1892 missis
407 1858 600 1892 auctoritate
637 1864 834 1892 memoratae
867 1859 1011 1903 Congre-

271 1913 409 1956 gationis
434 1912 661 1946 cardinalium.

314 1966 328 2010 ξ
352 1966 383 2000 3.
407 1966 640 2006 Decernentes,
661 1966 791 2000 casdem
816 1973 1009 2010 praesentes

270 2021 394 2053 litteras
420 2019 549 2060 sirmas,
575 2019 694 2053 validas
720 2025 751 2053 et
776 2021 921 2055 efficaces
947 2023 1011 2056 exi-

270 2079 354 2107 stere
373 2078 404 2107 et
420 2073 500 2113 sore,
521 2083 663 2117 suosque
684 2074 849 2117 plenarios
874 2080 906 2108 et
929 2075 1011 2110 inte-

270 2138 344 2171 gros
364 2126 495 2160 effectus
513 2127 621 2160 sortiri
643 2131 675 2160 et
691 2127 858 2169 obtinere,
880 2138 915 2161 ac
936 2129 1010 2169 illis,

269 2182 307 2215 ad
333 2192 414 2225 quos
437 2186 560 2225 spectat
578 2186 609 2214 et
629 2191 687 2225 pro
714 2186 861 2225 tempore
886 2188 1010 2226 specta-

268 2235 330 2275 bit,
350 2234 382 2268 in
401 2234 552 2268 omnibus
575 2239 606 2268 et
622 2245 681 2278 per
698 2235 806 2268 omnia
823 2235 1009 2279 plenissime

268 2288 444 2332 suffragari,
472 2294 504 2321 et
527 2289 566 2321 ab
594 2289 640 2322 cis
666 2289 847 2332 respective
874 2289 1010 2323 inviola-

267 2342 377 2375 biliter
401 2341 591 2381 observari,
619 2342 729 2385 sicque
755 2342 786 2374 in
820 2342 1009 2385 praemissis

268 2407 326 2440 per
358 2406 575 2440 quoscumque
612 2395 738 2429 iudices
772 2396 955 2431 ordinarios
981 2403 1011 2430 et

269 2451 454 2492 delegatos,
481 2450 577 2482 etiam
604 2460 774 2483 causarum
800 2451 911 2494 palatii
937 2462 1011 2494 apo-

268 2502 373 2536 stolici
406 2501 583 2543 auditores
600 2502 736 2536 iudicari
759 2508 792 2536 et
812 2504 939 2537 definiri
958 2504 1010 2537 de-

267 2557 355 2598 here,
382 2567 418 2590 ac
442 2556 569 2589 irritum
596 2562 626 2589 et
647 2557 743 2590 inane
761 2556 786 2590 si
804 2568 897 2591 secus
914 2568 1010 2602 super

268 2611 320 2645 his
338 2622 356 2644 a
374 2621 544 2655 quoquam,
557 2611 668 2655 quavis
687 2612 888 2654 auctoritate,
904 2613 1010 2646 scien-

268 2671 317 2700 ter
340 2666 390 2699 veI
414 2665 611 2709 ignoranter,
638 2666 816 2710 contigerit
839 2667 1006 2701 attentari.

354 2729 436 2759 Butl.
451 2731 534 2760 Rom.
553 2745 588 2752 -·
608 2731 671 2759 Vol.
688 2730 797 2759 XXIII.
943 2731 978 2758 62

897 250 1039 275 CLEMENS
1066 251 1108 275 ΧΠ
1132 252 1181 276 ΓΡ.

1105 300 1119 343 5
1145 300 1176 333 4.
1204 299 1272 334 Non
1291 300 1497 335 obstantibus
1516 300 1802 335 constitutionibus

1062 359 1094 386 et
1125 354 1385 388 ordinationibus
1415 356 1603 399 apostolicis
1621 384 1628 397 ‚
1655 366 1804 397 necnon,

1062 413 1219 450 quatenus
1245 418 1324 451 opus
1351 409 1402 449 sit,
1419 409 1602 453 provinciae
1624 415 1655 443 et
1672 410 1801 444 Ordinis

1061 461 1311 504 praedictorum,
1343 462 1439 495 etiam
1468 463 1661 503 iuramento,
1688 463 1803 496 contir-

1061 513 1204 547 matione
1229 515 1417 558 apostolica,
1436 517 1485 549 vel
1515 516 1624 560 quavis
1650 516 1801 550 firmitate

1061 566 1122 600 alia
1146 567 1326 608 roboratis,
1352 569 1475 601 statutis
1501 575 1532 602 et
1559 570 1802 603 consuetudini—

1060 620 1132 660 bus,
1161 620 1337 664 privilegiis
1363 632 1505 665 quoque,
1532 622 1665 656 indultis
1696 629 1728 657 et
1752 624 1802 657 lit-

1061 673 1136 707 teris
1171 674 1359 717 apostolicis
1397 675 1429 707 in
1466 677 1666 709 contrarium
1709 688 1802 721 prae-

1059 727 1235 761 missorum
1260 728 1508 772 quomodolibet
1531 730 1704 771 concessis,
1724 741 1802 764 con-

1059 781 1192 814 firmatis
1225 786 1256 814 et
1286 782 1470 822 innovatis,
1499 782 1615 826 quibus
1650 783 1800 816 omnibus

1060 839 1089 869 et
1106 835 1249 878 singulis,
1269 835 1400 868 illorum
1429 841 1559 869 tenores
1577 837 1802 879 praesentibus

1058 899 1118 933 pro
1151 890 1246 933 plene
1280 894 1311 923 et
1343 889 1543 923 sufficienter
1574 890 1734 934 expressis
1765 902 1802 924 ac

1059 944 1097 977 ad
1122 944 1256 977 verbum
1281 943 1411 977 insertis
1438 943 1606 983 habentes,
1633 944 1696 977 illis
1723 945 1802 978 alias

1058 998 1091 1030 in
1116 1008 1174 1031 suo
1208 998 1326 1031 robore
1365 998 1610 1041 permansuris,
1637 998 1676 1031 ad
1714 1009 1801 1042 prae-

1059 1052 1232 1085 missorum
1258 1051 1421 1092 effectum,
1449 1051 1510 1084 bac
1535 1051 1601 1085 vice
1625 1051 1800 1093 dumtaxat,

1058 1105 1243 1149 specialiter
1267 1111 1299 1138 et
1323 1115 1475 1149 expresse
1501 1105 1694 1148 derogamus
1715 1117 1722 1146 ;
1750 1116 1801 1139 ce-

1059 1158 1201 1202 terisque
1227 1159 1398 1192 contrariis
1420 1158 1696 1202 quibuscumque.

1102 1213 1214 1246 Datum
1237 1213 1368 1251 Romae,
1394 1213 1477 1256 apud
1502 1212 1532 1246 S.
1550 1212 1680 1246 Mariam
1705 1213 1801 1246 Maio-

1058 1277 1147 1307 rem,
1174 1267 1233 1300 sub
1269 1267 1390 1299 annulo
1428 1265 1621 1306 piscatoris,
1647 1266 1699 1300 die
1735 1276 1800 1301 xvu

1058 1320 1164 1353 martii
1201 1329 1408 1360 uoccxxxtu,
1454 1319 1661 1364 pontificatus
1697 1320 1799 1354 nostri

1059 1385 1144 1408 anno
1171 1385 1220 1409 111.

1093 1437 1150 1464 Dat.
1172 1436 1215 1464 die
1237 1438 1267 1465 17
1289 1436 1379 1464 martii
1402 1436 1479 1470 1733,
1497 1436 1594 1472 pontis.
1612 1444 1685 1465 anno
1707 1443 1745 1465 111.

1370 1490 1402 1523 F.
1429 1491 1517 1524 card.
1545 1491 1729 1526 Otirffluus.

1333 1644 1521 1678 LXXXVIII.

1058 1715 1298 1749 Praescribitur
1332 1716 1447 1750 modus
1484 1717 1696 1760 imposterum
1728 1728 1801 1751 ser-

1099 1770 1225 1803 vandus
1250 1770 1285 1803 in
1310 1770 1517 1814 deputatione
1533 1771 1722 1814 officialium
1741 1772 1801 1806 Cu-

1099 1824 1169 1857 riae
1192 1825 1336 1867 fratrum
1356 1824 1524 1858 Minorum
1541 1825 1646 1858 sancti
1662 1825 1800 1859 Franci-

1098 1879 1144 1911 δεῖ
1165 1878 1203 1911 cle
1222 1878 1445 1918 Obseruantia,
1466 1889 1503 1911 ac
1521 1879 1795 1922 Reformatorum,

1098 1933 1365 1966 Etvcatceatoram
1383 1937 1411 1966 et
1427 1933 1680 1966 Recollectorum
1693 1933 1724 1967 F
1723 1944 1799 1967 ran-

1098 1987 1177 2025 ciae,
1201 1987 1237 2019 in
1255 1986 1360 2019 locum
1380 1986 1575 2029 officialium
1597 1987 1797 2027 huiusmodi,

1098 2039 1280 2072 cedentium
1319 2039 1369 2072 vel
1404 2039 1626 2073 decedentium
1657 2040 1798 2074 durante

1101 2097 1239 2136 tempore
1264 2103 1394 2126 suoram
1420 2093 1613 2137 officiorum.

1275 2175 1408 2202 Clemens
1430 2175 1510 2209 Papa
1531 2175 1595 2209 xu,

1192 2219 1228 2246 ad
1249 2219 1385 2246 futuram
1404 2219 1449 2247 rei
1469 2220 1656 2248 memoriam.

1098 2291 1112 2333 ἓ
1140 2291 1168 2323 1.
1188 2290 1277 2334 Cum,
1295 2290 1377 2324 sicut
1402 2302 1462 2335 pro
1488 2296 1578 2336 parte
1605 2293 1713 2327 dilecti
1736 2293 1794 2327 filii

1055 2344 1192 2377 ministri
1220 2345 1384 2387 generalis
1409 2345 1537 2379 Ordinis
1570 2347 1704 2381 fratrum
1742 2348 1796 2381 Mi-

1055 2408 1170 2431 norum
1196 2398 1296 2431 sancti
1322 2398 1486 2432 Francisei
1513 2400 1552 2432 de
1583 2399 1796 2435 Observantia

1054 2456 1316 2495 nuncupatorum
1343 2452 1438 2485 nobis
1469 2463 1576 2496 nuper
1612 2455 1794 2498 expositum

1054 2505 1123 2546 suit,
1149 2505 1234 2539 inter
1258 2506 1335 2539 alias
1372 2506 1595 2541 ordinationes
1632 2510 1794 2543 communi

1055 2559 1151 2592 totius
1176 2559 1305 2593 Ordinis
1330 2560 1487 2604 praedicti
1509 2571 1671 2596 consensu
1691 2563 1794 2597 editas

1054 2612 1085 2645 in
1119 2613 1294 2646 novissimo
1322 2613 1463 2658 capitulo
1496 2615 1641 2658 generali
1673 2616 1794 2650 Medio-

1052 2666 1116 2700 lani
1135 2666 1265 2709 habito‚
1283 2667 1450 2703 decretum
1469 2669 1580 2712 suerit,
1600 2670 1791 2716 supplican-

1696 241 1761 277 489
1807 250 1860 279 An.
1877 251 1906 279 c.
1930 252 1997 281 1733

1882 313 1997 339 Derogatio

1813 343 1975 362 contrariorum.

1834 2303 1893 2325 facti
1915 2304 1990 2327 seriee.
