2182 3137
185 249 238 272 An.
259 246 290 271 C.
310 246 376 273 ¹732

214 994 295 1015 Sacrae
319 994 371 1015 Con*

186 1022 317 1046 gregationis
336 1022 371 1042 de-

188 1050 276 1069 eretum.

223 2482 370 2505 Coum-matur.

422 238 487 270 402

382 305 452 327 rum
478 295 659 328 catholicus
697 301 729 328 et
765 296 983 328 Ronmanorum
1010 305 1063 328 rex
1090 295 1122 327 in

381 348 613 390 imperatorem
639 349 761 382 electus
786 354 928 381 mentem
954 358 1045 381 suam
1071 358 1123 381 su-

381 411 440 444 per
477 401 661 444 praemissis
696 402 942 441 declaraverat,
968 402 1123 444 quemad—

382 453 513 486 modum
550 464 586 486 ex
623 454 783 487 relatione
818 457 858 486 ad
895 454 1028 487 eosdem
1055 464 1124 487 car—

382 506 506 539 dinales
540 507 730 539 transmissa
762 518 780 539 a
810 506 990 539 venerabili
1023 507 1122 540 fratre

382 558 549 591 Dominico
588 559 837 602 archiepiscopo
877 559 1045 602 Ephesino
1083 560 1122 592 ad

382 613 532 644 eumdem
568 612 715 645 Carolum
741 623 851 655 regem
884 618 915 645 et
946 612 1123 655 imperato-

383 676 451 697 rem
471 667 611 698 electum
631 671 742 698 nostro
760 672 792 699 et
809 665 1016 709 Apostolicae
1030 666 1121 698 Sedis

382 718 525 757 nuncio,
560 719 614 760 qui
640 718 672 750 in
699 719 813 751 faciem
840 718 902 752 loci
930 718 1024 750 huius
1049 718 1123 751 divi-

383 771 485 804 sionis
518 772 746 805 necessitatem
783 772 938 816 agnovit,
975 778 1122 804 constare

383 825 570 858 dicebatur:
608 827 768 858 emanavit
803 838 821 858 a
858 825 1023 868 praedicta
1046 825 1124 857 Con-

382 878 573 919 gregatione
608 879 820 911 cardinalium
846 880 1012 911 decretum
1039 883 1123 911 teno-

384 931 427 963 ris
449 933 502 974 qui
528 933 682 974 sequitur,
709 932 879 964 videlicet:

423 987 510 1015 Sacra
534 986 726 1024 Congregatio
759 985 1063 1015 eminentissimorum
1095 989 1123 1014 et

383 1035 700 1064 reverendissimorum
733 1034 762 1064 S.
785 1034 820 1063 R.
847 1034 879 1063 Ε.
914 1033 1121 1070 cardinalium,

382 1083 510 1121 negotiis
532 1088 560 1113 et
582 1082 851 1113 consultationibus
872 1083 1079 1122 episcoporum
1095 1086 1123 1111 et

383 1132 561 1170 regularium
585 1131 763 1170 praeposita,
787 1132 895 1160 attenta
914 1131 1057 1160 relatione
1073 1140 1123 1170 pa-

383 1180 436 1209 tris
471 1180 598 1209 ministri
634 1179 781 1217 generalis
816 1178 958 1217 Ordinis,
997 1179 1124 1217 benigne

382 1229 535 1268 rescripsit
557 1238 609 1267 pro
631 1228 853 1267 approbatione,
871 1228 932 1258 sive
955 1237 1006 1267 pro
1028 1228 1124 1266 gratia

383 1277 537 1307 divisionis
561 1277 729 1316 provinciae
756 1277 835 1306 iuxta
859 1277 994 1315 modum,
1019 1286 1124 1316 nempe

384 1326 460 1366 quod
482 1326 587 1356 divisio
610 1326 660 1355 ssat
690 1335 791 1356 eorum
825 1325 1025 1356 tantummodo
1056 1335 1125 1356 con-

383 1380 536 1414 ventuum,
561 1375 661 1414 quide
679 1375 826 1413 praesenti
855 1375 1037 1404 constituunt
1059 1384 1125 1413 pro-

384 1425 510 1454 vinciam
549 1424 751 1461 Austriacam,
785 1424 942 1462 assignatis
983 1423 1041 1453 illis
1074 1424 1123 1463 qui

386 1477 454 1502 sunt
476 1473 552 1502 infra
574 1477 603 1502 et
633 1482 721 1511 supra
737 1473 866 1503 Anasum
898 1473 1072 1511 Austriacis‚
1096 1477 1125 1503 et

386 1521 606 1551 remanentibus
628 1522 734 1551 ceteris
757 1522 804 1551 cui
827 1522 984 1552 videlicet¹
999 1522 1125 1552 Moravis

386 1576 414 1600 et
435 1571 562 1601 Silesitis
595 1580 647 1610 pro
679 1571 774 1600 altera
797 1571 951 1609 provincia
972 1571 1123 1609 erigendzt.

385 1620 495 1650 Divisio
512 1629 580 1649 vero
599 1620 765 1649 huiusmodi
781 1620 912 1649 facienda
926 1624 1026 1650 tenore
1043 1630 1126 1659 prae-

387 1670 515 1698 sentium
539 1669 734 1698 committitur
757 1669 830 1708 patri
852 1669 983 1707 generali
1007 1678 1072 1698 cum
1096 1679 1126 1699 0-

387 1719 505 1748 mnibus
528 1719 702 1758 opportunis
725 1724 751 1749 st
774 1719 983 1749 nececessariis
1005 1719 1127 1749 faculta-

388 1768 484 1805 tibus,
509 1772 537 1797 et
560 1769 712 1806 signanter
744 1768 927 1798 convocandi
950 1768 978 1797 in
1002 1770 1125 1808 utraque

388 1817 539 1856 provincia
561 1816 700 1846 distincta
716 1817 856 1855 capitula,
882 1817 909 1845 in
930 1816 1039 1855 quibus
1056 1817 1125 1855 eligi

388 1865 536 1895 debebunt
558 1865 726 1904 superiores
750 1869 809 1895 tam
831 1866 1009 1895 custodiales
1037 1876 1124 1905 quain

387 1914 506 1950 locales,
530 1914 610 1943 iuxta
633 1914 861 1943 constitutiones
883 1913 1011 1951 Ordinis,
1029 1915 1127 1944 firma-

386 1963 423 1993 tis
440 1968 539 1993 tamen
562 1963 653 2002 prius,
676 1968 704 1993 et
720 1968 788 1993 ante
803 1963 975 1993 electionem
991 1964 1125 2003 superio-

386 2021 451 2042 rum
466 2035 473 2048 ,
497 2012 652 2049 assignatis
686 2012 898 2049 conventibus,
922 2018 951 2042 et
972 2012 1074 2042 divisis
1096 2013 1125 2042 in

387 2060 551 2098 custodias,
576 2070 689 2090 necnon
712 2061 877 2090 destinandi
895 2066 1056 2091 conventus
1075 2071 1126 2100 pro

387 2110 492 2140 studiis
516 2114 573 2139 tam
597 2110 807 2149 philosophicis
839 2119 925 2150 quam
949 2110 1127 2149 jtheologicis

388 2163 417 2189 et
439 2159 616 2195 moralibus,
641 2159 775 2198 quinimo
797 2169 849 2198 pro
873 2160 959 2189 unico
981 2160 1127 2191 novitiatu

388 2208 418 2237 in
442 2209 620 2248 unaquaque
643 2208 796 2247 provincia
817 2212 846 2238 et
870 2208 1068 2247 professoriiS,
1085 2208 1128 2238 iu-

388 2261 436 2287 xta
458 2257 676 2298 necessitatem..
714 2258 842 2295 Romae,
876 2258 922 2287 die
958 2266 1027 2287 xxm
1059 2258 1129 2288 maii

387 2315 557 2345 Moccxxxu,
575 2306 733 2336 cardinalis
750 2308 954 2337 Banssssiunus.
968 2307 1000 2336 F.
1015 2307 1129 2337 archie-

388 2355 525 2395 piscopus
547 2355 617 2386 Con.
641 2355 828 2385 secretarius.

467 2414 536 2443 Loco
557 2415 575 2451 †
597 2413 696 2451 sigilli.

433 2478 448 2520 ἓ
473 2477 504 2510 ⁶2.
532 2476 610 2509 Cum
636 2482 754 2516 autem,
779 2477 863 2509 sicut
891 2477 1047 2519 praedicti
1073 2477 1130 2509 sra-

391 2536 456 2562 tres
481 2530 575 2562 nobis
592 2530 729 2563 subinde
748 2529 866 2573 exponi
886 2530 1048 2570 fecerunt,
1068 2529 1128 2573 ipsi

973 248 1160 270 acmantum
1186 249 1343 272 ROMANUM

1166 296 1332 330 decretum
1359 298 1556 339 huiusmodi,
1578 310 1642 342 quo
1661 299 1783 332 firmins
1802 299 1906 332 subsi-

1165 355 1228 382 stat
1265 356 1296 383 et
1333 357 1477 384 servetur
1511 353 1676 390 exactius,
1704 353 1905 395 apostolicae

1165 403 1425 437 confirmationis
1451 410 1582 439 nostrae
1609 406 1794 448 patrocinio
1820 416 1908 438 com-

1165 456 1285 489 muniri
1303 468 1514 501 summopere
1528 459 1733 492 desiderent:
1751 469 1823 496 nos,
1837 469 1907 502 spe-

1166 509 1280 542 cialem
1314 510 1394 553 ipsis
1431 511 1674 554 exponentibus
1701 512 1836 554 gratiam
1863 512 1906 544 sa-

1165 573 1239 595 cere
1263 563 1418 601 volentes,
1446 570 1477 596 et
1502 575 1614 597 eornm
1632 565 1814 607 singulares
1836 576 1907 608 per-

1165 625 1260 648 sonas
1298 627 1315 648 a
1352 616 1519 658 quibusvis
1550 617 1904 657 excommunicationis,

1166 669 1394 712 suspensionis
1421 675 1453 702 et
1477 669 1666 708 interdicti,
1692 669 1830 713 aliisque
1856 680 1907 703 ec-

1166 721 1360 754 clesiasticis
1385 722 1569 761 sententiis,
1597 722 1742 755 censuris
1775 729 1806 755 et
1830 733 1907 765 poe-

1166 774 1238 812 nis,
1264 784 1281 806 a
1306 774 1375 807 iure
1400 775 1449 807 vel
1475 775 1514 806 ab
1540 775 1695 814 homine,
1720 775 1831 818 quavis
1856 785 1907 808 oc-

1166 828 1300 860 casione
1326 829 1375 860 vel
1402 831 1497 860 causa
1522 828 1607 867 latis,
1637 828 1663 860 si
1689 829 1807 871 quibus
1832 839 1908 872 quo—

1166 880 1350 913 modolibet
1373 880 1551 914 innodatae
1577 881 1740 920 existunt,
1768 881 1806 914 ad
1833 880 1907 914 effe-

1166 939 1252 965 ctum
1277 933 1499 976 praesentium
1525 934 1688 966 dumtaxat
1706 945 1909 977 consequen·

1167 987 1255 1026 dum,
1282 987 1396 1019 harum
1421 987 1504 1019 serie
1530 988 1734 1020 absolventes
1760 993 1792 1020 et
1815 989 1908 1021 abso-

1167 1040 1250 1071 lutas
1287 1040 1356 1072 sore
1392 1046 1586 1079 censentes,
1614 1041 1908 1084 supplicationibus

1167 1104 1281 1126 eorum
1307 1094 1440 1126 nomine
1466 1094 1561 1126 nobis
1587 1105 1687 1130 super
1712 1095 1776 1127 hoc
1802 1095 1909 1128 humi-

1166 1147 1244 1179 liter
1268 1147 1429 1190 porrectis
1455 1146 1614 1187 inclinati,
1634 1147 1800 1180 decretum
1819 1158 1910 1190 prae-

1168 1200 1332 1238 insertum,
1359 1199 1555 1231 auctoritate
1581 1199 1771 1242 apostolica,
1793 1205 1908 1234 tenore

1168 1253 1391 1296 praesentium
1417 1252 1649 1285 confirmamus
1686 1259 1718 1285 et
1749 1254 1909 1296 approba-

1168 1317 1250 1346 mus,
1278 1306 1392 1349 illique
1417 1306 1615 1338 inviolabilis
1639 1307 1839 1349 apostolicae
1861 1306 1910 1339 fir-

1167 1359 1286 1392 mitatis
1322 1359 1423 1392 robur
1458 1358 1646 1398 adiicimus;
1684 1360 1769 1392 salva
1801 1364 1909 1392 tamen

1168 1423 1298 1455 semper
1333 1413 1366 1445 in
1401 1412 1589 1455 praemissis
1615 1413 1808 1445 auctoritate
1832 1412 1909 1446 Con-

1168 1465 1368 1508 gregationis
1394 1465 1553 1497 dictorum
1577 1465 1803 1498 cardinalium.

1214 1518 1228 1561 ἓ
1253 1518 1285 1551 3.
1313 1518 1543 1557 Decernentes,
1569 1517 1699 1550 easdem
1720 1523 1910 1560 praesentes

1168 1571 1295 1603 litteras
1320 1580 1451 1613 semper
1475 1570 1606 1610 sirmas,
1634 1570 1757 1603 validas
1791 1577 1822 1603 et
1847 1572 1912 1604 effi-

1169 1635 1261 1657 caces
1296 1624 1435 1657 existere
1460 1629 1493 1657 et
1516 1624 1586 1657 sore
1603 1650 1610 1664 ,
1635 1634 1776 1667 suosque
1801 1625 1912 1668 plena-

1169 1677 1236 1710 rios
1259 1683 1291 1710 et
1315 1677 1462 1719 integros
1488 1676 1621 1709 effectus
1648 1677 1758 1710 sortiri
1780 1683 1812 1710 et
1832 1679 1911 1711 obti-

1169 1741 1264 1771 nere,
1290 1742 1327 1763 ac
1351 1730 1445 1763 dictis
1471 1731 1725 1773 exponentibus,
1751 1736 1783 1763 et
1808 1732 1847 1764 ab
1873 1732 1911 1765 il-

1170 1785 1230 1823 lis,
1255 1785 1294 1816 ad
1331 1794 1413 1826 quos
1451 1789 1577 1826 spectat
1609 1789 1640 1816 et
1675 1795 1735 1827 pro
1763 1790 1911 1828 tempore

1169 1838 1340 1881 spectabit,
1351 1837 1585 1870 inviolabiliter
1600 1838 1781 1877 observari,
1799 1838 1911 1881 sicque

1170 1891 1202 1923 in
1227 1890 1414 1933 praemissis
1439 1900 1500 1933 per
1524 1901 1749 1934 quoscumque
1786 1891 1911 1924 iudices

1170 1944 1355 1977 ordinarios
1381 1950 1412 1977 et
1429 1945 1608 1987 delegatos,
1627 1945 1724 1977 etiam
1743 1955 1911 1978 causarum

1170 1998 1283 2041 patatii
1309 1997 1479 2040 apostolici
1505 1997 1692 2038 auditores,
1718 1997 1854 2030 iudicari
1880 2003 1913 2031 et

1170 2051 1299 2084 definiri
1325 2052 1462 2091 debere,
1490 2062 1526 2084 ac
1551 2051 1676 2084 irritum
1703 2057 1735 2084 et
1756 2052 1863 2092 inane,
1885 2052 1911 2084 si

1170 2116 1266 2138 secus
1291 2115 1389 2148 super
1414 2104 1465 2137 his
1491 2115 1508 2136 a
1533 2115 1704 2148 quoquam,
1731 2105 1844 2148 quavis
1861 2115 1912 2138 au-

1172 2158 1331 2198 ctoritate,
1357 2158 1498 2192 scienter
1522 2159 1573 2191 vel
1598 2158 1808 2201 ignoranter,
1835 2169 1912 2191 con-

1172 2212 1282 2255 tigerit
1307 2212 1473 2245 attentari.

1216 2266 1231 2309 ς
1255 2266 1288 2298 4.
1314 2265 1384 2298 Non
1410 2265 1618 2298 obstantibus
1648 2266 1847 2308 praemissi3‚
1876 2276 1913 2299 ac
1949 2269 2109 2291 Contrariorum

1172 2318 1460 2351 constitutionibus
1486 2323 1518 2351 et
1542 2317 1804 2351 ordinationibus
1836 2329 1915 2362 apo-

1173 2371 1306 2411 stolicis,
1323 2382 1463 2412 necnon,
1481 2375 1640 2414 quatenus
1655 2382 1737 2415 opus
1756 2371 1809 2412 sit,
1825 2372 1914 2405 Ordi-

1173 2425 1223 2457 nis
1242 2430 1275 2457 et
1294 2424 1494 2468 provinciae,
1513 2435 1549 2457 ac
1566 2430 1784 2458 conventuum
1803 2426 1914 2458 huius-

1173 2478 1260 2511 modi
1276 2504 1283 2517 ,
1309 2477 1404 2510 etiam
1431 2477 1634 2517 iuramento,
1667 2478 1913 2512 confirmatione

1174 2530 1369 2574 apostolica,
1388 2535 1443 2564 aut
1468 2530 1578 2574 quavis
1603 2531 1753 2564 firmitate
1778 2532 1840 2564 alia
1863 2542 1914 2565 ro-

426 2601 439 2627 1
456 2599 567 2626 Videtur
581 2599 688 2634 legend.
700 2600 811 2634 ceteris,
824 2600 875 2634 qui
890 2600 1019 2628 videlicet
1033 2600 1065 2627 in
1074 2600 1132 2628 Mo·
1173 2584 1312 2624 homas>
1327 2584 1454 2617 Sta-tumis
1472 2589 1503 2617 el·
1521 2584 1829 2625 consuemdinibus›
1850 2585 1913 2628 Pri·

391 2645 475 2672 ravi&
491 2648 517 2672 et
532 2644 638 2672 silesia
648 2645 814 2677 consistunt,
826 2644 962 2679 moravis,
973 2645 1131 2679 etc.(n.r.).
1173 2636 1300 2680 vilegiis
1317 2647 1460 2681 quoque,
1480 2637 1613 2670 indultis
1639 2643 1670 2670 et
1693 2637 1809 2670 litteris
1834 2648 1913 2680 apo-

1918 256 1966 276 Αῐι.
1983 253 2011 277 (2.
2034 253 2099 281 1732

1948 1528 2071 1550 clausulae.

1924 2296 2041 2323 derogatio.

2145 2241 2174 2381 ‘v
