2182 3137
192 168 231 193 An
262 166 377 192 t*,17.'.i›

195 916 224 936 Du
248 916 377 935 euntia—satio

195 975 236 995 que
252 969 352 989 factumue

423 158 464 188 50
970 164 1152 190 crimmum
1178 165 1331 189 nomnen

386 217 474 249 ribus
502 217 548 249 vel
577 216 792 259 regularibus,
814 215 909 247 etiam
937 215 966 246 iu
993 223 1123 246 carcerc

1918 167 1971 194 An.
1990 167 2018 193 C.
2038 167 2108 195 ¹730

1144 212 1146 255 ᾗ
1167 213 1363 255 supradictis
1383 214 1532 247 omnibus
1558 215 1688 248 casibus
1709 216 1912 259 poenitentia

386 275 437 301 aut
464 270 494 302 in
521 269 703 312 captivitate
730 267 965 308 existentibus,
991 268 1039 299 vel
1066 267 1123 298 ali-
1145 259 1146 294 l
1168 267 1327 306 salutari,
1365 267 1499 311 aliisque
1534 268 1679 302 eiusdem
1720 269 1910 303 confessarii

386 325 447 366 qua
473 323 620 366 corporis
646 321 833 355 infirmitate
859 332 914 354 seu
951 322 1013 354 alio
1047 331 1125 364 quo-

386 438 536 471 cxpressa
555 429 601 460 rel
628 437 738 460 corum
761 427 867 470 aliqua
889 433 1054 470 praestare
1073 436 1126 459 ne-

387 480 568 524 quiverint,
605 485 639 511 ut
666 480 719 512 illa
754 479 971 513 confessarius
999 490 1035 511 cx
1062 479 1124 511 iarn

390 758 566 791 prorogare
585 746 699 789 possit,
720 756 822 789 caque
841 746 1024 788 iniungere,
1045 757 1127 789 quae

389 801 448 844 ipsi
464 800 667 844 poenitentes
686 798 812 833 efficere
827 805 988 842 poterunt,
1007 800 1130 843 pariter

389 855 596 888 concedimus
622 859 652 886 et
676 852 897 896 indulgemus.

433 909 447 951 ἓ
472 908 503 940 6.
524 908 659 949 Insuper
677 906 828 940 omnibus
846 912 877 940 et
895 906 1031 950 singulis
1049 907 1130 940 cliri-

390 961 580 994 stitidelibus
612 960 783 1003 utriusque
816 971 908 993 sexus
943 966 1006 993 tam
1041 960 1131 994 laicis

390 1026 484 1058 quain
504 1013 730 1047 ecclesiasticis
749 1014 972 1047 saecularibus
994 1020 1025 1047 et
1042 1025 1131 1057 regu-

391 1068 509 1101 laribus
534 1066 672 1099 cuiusvis
697 1066 836 1107 Ordinis,
862 1067 1132 1110 Congregatiouis
1153 1085 1154 1090 =

390 1127 420 1155 ct
445 1120 581 1154 instituti
609 1126 670 1153 tam
696 1120 729 1152 in
755 1120 841 1153 Urbe
867 1120 1011 1163 praefata
1037 1131 1132 1165 quam

390 1182 479 1209 extra
497 1185 565 1207 eam
592 1174 711 1217 ubique
730 1174 877 1207 locorum
898 1180 929 1206 ut
950 1176 1133 1217 praefertur

391 1228 596 1271 degentibus,
618 1227 783 1261 licentiam
809 1227 1020 1261 concedimus
1042 1234 1072 1261 et
1094 1228 1134 1261 sa-

391 1283 557 1322 cultatem‚
583 1286 617 1313 ut
641 1280 703 1314 sibi
729 1281 769 1314 ad
794 1281 883 1314 hunc
907 1280 1055 1315 effectum
1077 1281 1134 1315 eli-

391 1346 467 1379 gere
492 1335 616 1379 possint
641 1345 880 1379 quemcumque
907 1335 1133 1379 presbyterum

392 1390 626 1423 confessarium
654 1393 715 1421 tam
743 1389 944 1422 saecularem
967 1399 1062 1432 quam
1081 1400 1135 1422 cu-

393 1442 489 1475 iusvis
514 1441 643 1475 Ordinis
670 1446 702 1475 et
726 1441 865 1474 instituti
890 1443 1075 1485 regularem
1098 1453 1132 1475 ex

392 1495 592 1539 approbatis,
617 1500 651 1527 ut
676 1495 895 1539 praemittitur
911 1522 919 1535 ,
939 1505 956 1528 a
987 1496 1135 1529 locorum

392 1549 581 1589 Ordinariis,
600 1548 656 1592 qui
681 1559 735 1582 eos
761 1548 801 1581 ab
828 1548 1136 1582 excommunicatio-

393 1603 462 1644 nis,
494 1602 719 1646 suspensionis
753 1607 784 1635 et
809 1601 880 1635 aliis
907 1602 1134 1635 ecclesiasticis

394 1656 564 1690 sententiis
591 1662 623 1689 et
647 1656 809 1696 censuris,
831 1666 847 1688 a
864 1656 934 1688 iure
956 1657 1005 1689 vel
1023 1656 1062 1690 ab
1082 1656 1135 1689 lio-

394 1774 523 1798 necnon
541 1764 580 1796 ab
600 1763 749 1796 omnibus
767 1763 921 1807 peccatis,
940 1763 1135 1803 excessibus,

395 1816 584 1850 criminibus
606 1821 638 1850 et
662 1815 790 1849 delictis
816 1816 1021 1859 quantumvis
1039 1817 1136 1859 gravi-

394 1870 453 1903 bus
479 1875 511 1903 et
536 1870 734 1911 enormibus,
759 1870 856 1903 etiam
882 1870 1028 1903 locorum
1045 1869 1137 1903 Ordi-

395 1923 495 1957 nariis
522 1923 588 1957 sive
619 1922 714 1956 nohis
744 1929 776 1956 et
809 1923 882 1956 Sedi
909 1923 1135 1966 Apostolicae‚

396 2030 500 2063 solitis
525 2029 698 2070 contentis,
721 2034 753 2062 et
778 2028 857 2062 alias
884 2039 942 2072 per
969 2039 1138 2072 quascum-

398 2201 480 2231 nes,
506 2201 641 2233 quarum
675 2195 806 2222 tenores
832 2189 1059 2232 praesentibus
1085 2188 1140 2221 lia-

398 2244 467 2277 beri
494 2245 641 2277 volumus
667 2254 725 2286 pro
751 2243 929 2286 expressis,
963 2243 1140 2286 quomodo-

399 2307 540 2340 cumque
566 2297 745 2335 reservatis,
766 2296 797 2328 in
824 2296 894 2329 soro
920 2295 1140 2329 conscientiae

401 2356 431 2382 ct
448 2350 510 2383 liae
530 2350 597 2382 vice
624 2355 744 2382 tantum
762 2349 929 2382 absolvere
949 2354 979 2381 et
997 2349 1139 2382 liberare

400 2404 547 2443 valeant,
581 2409 612 2436 et
644 2403 778 2446 insuper
809 2407 881 2435 rota
914 2412 1140 2445 quaecumque

402 2456 584 2498 (religionis
609 2461 640 2490 et
664 2456 819 2490 castitatis
845 2456 1004 2499 exceptis)
1024 2456 1056 2488 in
1078 2456 1142 2489 alia

401 2508 452 2552 pia
478 2514 508 2541 et
532 2509 681 2542 salutaria
708 2520 806 2553 opera
833 2514 1053 2548 commutare,
1091 2508 1141 2541 in-

402 2562 506 2596 iuncta
535 2567 638 2596 tamen
665 2562 710 2596 eis
737 2568 768 2596 et
793 2573 905 2596 corum
939 2561 1073 2596 cuilibet
1108 2561 1140 2594 in

1155 1526 1156 1529 ,
1179 1500 1289 1528 sentes
1315 1505 1414 1538 super
1439 1495 1550 1538 aliqua
1575 1495 1831 1538 irregularitate,
1858 1506 1920 1539 pu-

1169 320 1305 353 arbitrio
1332 321 1552 364 iniungendis.

386 385 521 418 cumque
536 374 769 418 impedimento
786 373 933 413 detentis,
954 373 1007 416 qui
1027 383 1124 416 supra
1146 381 1147 421 J

1214 373 1228 416 ἓ
1254 374 1282 406 7.
1309 373 1514 419 Quapropter
1540 382 1652 409 tenore
1692 377 1913 421 praesentium
1940 388 1970 409 oo
1986 389 2107 409 munaum

1925 415 2108 441 iiiliila··1=uliiqti·3

1146 451 1148 474 1:
1170 427 1202 460 in
1230 427 1346 461 virtute
1372 434 1502 462 sanctae
1532 430 1739 464 obedientiae
1766 431 2063 467 dlSll‘lClsspublicando.

1147 509 1148 523 2
1171 481 1391 524 praecipimus
1416 487 1513 526 atque
1539 483 1731 517 mandamus
1763 485 1913 518 omnibus

387 534 575 577 approbatis
610 545 626 565 a
659 534 804 566 locorum
841 532 1019 565 Ordinariis
1052 538 1148 565 ante:

388 586 607 630 praesentium
633 585 898 629 publicationem,
927 596 983 619 seu
1010 596 1149 629 approw

387 640 518 679 bandis,
546 640 592 672 cis
618 639 649 672 in
676 639 737 672 alia
763 639 893 682 ltiietatis
918 650 1018 683 opera
1043 650 1127 672 com-
1148 646 1150 676 1,
1171 640 1242 673 aliis
1267 641 1477 674 ecelesiarum
1512 643 1685 685 praelatis,
1712 654 1748 677 ac
1775 644 1912 687 quibus-

390 700 525 734 mutare,
548 694 596 726 vel
622 693 653 726 in
679 692 764 726 alitid
792 693 974 736 proximum
1001 699 1128 736 teinpus
1149 711 1150 738 g
1173 704 1309 737 cunique
1335 694 1515 728 Ordinariis
1541 696 1689 729 locorum
1715 697 1915 740 ubicumque

1171 538 1202 566 et
1215 534 1477 578 quibuscumque
1498 536 1741 570 venerabilibus
1761 538 1913 571 fratribus

1171 586 1378 629 patriarchis,
1407 588 1676 632 archiepiscopis,
1696 589 1859 633 episcopis
1885 597 1915 624 ct

1175 747 1404 787 existentibus,
1430 759 1609 792 eorumque
1636 749 1766 783 vicariis
1793 756 1825 783 ct
1851 751 1919 784 ossi-

1174 800 1323 841 cialibus,
1350 802 1411 839 vel,
1437 801 1483 834 eis
1509 801 1746 842 deficientibus,
1774 802 1837 836 illis
1863 804 1917 846 qui

1174 864 1284 887 curam
1312 854 1494 887 animarum
1520 861 1673 889 exercent
1699 857 1783 898 (uon
1806 860 1917 889 tamen

1175 907 1228 950 qui
1247 918 1305 950 per
1323 907 1427 941 dictos
1448 909 1719 951 praedecessores
1738 920 1754 942 a
1779 909 1810 942 S.
1829 909 1866 942 R.
1880 909 1915 942 Ε.

1176 960 1404 993 communione
1423 961 1673 1004 quomodolibet
1690 963 1832 1006 separati
1852 962 1918 995 sue-

1176 1013 1274 1056 rint),
1303 1018 1360 1055 ut,
1385 1024 1455 1046 curn
1482 1015 1700 1057 praesentium
1734 1016 1917 1049 litterarum

1178 1071 1381 1110 transumpta
1407 1072 1462 1100 aut
1487 1068 1647 1110 exempla,
1668 1068 1765 1101 etiam
1786 1068 1919 1112 Impres-

1177 1130 1228 1160 sa,
1254 1120 1462 1164 acceperint,
1488 1121 1544 1154 illa
1569 1120 1678 1154 statim
1703 1121 1827 1164 absque
1852 1123 1920 1156 ulla

1178 1175 1278 1214 mora,
1298 1173 1521 1207 retardatione
1537 1174 1588 1207 vel
1606 1174 1843 1218 impedimento
1860 1185 1920 1218 per

1177 1236 1249 1260 suas
1275 1227 1428 1260 ecclesias
1454 1233 1486 1261 et
1511 1227 1690 1268 dioeceses,
1715 1227 1918 1271 provincias,

1178 1279 1341 1321 civitates,
1366 1279 1508 1324 oppida,
1536 1285 1638 1314 terras
1663 1285 1694 1314 et
1718 1282 1789 1314 loca
1812 1281 1921 1325 publi-

1179 1338 1254 1367 cent
1279 1339 1310 1366 et
1336 1333 1495 1377 publicari
1522 1334 1654 1375 saciant,
1681 1334 1920 1378 ecclesiamque

1179 1397 1235 1420 seu
1261 1387 1415 1420 ecclesias
1440 1388 1614 1422 visitandas
1639 1388 1824 1431 designent.

1223 1441 1238 1484 g
1263 1439 1293 1474 8.
1314 1441 1384 1474 Non
1409 1441 1610 1475 intendimus
1628 1447 1733 1475 autem
1750 1452 1812 1485 per
1828 1451 2048 1498 prae-mmilis

1178 1548 1262 1581 blica
1287 1549 1335 1581 vel
1362 1549 1501 1588 occulta,
1528 1550 1613 1588 nota,
1640 1549 1924 1592 desectu,i11capa-

1179 1600 1276 1634 citate
1315 1611 1371 1633 seu
1413 1601 1620 1634 inhabilitate
1657 1611 1788 1644 quoquo
1824 1602 1921 1636 modo

1156 1694 1158 1701 Α
1179 1656 1346 1686 contracta
1371 1653 1570 1697 dispensare,
1589 1655 1639 1688 vel
1666 1654 1806 1698 aliquam
1828 1655 1925 1688 sacul-

393 1710 500 1750 minc,
527 1709 639 1754 quavis
665 1711 762 1743 causa
797 1709 869 1742 latis
901 1720 957 1742 seu
984 1709 1134 1750 inflictis,
1157 1702 1158 1705 ¹

1181 1712 1278 1740 tatem
1307 1707 1451 1740 tribuere
1477 1707 1688 1751 dispensandi
1723 1718 1780 1741 scu
1805 1709 1923 1742 habili-

1181 1759 1282 1801 tandi,
1296 1765 1327 1792 et
1342 1759 1373 1792 in
1388 1760 1562 1804 pristinum
1583 1765 1698 1793 statum
1718 1761 1923 1802 restituendi,

1181 1813 1276 1846 etiam
1295 1813 1327 1846 in
1349 1813 1418 1846 soro
1439 1813 1682 1854 conscientiae;
1705 1824 1813 1857 neque
1840 1814 1926 1858 pari-

1182 1872 1228 1900 ter
1247 1867 1376 1900 easdem
1401 1872 1592 1910 praesentes
1613 1867 1663 1907 iis,
1683 1866 1736 1910 qui
1757 1867 1855 1900 etiam
1874 1878 1925 1901 co-

1158 1949 1159 1968 ,
1181 1930 1252 1952 rum
1277 1919 1409 1953 nomine
1443 1920 1612 1963 speciatim
1637 1930 1703 1953 non
1729 1930 1883 1963 expresso
1909 1932 1926 1954 a

396 1977 493 2010 etiam
513 1977 543 2009 in
565 1977 680 2010 litteris
707 1976 758 2010 die
783 1976 910 2009 Coenae
928 1975 1054 2009 Domini
1074 1976 1136 2019 legi
1158 1975 1159 1980 ’

1182 1973 1416 2006 communione
1442 1973 1472 2006 S.
1494 1973 1531 2006 P..
1551 1973 1586 2006 E.
1610 1979 1644 2005 ut
1668 1973 1852 2017 praefertur
1877 1984 1925 2007 se-

1182 2027 1318 2070 gregati,
1335 2037 1389 2060 seu
1409 2036 1426 2059 a
1443 2026 1537 2059 nobis
1562 2032 1594 2059 et
1619 2026 1804 2070 Apostolica
1827 2027 1924 2069 Sede,

398 2094 461 2126 que
487 2088 612 2116 nostras
630 2088 684 2115 aut
701 2082 919 2116 Romanorum
946 2081 1137 2115 Pontificum
1159 2073 1161 2101 l

398 2137 688 2180 praedecessorum
721 2141 906 2169 nostrorum
933 2135 1160 2168 constitutio-¹

1182 2081 1230 2113 vel
1258 2080 1297 2113 ab
1324 2081 1433 2124 aliquo
1459 2081 1604 2123 praelato
1624 2081 1673 2114 vel
1693 2080 1798 2114 iudice
1826 2082 1927 2115 ecele-

1183 2134 1311 2167 siastico
1337 2133 1624 2174 excommunicati,
1640 2133 1802 2176 suspensi,
1827 2134 1927 2168 inter-

1184 2187 1273 2227 dicti,
1291 2198 1345 2221 seu
1373 2188 1451 2220 alias
1464 2187 1496 2219 in
1516 2187 1696 2220 sententias
1722 2193 1752 2220 et
1772 2198 1926 2221 censuras

1183 2241 1336 2275 incidisse
1367 2240 1520 2274 declarati
1555 2241 1602 2273 vel
1636 2241 1768 2284 publice
1801 2241 1928 2275 denun-

1184 2295 1258 2328 ciati
1285 2294 1418 2333 fuerint,
1435 2293 1495 2326 nisi
1514 2294 1598 2326 intra
1619 2299 1746 2337 tempus
1766 2294 1925 2327 dictarum

1184 2348 1320 2380 duarum
1358 2346 1638 2380 hebdomadarum
1685 2347 1925 2389 satisfecerint,

1184 2407 1239 2435 aut
1265 2412 1337 2434 cuin
1364 2401 1511 2444 partibus
1537 2400 1831 2442 concordaverint,
1859 2401 1925 2434 ullo

1183 2454 1281 2488 inodo
1308 2453 1475 2496 suffragari
1501 2463 1600 2497 posse
1625 2458 1679 2486 aut
1704 2453 1836 2486 debere.

1228 2507 1243 2550 ἓ
1267 2506 1298 2540 9.
1327 2506 1396 2540 Nou
1415 2506 1618 2540 obstantibus
1638 2505 1924 2539 constitutionibus
1956 2511 2069 2541 0¹2¹¹⁵¹J¹³0
2084 2511 2122 2532 ¹¹0·

1882 2558 1887 2564 ,
1935 2540 2067 2564 rogatorum.

1185 2566 1216 2594 et
1230 2560 1494 2594 ordinationibus
1509 2558 1708 2604 apostolicis,
1731 2564 1923 2604 praesertim

1971 1450 2000 1469 tiu
2031 1449 2118 1470 casuius
2170 1471 2174 1479 ,v
