2182 3137
215 275 263 302 Αη.
281 274 311 301 C.
337 273 401 300 1735

239 336 337 355 Clemens
351 334 395 354 Ylll

220 366 390 381 minimulum-in

214 390 289 411 edidit,
304 391 324 408 ul
340 394 394 407 citin-

214 418 336 435 iniunt-itum
361 416 395 433 nit·-

214 443 292 461 tutores
304 441 329 460 ‹nl
342 442 395 460 sulu-

214 472 289 486 ΙιιιιιιῚΠ
305 467 396 493 volupe}-

214 495 312 514 teruntur.

237 1288 305 1308 Teum·
321 1289 398 1307 comti-

216 1316 302 1335 lutmnis‘
353 1316 397 1335 (jiu‘

217 1344 290 1362 incitus
308 1341 359 1362 t'ttl.

449 263 513 296 584

450 322 506 363 §l
525 322 645 364 Itaque,
664 321 747 353 sicut
764 319 958 363 accepimus,
978 329 1048 351 cum
1067 315 1143 351 alias

409 374 508 407 felicis
533 373 767 407 recordationis
793 372 939 405 Clemens
973 372 1056 414 Papa
1080 371 1142 403 VIII

407 426 638 470 praedecessor
655 431 775 465 noster,
796 436 854 468 pro
879 426 965 457 bono
987 423 1142 466 regimine

408 482 560 522 rectaque
600 478 879 512 administratione
916 478 1076 510 bonorum
1113 482 1144 509 et

407 532 590 565 reddituum
610 531 832 564 communium
852 531 1087 572 cuiuscumque
1106 529 1145 561 ci-

407 585 526 623 vitatis,
553 591 667 629 terrac,
695 584 806 627 oppidi
826 590 856 616 et
874 584 936 617 loci
960 583 1143 626 temporalis

409 639 503 672 totius
522 639 553 672 S.
573 639 610 672 R.
630 639 665 671 E.
688 638 828 677 ditionis,
847 637 1056 681 praecipuam
1076 647 1145 669 con-

407 691 606 724 stitutionem
622 702 706 724 anno
725 690 850 724 Domini
869 700 979 724 ulixen
998 689 1145 729 ediderit,

406 744 461 776 ubi
476 744 636 777 interalia
657 743 865 787 praecipitur,
884 749 917 775 ut
937 753 1047 775 omnes
1065 753 1146 774 com-

407 798 601 830 munitatum
627 797 692 829 sive
717 796 958 829 universitatum
985 795 1058 828 dicti
1085 795 1146 827 Sta-

408 857 458 884 tus
478 849 697 884 Ecclesiastici
716 849 878 882 debitores
892 860 982 881 suum
1001 848 1144 881 debitum

407 915 467 948 per
493 904 679 937 earumdem
706 903 970 936 communitatum
996 902 1060 934 sive
1080 902 1146 933 uni-

408 958 596 991 versitatum
622 959 761 999 legatos,
788 956 1003 998 vicelegatos‚
1029 956 1147 997 guber-

408 1017 548 1051 natores,
573 1010 741 1054 praesides
760 1014 813 1042 aut
837 1014 1024 1052 potestates,
1047 1007 1147 1040 omni-

407 1065 467 1097 bus
496 1063 688 1108 opportunis
722 1063 798 1095 iuris
824 1068 855 1095 et
886 1062 960 1095 sacti
996 1061 1147 1094 remediis

408 1117 647 1161 quamprimum
681 1116 814 1149 omniuo
846 1116 973 1148 solvere
1009 1115 1146 1157 compel-

408 1172 529 1204 lantur:
548 1169 788 1203 constitutionis
814 1179 888 1202 vero
906 1168 1089 1212 praedictae
1108 1174 1147 1201 te-

409 1235 471 1258 nor
496 1229 544 1257 est
570 1224 622 1267 qui
648 1223 813 1266 sequitur:

455 1278 598 1312 Clemens
623 1277 789 1320 episcopus
810 1303 816 1316 ,
842 1285 952 1308 servus
985 1285 1147 1308 servorum

409 1333 480 1369 Dei,
509 1331 549 1364 ad
572 1335 763 1374 perpetuum
788 1330 835 1362 rei
859 1329 1062 1362 memoriam.
1086 1329 1147 1361 Pro

409 1385 580 1419 commissa
615 1383 708 1416 nobis
742 1394 759 1416 a
795 1382 932 1415 Domino
965 1381 995 1414 S.
1025 1381 1061 1413 R.
1092 1381 1147 1421 R,

409 1438 504 1482 eique
532 1437 627 1470 etiam
660 1437 691 1468 in
723 1435 955 1479 temporalibus
988 1434 1147 1467 subiecta-

408 1503 478 1524 rum
503 1491 666 1524 civitatum
686 1496 715 1523 et
736 1491 933 1533 populorum
961 1489 1072 1529 tutela,
1097 1499 1149 1531 pa-

409 1547 563 1588 ternaque
578 1554 654 1586 erga
669 1548 796 1576 nostros
814 1543 961 1575 subditos
980 1542 1148 1580 charitate,

408 1598 582 1644 praecipuo
607 1597 714 1631 studio
740 1602 887 1630 tenemur
911 1596 1095 1639 providere,
1118 1600 1151 1627 ut

409 1653 448 1686 ad
475 1663 531 1685 eos
555 1651 752 1695 pertinentia
777 1650 877 1690 bona,
906 1651 943 1683 ea
970 1660 1033 1693 qua
1059 1649 1152 1682 decet

409 1706 471 1740 side
499 1712 530 1739 et
555 1707 641 1745 cura,
661 1705 786 1738 utiliter
804 1710 835 1737 et
854 1704 988 1747 provide
1014 1702 1150 1736 admini-

410 1766 559 1800 strentur,
578 1759 768 1803 praesertim
788 1769 864 1791 vero
890 1758 1046 1791 tollantur
1064 1753 1149 1800 pravi

410 1815 552 1853 abusus,
580 1813 633 1856 qui
668 1812 699 1844 in
734 1811 899 1855 publicum
926 1817 956 1844 et
981 1819 1149 1843 commune

411 1869 564 1900 damnum
590 1866 744 1910 paulatim
776 1865 935 1908 irrepunt.
964 1864 1006 1896 Ex
1033 1863 1149 1906 quibus

412 1922 570 1954 hactenus
596 1920 683 1962 gravi
720 1929 793 1952 aere
825 1919 934 1951 alieno
966 1916 1150 1950 communia

411 1975 540 2008 illorum
567 1974 653 2006 bona
679 1983 835 2016 oppressa
860 1972 910 2004 vel
937 1971 976 2004 ab
1001 1971 1071 2014 ipso
1097 1982 1150 2003 no-

411 2028 466 2062 stri
500 2027 704 2071 pontiticatus
736 2025 827 2058 initio
860 2024 1093 2067 comperimuS,
1121 2029 1151 2057 et

412 2083 531 2115 malum
558 2081 630 2119 hoc,
656 2079 715 2112 nisi
734 2079 886 2112 celeriter
902 2083 1085 2121 opportuna
1105 2088 1151 2110 re-

412 2135 517 2168 media
539 2134 767 2172 adhibeantur,
788 2132 930 2175 quotidie
952 2131 982 2163 in
1010 2131 1151 2164 deterius

414 2188 539 2232 prolabi
567 2188 729 2227 viden1us;
756 2187 831 2219 dum
858 2185 942 2218 enim
969 2195 1033 2218 non
1060 2183 1150 2228 pauci

414 2254 472 2275 sua
498 2242 622 2285 privata
640 2241 807 2274 commoda
826 2245 857 2272 et
875 2241 963 2272 lucra
984 2243 1151 2281 quaerunt,

413 2302 510 2339 atque
535 2295 655 2328 illicitis
688 2294 813 2333 modis,
840 2293 926 2336 quod
967 2303 1061 2335 prave
1088 2303 1152 2325 am·

414 2349 507 2381 biunt
532 2353 586 2380 aut
618 2347 870 2390 concupiscunt,
895 2346 1049 2388 consequi
1076 2345 1152 2378 alie-

414 2407 508 2441 ctant‚
528 2400 746 2444 potentiorum
773 2407 826 2432 aut
843 2399 927 2442 vulgi
952 2399 1085 2442 gratiam
1103 2410 1153 2432 va-

415 2455 465 2488 nis
490 2454 761 2488 assentationibus
787 2459 997 2496 aucupantur,
1013 2463 1085 2485 suas
1104 2453 1153 2485 de·

415 2508 511 2551 nique
530 2507 721 2550 cupiditates
740 2507 869 2550 explere
888 2512 1047 2549 satagunt,
1065 2508 1152 2539 nulla

415 2560 561 2593 utilitatis
587 2560 738 2604 publicae
766 2560 890 2593 ratione
918 2560 1038 2598 habita,
1067 2570 1153 2592 aera-

416 2614 499 2646 rium
525 2614 688 2657 publicum
714 2613 856 2657 ipsarum
882 2612 1046 2646 civitatum
1065 2618 1095 2645 et
1112 2614 1154 2646 lo-

417 2677 528 2701 corum
555 2667 757 2709 exhauriunt,
776 2667 862 2711 gravi
881 2677 954 2700 aere
973 2667 1079 2700 alieno
1098 2666 1154 2699 im-

987 269 1167 293 BULLARIUM
1192 268 1347 293 ROMANUM

1187 317 1317 360 plicant,
1343 317 1493 351 inanibus
1520 318 1647 361 pompis
1677 322 1708 350 et
1739 317 1922 351 ostentatio-

1187 372 1282 405 nibus
1318 371 1508 415 dilapidant.
1539 370 1659 410 Quibus
1696 371 1788 404 malis
1826 376 1922 415 atque

1188 425 1423 463 incommodis,
1449 429 1602 467 quantum
1628 426 1735 457 nostra
1759 423 1923 467 vigilantia

1188 483 1284 521 atque
1303 477 1492 510 auctoritate
1510 477 1588 509 eniti
1615 487 1797 520 possumus,
1817 487 1924 510 occur-

1189 541 1259 563 rere
1286 530 1462 573 cupientes,
1481 530 1540 561 hae
1565 531 1677 562 nostra
1701 535 1859 573 perpetuo
1877 540 1925 562 va-

1188 584 1285 616 litura
1319 582 1552 615 constitutione
1585 581 1753 614 statuimus
1786 587 1816 615 et
1840 582 1925 615 ordi-

1189 647 1318 676 namus,
1345 641 1379 667 ut
1405 636 1436 668 in
1462 636 1608 678 qualibet
1640 634 1788 674 civitate,
1817 637 1922 676 terra,

1189 690 1319 734 oppido,
1338 695 1441 722 castro
1468 694 1500 722 et
1524 690 1594 722 loco
1620 688 1696 721 dieti
1717 688 1823 721 Status
1849 693 1926 721 tem-

1189 745 1309 787 poralis
1327 743 1542 776 Ecclesiastiei
1562 742 1713 783 universi,
1732 742 1811 774 itaut
1828 742 1925 775 etiam

1191 797 1403 830 Bononiensis
1440 802 1471 829 et
1506 797 1753 828 Beneventanae
1792 800 1926 828 nostrae

1191 851 1333 883 civitates
1349 850 1482 882 subhac
1506 848 1738 882 constitutione
1755 848 1820 881 sint
1842 859 1927 882 com-

1191 904 1383 946 prehensae,
1404 903 1520 935 tabella
1538 908 1591 935 aut
1607 901 1735 936 libellus
1752 901 1925 945 quotannis

1192 957 1282 990 initio
1308 957 1383 989 anni
1410 955 1610 995 conficiatur,
1635 955 1666 988 in
1693 966 1757 998 quo
1783 960 1927 998 sumptus

1192 1021 1302 1044 omnes
1332 1009 1488 1043 ordinarii
1520 1015 1551 1042 et
1584 1008 1830 1042 extraordinarii
1870 1019 1928 1052 pu-

1191 1063 1284 1104 blice,
1310 1063 1404 1095 utiles
1431 1068 1483 1094 aut
1507 1061 1699 1101 necessarii,
1725 1062 1789 1095 sint
1813 1061 1929 1094 descri—

1192 1117 1253 1160 pti;
1276 1122 1307 1149 et
1327 1126 1443 1154 ⁴earum
1469 1115 1599 1158 quidem
1616 1141 1623 1155 ,
1651 1125 1732 1157 quae
1764 1120 1871 1148 certae
1897 1119 1929 1147 et

1192 1169 1376 1203 ordinariae
1394 1173 1475 1208 sunt,
1491 1178 1712 1211 expensarum,
1732 1173 1820 1201 certa
1833 1169 1928 1201 etiam

1194 1228 1265 1256 taxa
1279 1229 1309 1255 et
1327 1233 1450 1255 sumina
1467 1222 1689 1265 exprimatut·;
1709 1221 1732 1254 si
1752 1233 1834 1265 quae
1851 1233 1928 1256 vero

1193 1278 1331 1310 incertae
1358 1281 1389 1309 et
1413 1275 1686 1308 extraordinariae
1711 1276 1927 1317 videbuntur,

1194 1342 1302 1364 earum
1328 1330 1497 1362 universae
1531 1339 1652 1362 summa
1684 1329 1793 1372 aliqua
1821 1340 1930 1362 annua

1194 1391 1326 1424 taxetur,
1345 1393 1438 1427 quam
1466 1387 1532 1415 toto
1554 1382 1627 1414 anni
1654 1382 1816 1415 curriculo
1836 1393 1928 1416 exce-

1194 1438 1270 1471 dere
1296 1447 1496 1480 nequaquam
1515 1436 1626 1476 lieeat;
1648 1436 1835 1478 singillatim
1852 1447 1928 1470 vero

1194 1502 1250 1535 pro
1269 1490 1315 1524 rei
1333 1489 1509 1533 indigentia
1527 1500 1562 1522 ex
1577 1489 1725 1537 universa
1741 1490 1867 1522 summa
1885 1489 1930 1523 sic

1195 1546 1296 1578 taxata
1328 1554 1344 1576 a
1378 1548 1444 1576 toto
1477 1542 1611 1575 consilio
1644 1553 1715 1575 cum
1747 1542 1931 1576 interventu

1194 1598 1348 1642 praesidis
1366 1625 1373 1638 ‚
1399 1596 1625 1640 gubernatoris
1655 1601 1709 1628 aut
1733 1597 1903 1640 potestatis
1920 1624 1928 1638 ‚

1194 1652 1362 1697 portiones
1380 1649 1579 1684 necessariae
1598 1650 1681 1682 infra
1695 1660 1811 1683 annum
1825 1649 1930 1684 detra-

1195 1706 1335 1744 liantur;
1362 1714 1463 1746 eaque
1498 1703 1614 1736 tabella
1639 1707 1694 1735 aut
1718 1703 1846 1736 libellus
1870 1714 1930 1747 per

1194 1759 1446 1801 gubernatorem
1463 1767 1518 1789 seu
1537 1756 1718 1799 praesidem
1744 1756 1930 1799 provinciae

1194 1818 1248 1845 aut
1272 1811 1415 1851 civitatis,
1434 1815 1466 1843 et
1485 1810 1715 1853 cuiuscumque
1742 1815 1855 1850 terrae,
1872 1820 1930 1854 op-

1194 1865 1258 1908 pidi
1282 1870 1312 1897 et
1333 1863 1429 1896 castri
1451 1867 1632 1906 praetorem
1651 1873 1706 1896 seu
1725 1868 1929 1906 potestatem,

1194 1918 1329 1960 singulis
1355 1917 1447 1950 annis
1469 1916 1533 1949 slat.

1239 1972 1323 2004 Ilaec
1348 1981 1423 2004 vero
1450 1970 1551 2013 prima
1583 1970 1649 2002 vice
1674 1980 1737 2003 non
1762 1971 1865 2003 solum
1892 1970 1931 2004 ab

1194 2026 1291 2069 ipsis,
1317 2025 1373 2057 sed
1400 2024 1495 2057 etiam
1521 2029 1594 2067 post
1619 2034 1673 2057 eos
1699 2024 1833 2067 triginta
1864 2024 1932 2058 dies

1196 2086 1270 2112 tune
1294 2077 1441 2122 proxime
1467 2082 1650 2120 sequentes,
1669 2088 1686 2109 a
1707 2077 1832 2110 dilectis
1858 2077 1931 2111 siliis

1194 2133 1224 2166 S.
1249 2133 1285 2165 R,
1308 2132 1342 2164 Ε.
1363 2131 1540 2164 camerario
1559 2136 1591 2163 et
1609 2130 1813 2164 thesaurario
1835 2141 1933 2173 gene-

1195 2186 1255 2218 rali
1292 2185 1442 2218 Gamerae
1475 2183 1681 2227 Apostolicae
1719 2189 1868 2216 accurate
1902 2188 1934 2217 et

1195 2240 1371 2282 diligenter
1396 2238 1598 2281 inspiciatur,
1617 2237 1800 2280 corrigatur
1826 2242 1857 2271 et
1877 2248 1932 2281 ap-

1195 2293 1367 2336 probetur,
1397 2291 1564 2335 expunctis
1600 2291 1675 2324 inde
1710 2290 1748 2323 iis
1781 2291 1933 2324 omnibus

1195 2346 1364 2389 impensis,
1384 2355 1466 2388 quae
1483 2349 1614 2387 praeter
1638 2349 1691 2377 ant
1709 2349 1823 2377 eontra
1848 2345 1933 2378 lianc

1196 2404 1340 2432 nostram
1372 2396 1657 2436 constitutionem,
1686 2397 1780 2430 etiam
1808 2408 1844 2430 ex
1869 2403 1934 2430 sta-

1198 2458 1265 2485 tuto
1289 2453 1338 2484 vel
1364 2451 1601 2484 consuetudine
1635 2451 1765 2493 antiqua
1793 2451 1860 2483 lieri
1887 2462 1934 2484 so·

1197 2506 1326 2543 lebant,
1358 2515 1393 2537 ac
1418 2509 1542 2537 retento
1578 2504 1680 2547 ipsius
1714 2504 1850 2537 tabellae
1875 2515 1934 2538 seu

1197 2559 1299 2592 libelli
1326 2559 1473 2601 exemplo
1506 2567 1559 2590 seu
1591 2557 1728 2600 registro
1753 2567 1853 2600 penes
1877 2557 1933 2591 Ca-

1199 2622 1318 2645 meram
1344 2611 1587 2655 Apostolicam‚
1613 2610 1710 2654 gratis
1746 2615 1777 2644 et
1810 2610 1932 2655 absque

1198 2667 1263 2700 ullo
1285 2665 1469 2700 earumdem
1496 2664 1762 2699 communitatum
1788 2674 1843 2698 seu
1866 2663 1934 2697 uni-

1935 269 1982 295 An.
2000 268 2027 295 C.
2051 269 2116 298 ¹734
