2182 3137
419 197 484 231 1112

383 256 516 295 exceptis
533 256 608 285 taxis
630 253 786 284 ordinariis
804 252 848 283 vel
864 249 1118 285 extraordinariis,

389 313 463 343 quae
486 304 623 333 universo
645 302 746 332 Ordini
765 301 894 339 legitime
917 300 1117 338 imponuntur.

423 360 453 381 11.
477 352 538 381 Non
561 351 741 390 recipiantur
769 350 824 379 alia
855 347 1030 378 monasteria
1060 356 1121 376 mo-

381 399 517 437 nialium,
538 400 604 438 quia
628 399 666 428 ita
690 398 827 428 convenit
848 406 901 436 pro
922 395 1056 426 custodia
1071 404 1122 424 no-

379 452 456 478 strae
478 452 596 477 sanctae
618 447 780 485 religionis.

185 520 270 540 Priores
286 518 368 538 flur-‚sdi-
419 506 459 526 m.
484 496 601 526 Priores
623 495 865 525 monasteriorum
890 493 1121 533 propinquorum

185 544 369 593 gfffffi¹¹¹goffla³s¹ggj
382 545 567 574 monasteriis
580 544 750 573 monialium
767 543 859 573 nostri
871 542 989 573 Ordinis
1005 541 1121 570 illarum

184 599 228 627 rna>
252 604 304 618 suae
333 597 482 627 <weuram
506 593 652 629 habeant,
673 592 863 630 eamdemque
885 591 914 620 iu
937 600 985 620 eas
1008 589 1123 619 iurisdi-

186 629 507 677 ffuissrmussfw'fl‘ctionem
531 646 705 677 exerceant,
729 650 816 680 quam
839 639 948 669 habent
970 639 1000 668 in
1023 647 1122 668 mona-

382 691 452 721 chos
474 690 517 720 sui
541 694 712 720 conventus.

202 756 223 776 ln
240 761 265 775 ea
277 759 327 774 vero
340 754 371 774 fin.
423 749 461 769 ιν.
486 739 602 768 Priores
618 737 861 768 monasteriorum
880 740 1046 766 nostrarum
1064 745 1124 765 mo-

186 781 503 828 figflgffgffssgffffgjnialium
526 796 625 817 curam
654 786 818 823 habentes,
841 787 870 815 in
893 786 925 814 ea
949 794 1006 814 non
1029 784 1124 822 ingre-

187 834 370 885 flssss³⁰ghllj⁴j¹¹²¹gg
382 837 510 873 diamur,
528 835 584 866 nisi
607 837 695 865 causa
710 834 791 873 gravi
814 838 863 864 aut
884 833 1001 871 urgenti
1024 842 1125 862 neces-

186 887 317 938 ἶῇξᾶῇηῗζξ
341 886 370 906 1¹¹·
382 887 467 916 sitate
490 885 573 922 moti,
591 889 620 914 et
633 884 668 913 ab
682 884 798 913 illarum
822 882 997 912 confessario
1014 886 1042 911 et
1056 881 1125 911 duo-

384 934 440 963 bus
462 933 612 963 monachis
641 941 676 962 ex
705 931 870 962 senioribus
898 930 1028 960 comitati
1057 939 1125 959 cau-

384 984 477 1021 saque
493 982 536 1012 vel
556 981 731 1011 necessitate
753 980 798 1009 sui
820 980 971 1017 ingressus
994 980 1123 1018 peracta,

384 1031 482 1061 statim
506 1040 519 1060 a
544 1030 682 1060 clausura
704 1029 786 1058 exire
810 1027 951 1057 debeant:
969 1036 1033 1056 cum
1059 1035 1126 1055 vero

387 1080 513 1119 aliquam
538 1078 693 1108 monialem
717 1077 751 1107 ad
775 1076 906 1106 habitum
925 1080 953 1106 et
971 1075 1124 1115 professio-

386 1137 453 1158 nem
476 1127 640 1167 recipiunt,
663 1125 830 1156 huiusmodi
853 1125 1052 1164 receptionem
1081 1123 1126 1152 vel

385 1177 595 1216 professionem
619 1185 670 1215 per
692 1175 837 1205 cancellos
859 1178 909 1203 aut
930 1173 1126 1203 communica-

383 1226 493 1255 torium
523 1234 662 1264 peragere
685 1227 849 1253 teneantur.
873 1222 950 1252 Nulli
975 1225 1125 1260 praeterea

382 1282 533 1313 personae,
546 1273 757 1311 cuiuscumque
771 1275 874 1308 status,
888 1270 1063 1300 conditionis
1076 1273 1126 1299 aut

385 1332 479 1352 sexus
494 1322 611 1357 existat,
628 1321 776 1350 licentiam
792 1319 974 1358 ingrediendi
996 1320 1026 1349 in
1049 1319 1125 1348 dicta

386 1372 561 1401 monasteria
576 1370 752 1407 concedant,
768 1369 899 1409 exceptis
912 1368 1032 1398 medicis
1050 1367 1127 1397 aliis-

383 1430 442 1459 que
465 1419 640 1449 necessariis
663 1417 860 1454 officialibus,
880 1417 962 1446 iuxta
986 1416 1128 1455 praescri-

382 1473 465 1508 ptum
487 1468 517 1497 in
540 1468 624 1497 dictis
653 1467 824 1496 monialium
856 1465 1125 1495 constitutionibus.

423 1526 451 1547 v.
476 1517 575 1550 DoteS,
599 1516 628 1545 in
652 1516 787 1554 ingressu
809 1519 837 1544 et
865 1515 1045 1554 professione
1067 1523 1128 1543 mo-

383 1565 505 1594 nialium
529 1567 683 1603 receptae,
706 1563 735 1593 in
759 1563 907 1592 communi
929 1562 1061 1600 deposito
1083 1570 1128 1591 re-

383 1618 531 1653 ponantur
543 1618 572 1642 et
587 1612 789 1642 custodiantur
804 1611 857 1640 sub
873 1610 969 1640 tribus
985 1610 1126 1647 clavibus,

383 1671 509 1701 quarum
534 1670 621 1690 unam
645 1660 749 1690 habeat
774 1659 853 1699 prior
882 1659 929 1688 cui
959 1658 1128 1689 monasterii

387 1720 460 1740 cura
483 1709 649 1746 incumbit,
673 1709 793 1738 alteram
827 1707 965 1747 priorissa
981 1731 988 1745 ,
1012 1711 1041 1737 et
1072 1711 1130 1737 ter-

386 1759 458 1789 tiam
483 1757 681 1797 depositaria,
704 1757 843 1795 nullaque
865 1756 1013 1795 quantitas
1035 1755 1129 1785 dictae

387 1807 530 1847 pecuniae
553 1807 621 1836 inde
644 1806 759 1836 extrahi
783 1805 889 1844 possit,
912 1804 969 1834 nisi
997 1809 1029 1834 ut
1051 1804 1132 1834 inve-

383 1857 492 1886 stiatur
504 1856 532 1885 in
549 1855 646 1885 fundis
662 1853 873 1892 immobilibus,
887 1854 932 1883 vel
948 1853 976 1882 in
994 1852 1132 1882 censibus

384 1905 456 1934 tutis
472 1908 500 1934 et
522 1903 695 1934 fructiferis.
712 1902 762 1932 Sin
779 1911 858 1939 vero,
875 1906 994 1941 propter
1015 1910 1131 1939 gravem

385 1953 613 1992 evidentemque
636 1951 806 1981 monasterii
828 1951 1034 1980 necessitatem
1051 1973 1058 1987 ‚
1082 1949 1132 1979 ali-

385 2011 473 2042 quam
513 2001 678 2041 portionem
712 1999 868 2030 extrahere
901 2003 929 2029 et
958 2007 1132 2028 consumere

381 2060 503 2082 necesse
526 2050 631 2087 fuerit,
655 2049 824 2079 nullatenus
846 2049 910 2079 fieri
934 2048 1035 2087 possit,
1059 2049 1128 2081 nisi,

382 2100 511 2130 servatis
548 2098 719 2136 servandis,
742 2098 777 2128 de
808 2107 952 2128 consensu
975 2097 1081 2137 prioris
1104 2103 1132 2128 et

384 2148 506 2179 maioris
525 2147 618 2187 partis
636 2147 756 2186 capituli
780 2146 924 2176 dictarum
947 2147 1129 2182 monialium,

384 2201 413 2227 et
453 2196 648 2236 praecedente
683 2195 803 2225 licentia.
838 2196 930 2234 patris
965 2196 1130 2233 generalis,

385 2246 534 2286 priusque
554 2245 621 2274 dat-a
641 2243 775 2274 cautione
793 2244 1031 2282 reintegrationis
1047 2254 1131 2283 pecu-

385 2295 451 2324 niae
474 2293 672 2324 extrahendae
694 2292 872 2331 quamcitius
894 2292 956 2322 fieri
979 2293 1082 2332 possit.

192 2359 297 2381 Momm,
312 2358 375 2378 men.
425 2351 466 2372 vi.
491 2342 631 2372 Moniales
653 2341 744 2371 nostri
766 2340 886 2371 Ordinis
908 2341 1002 2371 tribus
1023 2342 1128 2379 annis,

191 2385 375 2439 ssffisffigffiffi
386 2390 500 2420 incluso
520 2389 702 2430 probationis
723 2399 811 2428 anno,
828 2389 882 2419 sub
900 2389 1053 2429 disciplina
1070 2399 1131 2420 ma-

191 2439 327 2460 ¹¹0vi²³²¹s²¹¹¹h
388 2439 498 2477 gistrae
513 2439 691 2468 novitiarum
707 2437 977 2477 indispensabiliter
992 2439 1128 2469 existant.

426 2495 477 2517 vn.
504 2487 588 2517 Nulla
618 2487 726 2517 semina
754 2487 784 2516 in
812 2487 998 2518 monasteriis
1020 2491 1132 2518 nostra-

183 210 232 233 a..
254 208 281 234 ¹2.
305 206 375 234 1730

186 361 231 382 lou
247 359 369 386 recipienda

185 389 228 409 ‚lia
240 388 368 408 monasteria

183 414 316 435 monialium.

188 1526 242 1551 Quid
253 1527 279 1547 do
291 1526 371 1546 monia·

188 1554 238 1574 hum
254 1553 347 1573 dotibus.

220 2505 277 2528 Quid
288 2506 314 2524 de
325 2504 377 2524 edu-

193 2557 305 2579 nacaudis.

388 2578 560 2618 recipienda
578 2602 586 2616 ,
609 2579 670 2609 sive
692 2579 722 2610 in
744 2579 848 2610 iisdem
870 2580 1057 2610 monasteriis
1079 2580 1130 2610 ali·
1170 2582 1356 2620 poenitentiae
1378 2581 1429 2610 sibi
1451 2582 1603 2619 iniunctae,
1620 2581 1655 2611 ad
1669 2580 1824 2621 capitulum
1836 2590 1918 2619 yene-
1928 2581 2044 2607 0²1³i²¹¹¹⁰¹¹¹
2073 2586 2112 2606 ΕΘ·

963 200 1149 227 BULLARIUM
1174 200 1334 225 ROMANUM

1162 249 1292 287 quandiu
1314 248 1476 287 educanda,
1501 249 1572 289 quin
1595 249 1718 279 servatis
1740 247 1904 283 servandis;

1162 301 1190 327 et
1214 297 1368 336 praecedat
1400 306 1561 328 consensus
1594 297 1698 337 prioris
1730 301 1759 327 et
1788 297 1906 327 maioris

1163 344 1257 385 partis
1279 346 1400 386 capituli
1433 347 1602 377 earumdem
1635 346 1806 376 monialium
1823 370 1831 385 ,
1854 355 1907 386 per

1163 394 1303 433 suffragia
1325 399 1438 425 secreta
1461 404 1583 434 prorsus
1607 394 1811 434 praestandus.

1377 470 1570 500 Consrirorio
1593 470 1688 500 XLVI¹

1204 541 1290 572 Nulla
1321 544 1426 581 femina
1452 547 1524 572 stare
1550 553 1600 582 per
1628 553 1756 581 maynum
1789 543 1909 581 spatium
1945 547 2005 577 ouon
2017 547 2104 568 nonin·

1165 591 1200 620 ad
1231 592 1345 620 ianuam
1377 591 1522 621 cuiuslibet
1554 592 1711 621 monasterii
1743 593 1851 629 nostri,
1884 596 1910 622 et
1920 574 2104 629 ᾗὲῗὲἒωῖὲᾛοξῖῗι

1165 638 1250 667 multo
1272 641 1363 668 minus
1386 640 1492 668 intrare
1508 641 1536 668 in
1552 641 1748 669 monasterium
1764 649 1813 669 nec
1834 641 1910 669 intra
1920 628 2059 647 m⁰⁰³⁵²⁰f¹⁸‘

1166 688 1224 716 eius
1245 691 1320 726 septa
1339 688 1534 726 permittatur‚·
1558 687 1705 716 toleramus
1734 691 1824 716 tamen
1847 677 1910 717 con-

1166 736 1339 765 suetudinem
1371 735 1568 765 nonnullorum
1591 739 1840 773 monasteriorum,
1864 737 1911 767 ubi

1166 786 1286 824 feminae
1318 784 1460 815 ecelesiam
1488 795 1535 814 seu
1556 786 1707 815 claustrum
1734 785 1912 825 principale,

1167 834 1231 862 dum
1252 834 1323 872 fiunt
1342 835 1528 872 processiones
1543 858 1550 872 ‚
1574 837 1772 864 consueverunt
1793 835 1910 869 intrare,

1167 886 1193 911 et
1215 892 1268 911 non
1289 882 1392 911 aliter:
1416 887 1440 911 et
1462 883 1492 911 in
1515 883 1562 912 boc
1584 884 1745 921 dispensare
1761 892 1813 912 non
1826 883 1912 921 possit

1166 934 1247 968 pater
1267 930 1416 968 generalis.

1372 1004 1566 1035 Consrirurio
1588 1005 1696 1035 XLVII.

1208 1075 1273 1104 Non
1296 1076 1401 1104 incedat
1424 1076 1571 1105 monachus
1594 1077 1719 1115 equitans
1738 1077 1767 1105 in
1790 1077 1835 1106 via
1855 1086 1914 1106 sae-
1923 1081 2113 1129 hassigffiggaiff

1168 1123 1309 1152 cularibus
1340 1124 1525 1157 ornamentis,
1559 1124 1605 1153 sed
1638 1124 1776 1153 honestam
1807 1124 1914 1164 deferat
1924 1134 2110 1182 ἓιιοηῖςιιῃιιιειι-

1939 1166 1952 1182 0
1970 1167 1976 1182 l
1988 1166 2063 1182 meran
2075 1166 2111 1181 ΙΠ-
2156 1170 2157 1175 ¹

1168 1171 1264 1200 sellam
1295 1172 1446 1210 stapedinis
1478 1171 1548 1209 ligni
1581 1177 1606 1201 et
1638 1172 1750 1202 habenis
1771 1174 1912 1211 canopeis,

1169 1230 1236 1258 quae
1258 1221 1292 1250 ad
1313 1221 1507 1259 adaquandum
1535 1223 1643 1260 ferreas
1667 1222 1782 1251 habeant
1802 1226 1914 1252 eatenu-

1169 1269 1209 1298 Ias
1220 1281 1231 1303 ,·
1254 1270 1300 1298 sed
1321 1270 1345 1298 si
1366 1279 1445 1298 casus
1460 1272 1584 1299 everterit
1598 1276 1766 1309 opportunus
1781 1275 1807 1301 et
1822 1271 1910 1305 utilis,

1168 1321 1199 1349 in
1221 1329 1272 1358 quo
1285 1320 1458 1358 praedictum
1474 1320 1615 1349 observari
1630 1330 1683 1349 non
1696 1321 1808 1358 poterit,
1822 1321 1914 1359 priori

1169 1369 1339 1407 relinquitur
1364 1378 1455 1398 secum
1484 1373 1509 1398 et
1530 1379 1591 1398 cum
1612 1369 1742 1398 monacho
1766 1370 1914 1399 itinerante

1169 1418 1335 1456 dispensatio
1347 1429 1357 1452 ,-
1380 1421 1405 1446 et
1426 1417 1533 1447 absente
1551 1420 1664 1456 priore,
1687 1419 1745 1456 ipse
1766 1418 1838 1447 idem
1858 1427 1915 1447 mo-

1169 1466 1273 1495 nachus
1296 1466 1344 1495 hoc
1366 1475 1493 1495 exercere
1515 1466 1615 1495 valebit
1626 1478 1636 1501 ,·
1658 1476 1741 1505 super
1762 1467 1833 1506 quod
1854 1475 1916 1496 con-

1169 1515 1298 1544 scientias
1319 1518 1375 1544 tam
1393 1515 1523 1553 priorum
1542 1525 1623 1553 quam
1638 1515 1833 1544 monachorum
1853 1524 1916 1544 one-

1169 1573 1274 1592 ramus.

1377 1646 1587 1668 EXTRAVAGANS
1610 1647 1707 1667 UNICA.

1211 1708 1389 1738 Observetur
1419 1709 1599 1738 consuetudo
1628 1708 1806 1738 inviolabilis
1831 1708 1915 1739 Ordi-

1172 1757 1238 1796 nis,
1262 1757 1398 1786 videlioet
1427 1761 1458 1787 ut
1486 1757 1585 1787 nullus
1617 1757 1778 1786 monachus
1810 1761 1856 1787 eat
1884 1758 1915 1787 in

1173 1805 1285 1835 curiam
1308 1805 1431 1843 regiam,
1455 1806 1499 1835 vel
1518 1805 1548 1835 in
1570 1805 1773 1842 cancellariam,
1796 1805 1860 1835 sine
1881 1805 1916 1835 li-

1173 1853 1271 1883 centia
1286 1853 1314 1882 in
1332 1853 1450 1892 scriptis
1473 1853 1563 1892 patris
1587 1853 1743 1892 generalis,
1760 1857 1788 1883 et
1802 1853 1917 1883 dumta-

1173 1906 1224 1931 xat
1246 1902 1281 1932 ad
1302 1902 1418 1939 negotia
1441 1902 1570 1941 propria,
1588 1902 1632 1931 vel
1651 1902 1685 1931 ad
1702 1911 1754 1931 sua
1770 1907 1916 1932 monaste-

1173 1952 1215 1981 ria
1239 1950 1438 1990 pertinentia3
1467 1954 1495 1980 et
1517 1950 1653 1980 monachi
1684 1950 1724 1980 ita
1751 1955 1855 1980 euntes
1885 1951 1916 1981 in

1174 2000 1360 2030 monasteriis
1382 1999 1512 2029 residere
1534 1998 1712 2035 teneantur,⁷
1728 2003 1757 2030 et
1778 2000 1915 2030 assistere

1175 2050 1281 2079 missae
1303 2053 1331 2078 et
1353 2049 1484 2087 vesperis
1515 2048 1618 2078 diebus
1640 2048 1795 2078 dominicis
1821 2052 1849 2078 et
1876 2049 1917 2079 se-

1175 2098 1247 2131 stis,
1271 2100 1299 2127 et
1321 2096 1351 2127 in
1375 2097 1633 2136 principalioribus
1665 2106 1679 2126 a
1714 2097 1810 2136 priore
1841 2097 1917 2127 cele-

1174 2146 1314 2183 brandis,
1338 2145 1427 2175 etiam
1456 2145 1611 2175 matutino.
1635 2145 1748 2175 Pariter
1779 2145 1915 2175 omnibus

1173 2194 1259 2224 dictis
1281 2193 1384 2223 diebus
1406 2203 1421 2222 a
1445 2193 1624 2223 monasterio
1646 2203 1702 2222 non
1726 2197 1831 2223 exeant
1852 2193 1915 2223 sine

1174 2244 1314 2282 expressa
1335 2242 1457 2272 licentia
1488 2242 1594 2281 prioris
1611 2266 1618 2279 ‚
1651 2251 1726 2281 quae
1747 2242 1915 2272 nullatenus

1173 2291 1352 2321 concedatur
1378 2290 1494 2330 quando
1521 2290 1688 2320 celebratur
1710 2290 1831 2329 agitatio
1854 2295 1915 2320 tau-

1173 2348 1285 2369 rorum.

1373 2413 1569 2444 Cossrirurlo
1592 2413 1712 2443 XLVIII.

1212 2483 1314 2514 Missus
1335 2484 1366 2514 de
1389 2494 1442 2513 uno
1463 2485 1691 2514 monasteriorum
1706 2488 1862 2513 nostrorum
1882 2484 1918 2513 ad
1965 2501 2025 2526 Quod
2039 2501 2115 2522 nunne-
2142 2495 2144 2499 ·

194 2531 271 2551 ‘²¹¹¹'ss
286 2531 318 2551 ’θ’
333 2537 377 2550 ‘'¹¹’‘
387 2542 453 2563 rum
479 2533 651 2562 monialium
669 2533 852 2570 admittatur,
868 2533 930 2563 sive
947 2534 982 2563 ad
998 2533 1131 2564 habitum
1172 2531 1250 2562 aliud
1269 2536 1383 2571 propter
1404 2542 1454 2562 sua
1476 2533 1626 2570 demerita,
1649 2533 1768 2562 durante
1799 2536 1918 2572 tempore
1928 2527 2044 2549 ffl⁰⁰³⁶¹¹¹¹⁵
2075 2529 2111 2549 ⁰²²

1928 2555 1972 2575 sine
1984 2553 2072 2575 licentis
2082 2552 2114 2575 ad,

1910 202 1958 225 An.
1981 199 2010 224 C.
2034 198 2108 227 ¹73sp
2150 213 2153 244 ξ
