2182 3137
213 232 266 258 An.
285 232 315 259 c.
335 231 406 258 1732
450 222 517 256 349,

266 783 290 802 Et
305 784 405 809 episcopo

231 818 234 825 .
246 816 255 824 ,.

416 280 471 310 lem
489 281 702 311 Antiochenam
725 280 926 320 spectantibus
949 280 991 310 uti
1014 279 1153 315 voluerit,

415 333 532 367 paratos
554 339 584 359 se
607 329 775 359 exhibeant.
800 329 917 359 Nullum
940 338 1005 358 cum
1023 328 1085 367 ipso
1108 332 1157 357 aut

415 379 536 417 reliquis
561 379 699 418 praelatis
722 379 874 409 dissidium
894 378 1037 414 habeat',
1061 386 1156 416 neque

413 427 442 456 in
465 427 574 465 rebus,
599 427 632 457 ad
655 428 718 457 eius
751 427 811 457 sive
840 427 1034 466 praelatorum
1059 430 1156 455 aucto-

414 476 530 506 ritatem
555 477 790 516 pertinentibus,
814 486 845 507 se
876 477 1082 512 immisceant,
1106 475 1156 505 sed

415 525 628 563 meminerint,
652 535 682 555 se
716 520 796 555 illius
820 530 848 555 et
873 526 1070 565 praelatorum
1089 547 1096 561 ,
1127 524 1156 553 in

415 583 539 612 quornm
562 574 747 604 dioecesibus
771 580 936 610 versantur,
955 573 1158 612 obsequentis-

414 621 505 651 simos
528 623 603 652 tilios
626 633 700 652 csse.
723 623 752 653 Si
769 623 834 663 quis
857 623 923 652 huic
949 622 1066 660 regulae
1089 630 1157 660 quo-

416 681 473 710 quo
496 672 580 701 modo
603 673 820 702 contravenisse
853 677 1018 710 compertus
1047 670 1135 699 fuerit
1149 694 1156 707 ,

416 720 601 749 severissime
624 721 774 760 puniatur.

456 778 495 798 ιιι.
519 769 586 799 l'ost
617 770 894 799 reveremlissinnnn
929 768 1080 798 dominum
1109 777 1158 806 pa-

418 817 575 847 triarcham
592 843 599 853 ,
624 819 761 857 episcopo
785 818 840 846 loci
863 817 993 846 debitum
1018 817 1157 845 honorem

416 870 445 895 et
467 866 640 905 obsequium
663 867 807 901 deserant,
831 866 893 895 eius
915 875 1030 904 quoque
1052 874 1158 894 nomen

417 915 447 944 in
481 917 571 945 sacris
607 916 731 955 diptycis
768 916 935 945 recitantes.
969 914 1157 944 Sacramenta

417 966 526 993 exteris
548 974 604 994 non
633 964 861 999 administrent,
886 973 980 1002 neque
1004 964 1159 993 conciones

417 1013 452 1042 ad
472 1013 537 1042 illos
560 1013 696 1049 habeant,
714 1017 764 1042 aut
779 1013 946 1042 catecheses
969 1013 1087 1050 faciant,
1111 1017 1160 1041 aut

420 1062 510 1091 ullum
535 1062 729 1091 ministerium
754 1071 869 1090 sacrum
887 1061 1035 1100 publicum
1055 1061 1160 1090 obeant

420 1112 453 1140 ad
478 1112 638 1150 populum,
658 1111 721 1141 sine
744 1112 884 1150 expressa
905 1111 968 1140 eius
991 1110 1119 1140 licentia.

459 1168 496 1188 ιν.
522 1160 688 1198 Episcopos,
704 1159 939 1198 choi·episcopOS‚
957 1158 1161 1197 archipresby-

420 1213 497 1238 teros
520 1214 547 1237 et
571 1209 734 1247 parochos,
758 1218 918 1246 omnesque
943 1212 998 1237 tam
1024 1217 1162 1236 reveren—

418 1257 530 1286 dissimi
554 1257 664 1286 domini
694 1257 876 1296 patriarchae
892 1280 898 1291 ,
923 1266 1009 1295 quam
1033 1255 1161 1294 episcopi

420 1305 563 1335 ordinarii
587 1306 800 1335 ecclesiasticos
831 1306 999 1340 ministros,
1023 1314 1079 1344 quo
1110 1313 1162 1343 par

419 1359 485 1391 est,
511 1355 621 1384 honore
650 1354 910 1393 prosequantur.ln
934 1363 1034 1383 eorum
1057 1353 1162 1382 officiis

420 1412 483 1432 sese
516 1413 552 1432 ne
586 1403 790 1439 immisceant,
821 1413 893 1432 neve
926 1412 1038 1432 sacram
1073 1402 1184 1432 ulla1n⁴

421 1452 600 1481 functionem
625 1462 691 1481 cum
715 1452 918 1481 saecularibus
942 1452 987 1481 vel
1009 1461 1075 1489 erga
1100 1460 1162 1481 sae-

420 1501 538 1532 culares
571 1506 726 1531 exerceant
758 1501 814 1530 nisi
842 1501 924 1530 iussu
957 1501 1110 1540 episcopi,
1135 1505 1162 1530 et

998 231 1183 255 BULLARIUM
1211 231 1368 254 ROMANUM

1199 288 1271 308 nore
1294 279 1377 308 illum
1402 284 1627 318 prosequantur.
1647 279 1678 308 In
1694 279 1819 317 negotiis
1842 283 1938 309 tamen

1200 333 1368 365 magnatum
1402 337 1587 367 nequaquam
1618 337 1648 358 se
1680 328 1833 366 ingerent:
1862 339 1939 358 nemo

1200 377 1273 405 enim
1295 376 1421 405 militans
1442 376 1515 410 Deo,
1544 376 1669 413 implicat
1697 387 1725 406 se
1747 378 1862 415 negotiis
1882 387 1941 406 sae-

1200 424 1360 459 cularibus;
1390 434 1486 464 neque
1513 434 1613 454 eorum
1645 425 1725 454 aulas
1755 425 1941 464 frequentent

1201 478 1250 503 aut
1272 473 1416 503 amicitias
1439 473 1590 511 ambiant,
1608 475 1757 512 multoque
1779 475 1876 504 minus
1894 484 1942 504 eo-

1201 531 1265 551 rum
1288 523 1375 560 opera
1408 526 1457 551 aut
1491 522 1652 560 patrocinio
1681 522 1820 552 adversus
1847 523 1940 552 eccle-

1201 571 1336 600 siasticas
1369 575 1526 610 potestates
1560 575 1692 600 utantur.
1717 572 1745 600 Si
1779 571 1849 610 quid
1873 581 1941 601 vero

1201 630 1267 648 cuni
1292 620 1350 648 illis
1369 620 1445 649 eirca
1462 619 1535 649 bona
1559 620 1729 659 temporalia
1754 621 1943 650 monasterio-

1202 677 1266 697 rum
1289 668 1432 706 agendum
1456 672 1505 697 aut
1524 668 1744 706 transigendum
1766 669 1832 705 crit,
1855 669 1884 698 id
1906 668 1942 698 ab
1974 694 1977 698 .

1202 715 1306 745 abbate
1329 721 1377 745 aut
1399 726 1558 746 oeconomo
1581 717 1622 746 sic
1645 718 1713 751 fiat,
1738 722 1769 746 ut
1789 717 1942 756 religiosae

1203 765 1375 794 humilitatis
1391 774 1541 803 nunquam
1558 764 1757 795 obliviscatur.
1773 766 1881 796 Curent
1895 765 1944 795 de-

1202 813 1303 851 nique,
1327 818 1468 852 quantum
1502 814 1565 843 fieri
1597 814 1723 852 poterit,
1748 819 1779 844 ut
1802 819 1944 847 monaste-

1203 861 1313 891 riorum
1339 862 1420 891 t‘undi
1455 862 1712 902 possessionesque
1740 873 1754 891 a
1778 863 1894 893 tributis
1916 867 1944 892 et

1204 911 1393 949 vectigalibus
1416 912 1562 941 immunes
1584 912 1654 941 sint.

1202 960 1272 989 CM‘.
1297 960 1328 989 X.
1345 979 1384 982 —
1402 960 1441 989 De
1464 962 1508 994 iis,
1534 970 1601 999 qnae
1633 961 1772 990 observari
1798 961 1892 990 debent
1915 962 1944 990 in

1243 1010 1374 1045 eziyendo
1406 1009 1438 1037 ab
1471 1009 1609 1038 abbatibus
1636 1015 1661 1039 et
1682 1010 1819 1039 *reddendi
1852 1020 1867 1039 a
1889 1019 1944 1038 mo-

1245 1058 1337 1086 nachia
1361 1059 1465 1087 ratione
1488 1060 1678 1088 conscientiae.

1244 1116 1263 1135 ι.
1290 1108 1362 1135 Cum
1386 1107 1471 1135 huius
1493 1107 1610 1143 regulae
1642 1107 1709 1137 finis
1731 1107 1769 1136 sit
1792 1107 1944 1147 spirituale

1205 1156 1344 1185 auxilium
1380 1156 1588 1185 umnachorum
1605 1181 1612 1194 ‚
1637 1156 1727 1186 abbas
1759 1165 1945 1195 summopere

1205 1210 1315 1239 caveat,
1341 1215 1375 1234 ne
1399 1205 1469 1234 vitio
1492 1215 1543 1234 suo
1566 1206 1666 1234 cadem
1689 1204 1827 1234 fratribus
1848 1205 1946 1243 gravis

1205 1257 1232 1282 et
1255 1254 1437 1283 intoleranda
1467 1254 1535 1291 siat,
1560 1258 1647 1292 atque
1670 1254 1704 1283 ab
1726 1254 1788 1284 eius
1811 1253 1947 1284 observa-

1206 1303 1282 1331 tione
1300 1303 1439 1342 paulatim
1462 1307 1631 1332 avertantur
1657 1312 1723 1332 cum
1751 1313 1854 1341 magno
1879 1312 1946 1332 sua-

1205 1362 1269 1382 rum
1292 1352 1457 1381 animarum
1491 1357 1577 1391 atque
1610 1351 1727 1381 Ordinis
1756 1352 1943 1382 detrimento.

1205 1401 1235 1430 ln
1260 1401 1314 1430 hoc
1337 1401 1459 1439 proinde
1487 1410 1555 1430 casu
1587 1410 1618 1430 se
1649 1406 1759 1439 patrem
1792 1401 1944 1439 exhibeat,

1205 1450 1311 1479 adeout
1333 1450 1492 1479 monachus
1515 1449 1550 1478 ad
1572 1450 1667 1488 ipsum
1685 1459 1749 1479 cum
1768 1449 1849 1479 filiali
1875 1449 1948 1479 fidu-

1205 1499 1248 1528 cia
1272 1507 1426 1528 recurrere
1449 1502 1607 1527 assuescat.

1940 232 1987 258 An.
2007 232 2134 270 C·.¹73².

422 1547 606 1587 heneplacito
629 1548 842 1587 parochorum,
867 1557 966 1577 curam
997 1548 1161 1577 animarum

423 1593 592 1635 perpetuam
617 1596 752 1626 monachi
768 1605 804 1626 ne
827 1601 942 1634 gerant,
957 1606 1051 1634 neque
1074 1596 1161 1625 etiam
1184 1618 1185 1632 ,

421 1645 455 1674 ad
480 1650 594 1685 tempus
625 1646 653 1675 in
677 1645 847 1675 civitatibus
880 1646 944 1675 sine
976 1646 1094 1675 licentia
1118 1654 1161 1674 re-

1246 1556 1275 1576 n.
1300 1547 1361 1576 Non
1384 1551 1428 1576 est
1450 1547 1596 1584 cogendus
1620 1547 1802 1584 monachuS,
1826 1551 1856 1577 ut
1878 1556 1948 1576 con-

1206 1596 1359 1625 scientiam
1375 1605 1457 1625 suam
1476 1595 1574 1625 abbati
1599 1596 1711 1634 aperiat
1733 1596 1762 1624 in
1785 1596 1821 1625 iis
1844 1595 1945 1634 rebus,
1958 1595 2144 1643 ἱῗζὲὓέξῃξὲἱὲξζ

1184 1636 1186 1686 ’Ὺ
1206 1645 1240 1673 de
1263 1644 1370 1683 quihus
1393 1644 1543 1673 confessus
1565 1649 1608 1673 est
1630 1648 1679 1673 aut
1701 1644 1834 1674 confiteri
1864 1643 2141 1696 debetgffisrespicien·

2010 1569 2041 1590 De
2054 1570 2141 1590 secreto

242 2057 273 2077 De
288 2063 329 2078 nou
345 2057 412 2083 impli—

229 2084 298 2104 cando
309 2090 331 2104 se
342 2084 362 2104 in
376 2090 412 2104 uc-

231 2111 293 2136 gotiis
327 2116 412 2136 magna-

229 2140 280 2157 tum.

422 1694 626 1724 verendis-simi
649 1694 760 1724 domini
784 1694 964 1733 patriarcha(-
987 1699 1013 1723 et
1035 1694 1162 1733 episcopi

420 1743 586 1772 ordinario:
612 1743 640 1772 in
665 1743 746 1781 pagis
770 1751 858 1780 vero,
889 1752 922 1771 ac
945 1742 1117 1781 praesertim
1134 1742 1162 1770 in

422 1791 493 1821 locis
516 1792 693 1821 monasterio
717 1791 879 1829 contiguis,
903 1796 1035 1830 possunt,
1060 1791 1083 1820 si
1106 1791 1164 1829 epi-

421 1889 491 1918 tiam
516 1889 559 1918 vel
582 1889 725 1919 desectum
750 1889 942 1928 parochorum
958 1913 965 1925 ,
983 1893 1164 1918 sacramenta

422 1939 588 1968 necessaria
616 1938 846 1968 ailininistrando
861 1962 868 1975 ,
893 1938 1113 1972 concionando,
1138 1943 1165 1967 et

422 1987 589 2017 catecheses
610 1987 754 2017 faciendo.

463 2047 493 2065 v.
518 2036 667 2072 Quomodo
690 2041 786 2066 autem
809 2036 942 2066 monachi
966 2045 1031 2066 cum
1055 2036 1164 2075 princi-

425 2085 509 2125 pibus
532 2090 560 2115 et
584 2085 778 2125 potestatibus
801 2086 909 2115 saeculi
932 2095 962 2114 se
992 2094 1094 2123 gerere
1117 2085 1166 2114 de-
1186 2106 1187 2133 ἦ

424 2135 534 2172 beant,
559 2139 657 2164 monet
679 2134 854 2173 Apostolus,
880 2135 1034 2173 inquiens:
1070 2135 1166 2165 Omnis

424 2185 517 2213 anima
536 2183 714 2222 potestatibus
746 2183 950 2212 sublimioribus
982 2183 1088 2212 subdita
1110 2184 1164 2219 sit,

425 2281 619 2310 conscientiam
630 2292 641 2314 ,-
664 2290 712 2309 nec
743 2284 848 2309 tuntum
878 2279 953 2309 bonis
974 2284 999 2308 et
1021 2280 1165 2308 modestis.

424 2329 470 2358 sed
490 2331 572 2358 ettam
604 2328 722 2358 discolis.
756 2328 890 2358 Reddere
912 2333 1008 2357 autem
1031 2328 1167 2357 iubemur

424 2378 548 2407 omnibus
569 2377 674 2415 debita,
695 2377 741 2406 cui
769 2377 920 2415 tribulum,
949 2377 1100 2412 tributum,·
1122 2378 1168 2407 cul

425 2427 550 2465 vectigal,
575 2426 712 2465 vectigal:
730 2427 776 2455 cuc*
797 2427 933 2464 timorem,
956 2427 1082 2456 timorem
1094 2438 1105 2460 ;
1122 2429 1168 2455 cua·

425 2475 563 2513 honorem,
588 2475 727 2504 honorem.
750 2474 779 2504 Si
802 2474 869 2513 quis
889 2473 980 2512 igitur
1002 2474 1167 2513 principum

426 2524 620 2554 saecularium
643 2523 800 2562 contigerit
816 2524 852 2553 ad
869 2527 968 2553 nostra
990 2524 1167 2553 monasteria

427 2574 583 2611 divertere,
608 2573 733 2603 maxime
748 2573 772 2603 si
789 2573 883 2603 tidelis
905 2573 1005 2610 fuerit,
1023 2573 1102 2602 omni
1118 2573 1167 2602 ho-

466 2629 474 2653 1
497 2626 611 2653 Videtur
632 2626 777 2662 legendum
797 2627 924 2655 habeant
941 2627 980 2661 (R.
997 2626 1035 2660 τ).

1207 1694 1283 1732 apud
1299 1693 1491 1722 sacerdotem.
1509 1692 1610 1722 Omnia
1635 1697 1743 1730 autem,
1760 1702 1834 1732 qnae
1851 1692 1950 1723 abbati

1185 1729 1186 1782 j
1208 1743 1235 1771 in
1261 1742 1312 1771 hac
1335 1742 1458 1771 materia
1481 1741 1661 1778 revelantur,
1679 1741 1824 1779 intelligat
1840 1751 1871 1771 ea
1893 1741 1950 1772 sibi

1185 1783 1186 1820 ζ
1207 1791 1261 1821 sub
1284 1796 1395 1820 secreto
1426 1791 1551 1820 naturali
1575 1790 1670 1820 dicta:
1695 1791 1770 1829 quod
1796 1796 1890 1820 tamen
1913 1791 1948 1820 de

422 1849 529 1879 scopus
552 1840 688 1877 voluerit,
713 1840 747 1869 ad
771 1845 885 1879 tempus
902 1840 1039 1879 supplere
1062 1839 1165 1869 absen-
1186 1857 1187 1862 =

1208 1840 1243 1869 iis
1259 1840 1409 1869 dumtaxat
1425 1839 1648 1876 intelligendum
1670 1843 1725 1877 est,
1743 1849 1816 1878 quae
1832 1839 1898 1879 quis
1912 1839 1949 1870 de

1208 1898 1237 1918 se
1261 1889 1324 1928 ipso
1345 1889 1465 1927 suisque
1487 1887 1647 1917 defectibus
1665 1892 1716 1918 aut
1738 1887 1949 1919 tentationibus

1208 1937 1306 1967 abbati
1329 1938 1437 1976 aperit3
1459 1947 1532 1976 quae
1554 1938 1633 1966 enim
1655 1937 1691 1967 de
1713 1937 1779 1968 aliis
1797 1938 1949 1968 monachis

1186 2001 1187 2014 ι
1209 1986 1386 2022 denunciat,
1411 1996 1444 2016 ea
1472 1986 1525 2016 sub
1558 1990 1704 2016 secretum
1738 1996 1796 2016 non
1819 1986 1947 2026 cadunt,

1209 2036 1265 2065 nisi
1288 2036 1382 2074 ‹pior-d
1405 2044 1559 2074 personam
1581 2035 1797 2065 denunciantis.

1248 2094 1288 2114 ni.
1314 2085 1372 2114 lloc
1395 2089 1540 2114 secretum
1574 2083 1663 2113 abhas
1695 2084 1864 2114 cautissime
1887 2093 1946 2114 ser-

1211 2138 1266 2170 vet,
1283 2143 1336 2163 nec
1359 2134 1443 2163 saciat
1466 2133 1623 2172 quidquam
1642 2142 1676 2162 ex
1696 2133 1798 2163 notitia
1816 2133 1883 2162 inde
1899 2133 1948 2163 ha-

1186 2210 1188 2214 ,
1210 2182 1270 2212 bita
1286 2182 1380 2221 quoad
1403 2191 1449 2212 res
1471 2181 1688 2218 denunciantis,
1705 2181 1762 2211 nisi
1778 2190 1948 2220 expressam

425 2242 478 2261 non
500 2233 587 2261 solum
617 2237 730 2270 propter
761 2233 831 2260 sium
848 2256 854 2265 ,
879 2233 924 2260 sed
950 2232 1032 2261 etiam
1051 2236 1166 2270 propter
1186 2251 1188 2277 ἐκ

1210 2231 1244 2261 ab
1267 2231 1367 2261 eodem
1390 2230 1524 2260 habuerit
1545 2231 1725 2260 facultatem.
1747 2230 1777 2260 Si
1799 2230 1865 2270 quis
1880 2239 1948 2260 vero

1187 2314 1188 2320 ἵ
1211 2281 1297 2310 huius
1320 2280 1424 2310 secreti
1454 2279 1540 2309 sidem
1573 2279 1677 2318 quovis
1713 2279 1798 2309 modo
1825 2279 1949 2317 fregisse

1187 2335 1188 2340 ¹
1210 2329 1361 2358 convictus
1384 2328 1492 2363 fuerit,
1517 2327 1710 2357 denuncietur
1742 2327 1841 2357 abbati
1861 2337 1950 2366 gene-

1187 2369 1188 2412 }
1210 2377 1276 2414 rali,
1299 2377 1349 2416 qui
1372 2377 1591 2416 delinquentem
1616 2385 1717 2406 severe
1738 2376 1850 2416 puniet.
1874 2376 1949 2406 Hinc

1187 2461 1189 2470 y
1209 2425 1298 2455 abbas
1321 2426 1364 2455 vel
1388 2426 1552 2464 praefectus
1568 2435 1668 2455 rerum
1688 2425 1887 2464 spiritualium
1905 2434 1951 2455 sa-

1210 2479 1289 2513 tagat
1311 2479 1342 2505 ut
1364 2475 1467 2505 fratres
1490 2475 1655 2514 intelligant
1670 2484 1777 2514 poenas
1798 2474 1950 2514 impositas

1210 2523 1344 2553 fractioni
1378 2523 1520 2563 praedicti
1553 2524 1664 2562 sigilli,
1688 2528 1720 2553 ut
1748 2523 1815 2553 inde
1839 2526 1948 2553 metum

1210 2581 1325 2602 omnem
1348 2572 1505 2612 deponant,
1527 2576 1556 2602 et
1578 2572 1613 2602 ad
1636 2581 1721 2602 usum
1743 2572 1830 2602 huius
1852 2571 1950 2611 praxis

1210 2621 1404 2661 promptiores
1426 2621 1596 2652 reddantur.
