2182 3137
22 287 73 314 Au.
89 285 118 312 C.
142 284 209 312 1734
831 285 971 309 effluens
996 285 1038 310 xu
1063 286 1111 310 ΓΡ.
1623 275 1686 310 599
1731 286 1782 312 An.
1801 285 1826 312 c.
1851 285 1917 311 ¹734

22 347 72 379 noni
88 335 355 371 negiminisomnlum
380 335 536 374 effectum,
563 334 669 368 eidem
695 333 946 376 Congregationi
967 335 969 389 i
990 335 1067 377 ipsis
1092 337 1371 369 communitatibus
1390 347 1444 369 seu
1464 335 1724 369 universitatibus

21 373 139 420 ζῖἷῖῗιῖωιέῗ
161 373 292 424 sskssoni
318 388 507 431 Regiminis,
526 388 681 431 privative
702 388 806 430 quoad
833 397 946 420 omnes
967 390 969 417 ῗ
989 388 1111 431 aliquid
1147 390 1332 423 debentium
1350 417 1356 429 ,
1394 397 1448 423 aut
1483 390 1649 434 quidpiam
1687 388 1723 422 eit

21 429 90 447 ”m
106 427 243 474 ‘'mmet
267 453 488 486 quoscumque
513 443 592 475 alios
617 442 740 475 iudices
765 440 947 474 ordinarios
967 437 969 457 l
991 443 1173 483 praemissis
1216 443 1394 486 petentium
1415 471 1422 481 ‚
1466 451 1527 476 taut
1567 444 1722 477 laicorum

21 455 60 473 tur.

213 496 261 528 vel
287 496 475 538 delegatos,
509 496 618 539 quavis
655 494 844 528 auctoritate
881 488 969 526 sun-¹

212 554 345 591 gentes,
372 554 426 582 aut
458 549 701 592 praerogativa,
728 547 884 589 dignitate
917 548 969 595 etl

211 602 469 645 praeeminentia
506 602 667 645 fulgentes
687 629 694 640 ,
719 601 814 633 etiam
841 601 946 633 dictae

211 656 242 689 S.
263 656 300 688 R.
319 656 352 689 E.
374 657 606 695 camerarium,
632 655 871 688 thesaurarium
897 664 947 696 ge·
967 678 968 690 i

212 709 365 749 neralem,
384 709 546 742 Cameram
563 709 792 752 Apostolicam,
813 708 945 751 eiusque
967 705 969 741 l

212 761 323 794 Curiae
348 772 516 794 causarum
541 763 726 803 generalem
751 761 943 800 auditorem,
968 753 969 766 ¹

212 821 244 847 et
279 815 500 857 praesidentes
534 815 692 855 clericos,
718 824 755 846 ac
779 824 945 846 causarum
968 844 970 858 ,

212 867 321 911 palatii
357 867 457 901 nostri
493 867 660 910 apostolici
695 867 879 907 auditores,
906 862 970 899 (ti-³

213 926 348 964 ctaeque
373 920 404 954 S.
432 920 468 953 R.
495 921 529 953 E.
560 921 764 959 cardinales,
790 920 883 952 etiam
909 920 971 967 de«,

211 976 312 1008 latere
336 975 462 1016 legatos
483 980 515 1007 et
533 974 736 1017 vicelegatos,
758 974 948 1017 respective,
969 972 971 989 ⁸

213 1033 276 1060 tam
301 1027 334 1060 in
361 1028 503 1061 Romana
528 1027 620 1060 Curia
645 1038 738 1071 quam
760 1033 848 1059 extra
880 1037 948 1059 eam

213 1080 470 1114 iurisdictionem
484 1087 683 1121 exercentes,
703 1092 738 1113 ac
756 1080 850 1113 etiam
870 1081 948 1113 alias
970 1119 971 1123 Ἰ

213 1133 424 1167 cardinalium
448 1133 746 1176 Congregationes,
773 1144 886 1166 omnes
920 1139 950 1166 et
970 1126 972 1165 l

213 1198 431 1232 quascumque
456 1198 569 1220 causas
594 1188 659 1220 sive
685 1188 795 1220 civiles
821 1189 870 1220 vel
894 1187 949 1219 cri·
970 1213 971 1217 ,

213 1242 350 1274 minales
375 1247 427 1274 aut
451 1241 575 1280 minas,
602 1247 664 1274 tam
692 1241 848 1274 interesse
869 1252 949 1274 eom-
970 1255 972 1267 ι

213 1295 406 1328 munitatum
443 1305 497 1327 seu
524 1295 767 1327 universitatum
805 1305 950 1337 quarum-

214 1359 353 1392 cumque
387 1348 481 1382 nobis
507 1354 538 1381 et
559 1349 703 1381 Romano
720 1348 865 1381 Pontifici
890 1359 950 1392 pro
971 1358 972 1361 ’

214 1407 362 1444 tempore
400 1401 548 1434 existenti
590 1402 730 1445 Sedique
767 1394 972 1446 praedictae¹

213 1455 355 1489 mediate
370 1456 419 1488 vel
438 1455 623 1488 immediate
641 1456 856 1489 subiectarum
876 1467 952 1498 quo—

214 1508 391 1542 modolibet
411 1508 632 1552 respicientes,
651 1520 745 1552 quam
764 1509 952 1552 appellatio·
971 1537 973 1545 ,

215 1573 291 1596 num
307 1589 315 1603 ,
340 1562 606 1596 reclamationum
623 1590 630 1603 ,
658 1573 859 1601 recursuum,
886 1563 950 1594 nul·

215 1616 359 1655 litatum,
384 1626 440 1648 seu
474 1615 620 1648 notoriae
652 1615 848 1653 iniustitiae,
881 1626 952 1648 uec-

214 1722 356 1761 erroris,
383 1722 477 1754 etiam
503 1722 641 1762 calculi,
666 1727 721 1754 aut
749 1722 949 1755 reductionis

212 1828 244 1861 in
261 1828 434 1871 integrum,
452 1833 513 1861 tam
526 1839 624 1872 super
638 1829 837 1871 praemissis,
853 1839 948 1872 quam

212 1892 309 1925 super
321 1881 537 1915 validitatibus
555 1887 586 1914 et
604 1882 857 1915 invaliditatibus
874 1893 949 1925 qna-

212 1945 423 1978 rumcumque
449 1935 692 1978 exemptionum
727 1937 773 1968 vel
800 1936 950 1969 immuni-

213 1993 314 2022 tatum
345 1988 513 2032 quibusvis
546 1989 696 2032 personis
729 2000 787 2032 per
819 1990 947 2023 easdem

212 2042 457 2075 communitates
483 2052 537 2074 seu
559 2043 788 2076 universitates
813 2043 878 2076 sive
904 2048 949 2076 et-

212 2094 274 2128 iam
300 2095 491 2128 auctoritate
522 2095 701 2138 apostolica
737 2101 768 2128 et
800 2106 859 2139 per
891 2107 971 2138 nos,

211 2158 247 2181 ac
263 2148 531 2192 praedecessores
550 2154 680 2182 nostros
699 2160 947 2189 concessarum,

212 2207 243 2234 et
266 2211 306 2234 an
327 2201 391 2233 sint
408 2201 637 2241 admittendae,
657 2213 775 2242 necue,
798 2213 834 2235 ac
851 2214 950 2247 super

211 2254 389 2298 praetensis
415 2254 664 2287 remissionibus
691 2266 745 2288 seu
766 2256 949 2289 det'alcatio—

211 2308 305 2341 nibus
337 2308 536 2341 solutionum
571 2309 695 2341 eisdem
728 2310 946 2342 communita-

212 2362 296 2394 tibus
321 2371 377 2394 seu
404 2361 666 2394 universitatibus
693 2362 873 2395 debitarum
908 2363 948 2395 ob

213 2425 432 2458 quoscumque
458 2415 489 2446 in
515 2414 598 2447 dicta
623 2415 854 2448 constitutione
879 2415 949 2448 Cle-

213 2467 330 2501 mentis
348 2468 612 2511 praedecessoris
630 2479 799 2511 expressos
816 2470 865 2502 vel
884 2480 948 2501 non

213 2531 382 2565 expressos
410 2521 560 2554 fortuitos
586 2532 696 2561 casus,
723 2523 770 2554 vel
804 2533 839 2554 ex
876 2533 950 2565 qua-

214 2584 349 2618 cumque
373 2573 434 2606 alia
460 2576 565 2613 causa,
587 2584 670 2614 casu,
689 2575 783 2617 culpa
801 2575 849 2607 vel
869 2575 949 2608 sacto

214 2627 444 2671 cuiuscumque
481 2637 661 2670 personae,
692 2632 744 2659 aut
781 2627 879 2668 alias,
910 2628 948 2661 ad

213 2680 397 2715 instantiam
434 2690 711 2724 quarumcumque
738 2690 949 2724 personarum

990 505 1084 537 quam
1098 497 1302 537 clericorum,
1321 503 1351 529 et
1366 498 1593 541 cuiuscumque
1611 502 1722 536 status,

989 548 1124 589 gradus,
1149 549 1288 588 ordinis,
1316 550 1492 592 dignitatis,
1517 549 1722 589 conditionis,

989 602 1037 634 vet
1063 602 1337 644 praeeminentiae
1368 603 1592 641 existentium,
1627 604 1723 635 etiam

990 655 1204 687 cardinal-'itus
1230 656 1355 688 honore
1382 657 1584 698 fulgentium,
1605 662 1659 688 aut
1681 662 1725 689 et-

990 707 1051 740 iam
1084 719 1358 752 quarui'ncumque
1391 709 1653 749 universitatum,
1678 720 1726 742 so-

967 771 969 806 j
990 761 1164 803 cietatum,
1190 762 1489 805 congregationum,
1515 763 1724 806 collegiorum

968 831 969 839 κ
991 814 1158 858 utriusque
1183 825 1278 848 sexus
1294 842 1301 855 ‚
1329 815 1423 847 etiam
1448 815 1615 848 Societatis
1640 816 1723 855 lesu,

991 879 1027 901 ac
1051 878 1330 911 quorumcumque
1349 869 1544 911 regularium
1561 868 1725 908 Ordinum,

991 922 1086 955 etiam
1111 922 1388 962 mendicantium,
1414 922 1569 955 Ordinum
1605 922 1724 955 milita-

993 973 1082 1012 rium,
1110 984 1145 1005 ac
1171 973 1391 1016 hospitalium,
1417 973 1512 1005 etiam
1540 973 1570 1006 S.
1599 973 1728 1006 loannis

993 1026 1355 1069 llierosolymitani,·et
1387 1027 1524 1059 aliorum
1561 1027 1728 1060 instituto-

992 1090 1085 1119 rum,
1114 1080 1370 1123 quibuseun‘ique
1396 1080 1572 1123 privilegiis
1611 1086 1640 1113 et
1670 1080 1728 1112 im-

992 1133 1202 1165 munitatibus
1225 1133 1454 1176 gaudentium,
1480 1133 1553 1166 item
1572 1140 1729 1166 monaste·

993 1187 1123 1226 riorum,
1151 1186 1357 1219 ecclesiarum
1377 1193 1407 1219 et
1424 1187 1549 1230 piorum
1568 1188 1727 1225 locorum,

994 1240 1088 1272 etiarn
1108 1250 1308 1283 quocumque
1327 1240 1506 1283 privilegio,
1526 1240 1727 1274 immunitate

995 1294 1042 1326 vel
1068 1294 1274 1337 exemptione
1302 1294 1355 1326 illa
1387 1293 1517 1326 sull'ulta
1543 1294 1725 1333 extiterint,

995 1358 1028 1380 ac
1054 1347 1092 1379 de
1118 1347 1235 1390 quibus
1261 1347 1411 1390 specialis
1449 1352 1480 1379 et
1504 1358 1656 1390 expressa
1692 1358 1729 1380 ac

995 1400 1157 1433 individua
1182 1401 1302 1433 mentio
1328 1400 1553 1443 praesentibus
1579 1401 1728 1434 habenda

996 1454 1096 1493 soret,
1123 1455 1188 1487 sire
1214 1455 1308 1487 etiam
1334 1454 1497 1488 viceversa
1521 1455 1559 1488 ad
1586 1455 1727 1498 ipsarum

995 1508 1261 1541 communitatum
1279 1519 1332 1541 seu
1347 1508 1591 1541 universitatum
1608 1508 1728 1541 instan—

996 1561 1069 1594 tiam
1095 1566 1207 1594 contra
1230 1561 1432 1604 supradictos
1457 1563 1505 1595 vel
1531 1562 1610 1595 alios
1637 1573 1729 1605 quos-

972 1646 973 1651 ,
994 1625 1143 1657 eumque,
1162 1620 1215 1646 aut
1234 1614 1318 1647 inter
1339 1615 1490 1657 ipsasmet
1515 1616 1728 1648 connnunita-

214 1679 280 1702 non
305 1668 483 1707 revisionis,
509 1669 606 1701 etiam
624 1674 791 1711 praetextu
812 1669 950 1701 cuiusvis
971 1688 973 1714 ξ

971 1757 973 1764 Ι
994 1721 1133 1753 cuiusvis
1159 1721 1255 1758 laudi,
1280 1722 1515 1760 arliitrainenti,
1535 1722 1725 1763 sententiae,

212 1775 250 1808 ad
275 1775 445 1808 arbitrium
472 1776 548 1808 boni
574 1776 651 1814 viri,
676 1786 711 1808 ac
737 1776 950 1808 restitutionis
971 1772 973 1806 i

995 1673 1042 1700 tes
1067 1678 1121 1699 seu
1146 1667 1368 1700 universitates
1392 1668 1536 1706 invicem,
1558 1670 1729 1702 occasione

995 1775 1113 1807 det-reti
1140 1780 1193 1807 aut
1218 1774 1376 1812 mandati,
1411 1785 1469 1817 per
1504 1786 1728 1819 quoscumque

994 1828 1136 1861 locorum
1175 1828 1427 1870 gubernatores,
1465 1833 1641 1871 potestates
1676 1834 1730 1862 aut

993 1882 1157 1925 praesides
1184 1883 1230 1914 vel
1258 1883 1390 1923 legatos,
1418 1887 1472 1913 aut
1497 1882 1624 1925 quosvis
1649 1882 1730 1915 alios

993 1935 1125 1975 iudices,
1153 1945 1209 1967 seu
1235 1935 1485 1973 commissarios,
1512 1935 1606 1968 etiam
1634 1937 1672 1968 ad
1698 1936 1729 1969 id

993 1989 1160 2031 delegatos
1186 1990 1234 2021 vel
1256 1988 1495 2030 subdelegatos,
1519 1995 1572 2021 aut
1589 1989 1730 2023 arbitros

992 2043 1040 2074 vel
1065 2042 1289 2080 arbitratores,
1315 2042 1561 2084 quomodolibet
1586 2043 1640 2075 lati
1675 2048 1730 2076 aut

993 2096 1144 2135 relaxati,
1177 2097 1226 2128 vel
1252 2095 1330 2128 alias
1355 2095 1604 2139 quomodolibet
1628 2103 1729 2130 motas

993 2155 1024 2182 et
1049 2149 1233 2188 movendas
1249 2160 1318 2181 cum
1341 2149 1468 2182 illarum
1492 2150 1728 2193 dependentiis,

994 2203 1251 2245 emergentibus,
1278 2203 1516 2243 incidentibus,
1541 2204 1674 2237 annexis
1699 2210 1730 2237 et

994 2257 1168 2294 connexis,
1193 2256 1383 2295 summarie,
1415 2256 1606 2300 simpliciter
1638 2258 1729 2290 etde

995 2312 1100 2353 plano,
1116 2310 1184 2342 sine
1203 2310 1339 2352 strepitu
1359 2315 1389 2342 et
1407 2309 1508 2351 ligura
1526 2311 1646 2350 iudicii,
1662 2312 1730 2344 sola

994 2364 1065 2396 l'acti
1090 2364 1223 2396 veritate
1250 2363 1418 2407 inspecta,
1453 2365 1546 2396 etiam
1586 2365 1730 2397 terminis

994 2416 1258 2449 substantialibus
1274 2426 1338 2448 non
1354 2416 1506 2455 servatis,
1525 2427 1620 2449 manu
1643 2417 1729 2459 regia

995 2470 1170 2510 audiendi,
1197 2469 1438 2511 congnoscendi
1471 2475 1501 2501 et
1533 2469 1594 2501 fine
1620 2469 1729 2502 debito

996 2523 1210 2561 terminandi,
1235 2532 1291 2561 ac,
1320 2527 1380 2554 tam
1407 2522 1437 2554 in
1466 2522 1606 2555 Romana
1636 2522 1729 2556 Curia

995 2586 1087 2618 quam
1121 2581 1211 2609 extra
1247 2586 1340 2615 eam,
1378 2575 1655 2616 iurisdietionem,
1696 2583 1731 2610 ut

994 2629 1195 2673 praefertur,
1229 2628 1453 2662 exercentibus
1487 2629 1638 2672 superius
1670 2640 1726 2662 ex-

994 2681 1112 2725 pressis
1128 2709 1135 2722 ,
1164 2687 1194 2715 et
1219 2681 1288 2715 aliis
1313 2681 1477 2725 quibusvis
1501 2681 1662 2715 iudicibus
1699 2687 1731 2716 et
