2182 3137
81 239 131 266 Αη,
148 238 178 265 C.
201 239 268 266 1734

117 882 179 903 Fun-s
195 885 252 904 tran·

67 913 205 935 sumptorum.

87 2166 209 2188 moranum.

105 2644 242 2668 Sanctiastmo

266 289 342 331 bus,
368 289 547 333 privilegiis
574 301 721 334 quoque,
746 291 882 324 indultis
907 297 939 324 et
956 291 1008 324 lit-

267 343 345 376 teris
362 344 551 387 apostolicis
578 344 608 377 in
635 344 833 378 contrarium
854 345 1008 388 praemis-

266 405 374 428 sorum
401 397 651 440 quomodolibet
685 397 869 438 concessis,
894 397 1007 430 confir-

265 449 358 482 matis
390 456 420 483 et
452 451 629 491 innovatis;
649 452 765 495 quibus
795 451 944 484 omnibus
976 456 1007 483 ct

266 500 425 543 singulis,
451 502 582 535 illorum
613 509 743 535 tenores
779 501 1005 545 praesentibus

265 564 326 596 pro
352 556 449 598 plene
483 561 515 588 et
546 555 749 589 sufficienter
780 555 943 598 expressis
969 566 1006 588 ac

264 607 303 640 ad
329 609 462 641 verbum
489 608 620 642 insertis
647 609 823 651 habentes,
842 610 906 643 illis
925 609 1004 642 alias

264 660 295 693 in
322 671 379 694 suo
414 663 532 695 robore
565 664 804 706 1·›ermansui·is,
839 663 877 696 ad
911 674 1006 706 prae-

263 714 437 747 missorum
464 714 631 756 ell'eetum,
652 716 714 749 bac
732 716 800 750 vice
827 716 1003 756 dumtaxat,

262 767 449 810 specialiter
473 774 504 801 et
529 779 681 812 expresse
708 770 924 811 derogamus3
953 780 1005 803 ce-

265 820 407 864 terisque
434 822 608 854 contrariis
633 823 907 866 quibuscumque.

306 873 378 917 §5-
417 874 571 908 Volumus
609 881 715 908 autem
751 882 784 909 ut
816 877 1003 910 earumdem

261 927 482 970 praesentium
501 929 684 962 litterarum
712 931 931 973 transumptis,
949 941 1003 963 scu

263 982 433 1025 exemplis,
463 981 557 1015 etiam
585 983 766 1026 impressis,
794 994 889 1017 manu
907 984 1005 1017 alicn-

261 1034 309 1068 ius
326 1035 443 1069 notarii
465 1037 586 1080 publici
605 1037 815 1081 subscriptis,
839 1043 871 1071 et
895 1037 1004 1080 sigillo

260 1098 420 1132 personae
445 1089 476 1122 in
504 1090 725 1123 ecclesiastica
748 1091 906 1133 dignitate
931 1101 1005 1124 cou-

260 1142 390 1176 stitutae
423 1142 581 1183 munitis,
605 1143 719 1177 eadem
756 1154 890 1188 prorsus
924 1144 1004 1178 sides

259 1195 383 1239 ubique
415 1197 561 1229 locorum
595 1196 772 1237 habeatur,
799 1208 882 1241 quae
923 1197 1002 1241 ipsis

259 1249 490 1292 praesentibus
516 1250 695 1284 haberetur
721 1251 746 1284 si
777 1250 884 1284 forent
912 1252 1003 1284 cxlii-

259 1301 346 1335 bitae
372 1303 421 1336 vcl
449 1308 612 1337 ostensae.

303 1355 417 1389 Datum
444 1357 577 1398 Romae,
598 1358 682 1401 apud
708 1358 739 1392 S.
761 1358 889 1392 Mariam
907 1359 1002 1392 Maio-

258 1419 347 1450 rem,
378 1410 438 1443 sub
471 1412 592 1444 annulo
625 1411 815 1452 piscatoris,
849 1412 901 1445 die
937 1422 1002 1445 xvu

260 1463 414 1496 februarii
439 1464 864 1510 mcccxxx1V‚pontificatus
895 1466 1000 1499 nostri

258 1526 345 1550 anno
365 1527 407 1551 iv.

292 1577 354 1606 Dat.
378 1578 422 1606 die
445 1579 476 1607 17
496 1579 630 1607 februarii
653 1580 730 1614 1734,
754 1580 853 1616 pontif.
874 1588 945 1607 anno
965 1587 999 1608 lv.

568 1633 601 1666 F.
622 1634 708 1667 card.
727 1634 908 1668 Omvnaius.

571 1785 704 1819 CXXIX.

257 1854 504 1897 Confirmantur
542 1859 667 1888 statuta
696 1865 757 1899 pro
794 1855 873 1888 bono
907 1855 998 1898 reqi-

299 1909 388 1941 mi'ne
420 1908 569 1941 ecclesiae
601 1908 634 1942 S.
661 1908 800 1942 Ioannis
829 1909 1000 1952 Baptistae

299 1962 444 1995 nationis
468 1961 680 1995 Florenlinae
705 1961 742 1994 de
769 1961 849 1995 Urbe
874 1961 974 1995 edita.

468 2044 603 2070 Clemens
625 2043 702 2076 Papa
721 2043 785 2075 ΧΠ,

370 2087 408 2115 ad
428 2091 605 2122 perpetuam
626 2087 672 2115 rei
692 2088 878 2115 memoriam.

300 2160 346 2193 Ad
372 2161 535 2204 pastorale
562 2160 724 2204 fastigium
762 2161 887 2195 meritis
924 2161 999 2195 licet

255 2212 435 2257 imparibus
461 2213 577 2254 evecti,
604 2213 668 2254 illa,
695 2224 777 2257 quae
797 2224 855 2258 pro
874 2214 997 2247 salubri

255 2267 467 2300 ecclesiarum
506 2270 536 2301 el
569 2268 717 2301 locorum
754 2268 881 2311 piorum
919 2267 999 2311 quo-

254 2331 467 2364 rumcumque
504 2322 608 2354 almae
637 2321 731 2354 Urbis
757 2326 886 2355 nostrae
913 2322 997 2355 dire-

254 2373 363 2407 ctione
388 2374 525 2418 provide
551 2374 728 2407 constituta
753 2385 824 2408 esse
859 2385 997 2408 noscun-

253 2431 316 2469 tur,
340 2432 376 2459 ut
401 2427 490 2460 firma
516 2438 644 2471 semper
669 2433 766 2472 atque
795 2427 998 2462 inviolabilia

254 2479 440 2522 persistant,
466 2480 636 2524 apostolici
666 2480 853 2513 muniminis
878 2481 998 2525 praesi-

254 2532 328 2573 dio,
366 2543 437 2566 cum
463 2533 501 2567 id.
521 2544 538 2567 a
563 2534 657 2567 nobis
683 2534 828 2578 petitur,
855 2535 998 2568 libenter

255 2587 512 2621 constabilimus.

298 2641 369 2684 §l
398 2640 519 2685 Exponi
561 2642 723 2685 siquidem
762 2642 856 2676 nobis
893 2653 997 2687 nuper

903 242 1047 267 cennens
1073 243 1119 267 xn
1144 244 1194 268 rr.
1696 238 1760 271 ets
1806 247 1856 274 Αη.
1878 248 1906 275 c.
1925 249 1992 276 ¹732

1051 292 1200 325 fecerunt
1225 293 1333 326 dilecti
1362 293 1418 327 filii
1445 294 1601 328 officiales
1636 301 1669 329 et
1695 296 1991 340 depu-siominqnoaro,

1051 345 1104 377 tati
1132 347 1408 389 congregationis,
1436 359 1530 392 quam
1556 354 1712 382 secretam
1739 360 1796 393 ap·
1807 341 1857 392 'oiim¹
1874 338 1992 387 ’ἶὶζῖῗῗᾞῖ

1050 399 1191 440 pellant,
1218 400 1376 433 ecclesiae
1413 400 1443 434 S.
1469 401 1595 434 loannis
1629 402 1794 446 Baptistae
1807 389 1992 445 EL“1Z'2¹,?datl¹'¹2”.3

1050 451 1193 484 nationis
1220 452 1428 487 Florentinae
1467 454 1506 487 dc
1545 455 1658 488 cadem
1691 444 1886 494 Urbe.⁵'¹³''⁰'

1050 505 1148 546 quod,
1175 515 1247 538 cum
1273 506 1351 538 alias
1377 507 1491 548 nobis,
1518 508 1591 540 dum
1618 508 1794 541 cardinala-

1050 561 1099 589 tus
1126 557 1252 591 lionore
1280 559 1517 602 fungebamur,
1554 561 1656 593 dictae
1693 561 1795 594 eccle-

1049 609 1134 650 siae,
1162 610 1273 655 illique
1307 612 1427 645 dudum
1460 623 1476 646 a
1511 614 1611 647 felicis
1638 615 1793 648 recorda·

1051 663 1146 697 tionis
1164 665 1271 698 Leone
1287 665 1345 698 Pr.
1364 666 1388 698 X
1413 667 1665 709 praedecessore
1681 673 1793 701 nostro

1049 726 1192 751 annexae
1217 717 1386 751 Societatis
1413 719 1542 752 Pietatis
1568 725 1792 763 nuncupatae,

1049 780 1176 804 necnon
1205 771 1376 814 hospitalis
1401 773 1542 805 nationis
1568 774 1732 816 praefatae
1751 774 1795 806 vi-

1049 824 1155 858 sitatio
1189 836 1248 869 per
1284 826 1477 859 recolendae
1517 827 1692 860 memoriae
1725 827 1795 861 Cle-

1049 883 1192 911 mentem
1220 879 1278 912 PP.
1307 879 1345 912 >11
1383 881 1670 924 praedecessorem
1697 882 1793 915 etiam

1049 937 1194 965 nostrum
1222 933 1366 966 iniuncta
1394 934 1505 967 suisset
1524 961 1531 974 ‚
1558 945 1595 967 ac
1619 935 1670 968 die
1698 944 1793 968 xxvtu

1049 985 1235 1018 novembris
1253 996 1410 1020 nnccxxrx
1432 987 1636 1030 praedictum
1661 999 1793 1032 quoque

1049 1038 1210 1082 hospitale
1237 1046 1397 1082 perpetuo
1423 1041 1529 1073 eidem
1549 1041 1707 1074 ecclesiae
1727 1042 1794 1073 uni-

1050 1091 1199 1131 verimus,
1226 1102 1406 1136 novamque
1429 1103 1575 1126 normam
1594 1105 1649 1127 seu
1669 1095 1794 1127 metho-

1048 1144 1133 1183 dum,
1161 1145 1277 1188 quibus
1304 1146 1449 1185 ecclesia,
1476 1146 1614 1180 societas
1637 1153 1668 1180 et
1687 1147 1793 1191 bospi-

1049 1199 1111 1231 tale
1139 1198 1324 1232 huiusmodi
1352 1199 1508 1243 deinceps
1530 1201 1673 1243 regenda
1694 1206 1723 1233 et
1741 1201 1793 1234 ad-

1048 1252 1262 1285 ministranda
1296 1253 1425 1293 forent,
1460 1254 1790 1298 praescripaerimus,

1047 1305 1155 1338 omnia
1182 1315 1258 1338 vero
1296 1316 1355 1348 per
1381 1316 1439 1338 nos
1464 1312 1555 1348 gesta
1580 1317 1596 1339 a
1622 1307 1696 1350 piae
1722 1318 1792 1341 me-

1046 1358 1166 1392 moriae
1192 1359 1367 1392 Bcnedicto
1394 1360 1452 1393 PP.
1481 1360 1546 1392 Xlll
1571 1361 1712 1394 subinde
1738 1372 1794 1405 ap-

1047 1412 1181 1455 probata
1207 1417 1237 1444 et
1262 1412 1449 1445 confirmata
1476 1413 1621 1453 fuissent,
1641 1419 1741 1457 prout
1759 1414 1791 1447 in

1046 1464 1148 1508 ipsius
1186 1465 1350 1498 Benedicti
1388 1466 1650 1510 praedecessoris
1675 1467 1792 1500 cedula

1045 1524 1130 1551 motu
1158 1519 1293 1562 proprio
1316 1519 1368 1552 die
1389 1529 1450 1553 xxv
1469 1520 1589 1553 mensis
1609 1520 1791 1553 decembris

1045 1572 1275 1615 subsequentis
1309 1572 1451 1616 desuper
1486 1573 1661 1616 expedita,
1700 1574 1790 1607 cuius

1046 1630 1192 1658 tenorem
1219 1627 1449 1669 praesentibus
1474 1637 1533 1670 pro
1558 1626 1655 1670 plene
1674 1633 1705 1660 et
1722 1627 1790 1660 sus-

1044 1677 1193 1711 sicieuter
1219 1690 1372 1722 expresso
1398 1685 1430 1713 et
1455 1681 1578 1713 inserto
1600 1680 1715 1714 baberi
1735 1691 1790 1714 vo-

1044 1732 1163 1772 lumus,
1176 1732 1304 1776 plenius
1320 1733 1525 1773 continetur;
1541 1733 1681 1778 licetque
1700 1745 1789 1778 prac-

1044 1784 1139 1817 missa
1164 1785 1209 1818 sic
1234 1796 1294 1829 per
1319 1797 1379 1819 nos
1406 1786 1565 1830 disposita
1602 1787 1789 1821 executioni

1044 1838 1240 1873 demandata
1266 1840 1404 1881 suerint,
1432 1840 1508 1884 quia
1546 1846 1652 1874 tamen
1691 1852 1790 1885 expe-

1043 1892 1159 1925 rientia
1187 1899 1391 1937 compertum
1425 1893 1485 1926 suit
1517 1904 1575 1937 pro
1602 1894 1686 1927 sclici
1712 1905 1789 1938 pro-

1043 1956 1206 1990 speroque
1233 1951 1484 1980 memoratorum
1513 1947 1611 1979 trium
1640 1948 1787 1981 locorum

1044 1999 1170 2043 piorum
1196 1999 1354 2042 regimine
1380 2010 1416 2032 ac
1441 2000 1601 2042 gubernio
1627 1999 1734 2043 aliqua
1758 2011 1787 2033 a-

1043 2053 1085 2086 lia
1111 2053 1294 2086 ordinanda
1319 2059 1351 2086 et
1375 2053 1571 2087 stabilienda
1596 2054 1688 2095 sore;
1725 2054 1786 2098 ipsi

1043 2117 1121 2139 vero
1147 2112 1350 2150 exponentes
1377 2108 1438 2139 una
1463 2107 1663 2150 congregati,
1692 2117 1728 2140 ac
1753 2118 1786 2141 re

1043 2159 1097 2192 diu
1123 2165 1315 2203 matureque
1334 2162 1505 2203 perpensa,
1528 2161 1685 2204 quaedam
1704 2171 1786 2194 nova

1043 2219 1158 2246 statuta
1195 2224 1250 2246 seu
1288 2214 1431 2257 capitula
1468 2213 1680 2258 imposterum
1718 2225 1786 2247 scr-

1042 2267 1144 2299 vanda
1170 2266 1314 2300 unanimi
1348 2276 1506 2299 consensu
1539 2265 1714 2300 ediderunt
1744 2273 1785 2300 te-

1043 2319 1130 2353 noris
1158 2319 1210 2363 qui
1237 2319 1389 2363 sequitur,
1417 2319 1587 2352 videlicet:

1041 2389 1130 2419 Naevi
1151 2388 1264 2428 capitoli
1286 2398 1300 2417 e
1322 2389 1413 2417 ordini
1445 2388 1479 2417 cla
1500 2390 1651 2419 osser-varst
1679 2400 1731 2429 per
1763 2390 1785 2420 il
1822 2408 1906 2429 smum
1927 2408 1980 2430 rer--

1081 2438 1150 2467 buon
1171 2448 1287 2476 yoverno
1309 2448 1322 2466 e
1344 2437 1526 2475 reqolamento
1549 2437 1621 2468 della
1642 2438 1734 2468 chiesa
1756 2438 1868 2469 αἵὶηωωΓ

1079 2487 1111 2518 S.
1136 2487 1273 2518 Giovanui
1296 2486 1415 2516 Ballista
1436 2487 1508 2517 della
1530 2489 1645 2517 misione
1670 2487 1785 2519 Fioren-

1080 2538 1139 2567 tina
1161 2537 1189 2566 di
1211 2536 1306 2571 Roma,
1324 2547 1338 2565 ε
1359 2536 1430 2566 dello
1452 2537 1562 2576 spedale
1587 2548 1600 2566 e
1621 2541 1783 2578 campagnia

1080 2585 1152 2615 della
1175 2585 1254 2615 Piera
1276 2597 1290 2615 a
1314 2585 1405 2625 quella
1429 2586 1509 2616 anili.

1082 2656 1099 2677 ι,
1126 2647 1155 2677 ,Εἰ
1179 2647 1290 2679 ‹lerano
1313 2647 1428 2678 ritlurre
1451 2647 1489 2686 gli
1507 2647 1622 2679 utflziati
1639 2648 1692 2680 che
1707 2657 1784 2680 com--
