2182 3137
86 209 137 236 An.
158 208 188 236 C.
210 207 278 234 1730

126 704 172 726 Qua
195 702 270 723 condi·

86 730 141 750 tione
153 734 226 749 cursus
237 729 268 749 le-

84 756 167 782 gitimus
182 758 202 776 et
212 761 269 776 com-

85 784 154 808 pletus
180 787 268 803 censen-

85 809 123 829 dus
138 809 172 829 sit.

82 1242 97 1261 Α
114 1240 210 1266 quolibet
227 1247 267 1261 au-

83 1268 151 1288 ditore
202 1269 266 1288 semet

86 1295 105 1314 iu
120 1300 175 1315 anno
194 1294 267 1314 defen-

85 1321 154 1341 denda
166 1321 185 1341 in
193 1321 266 1347 aliqua

84 1347 158 1367 thesis.

107 1774 197 1800 Tempus
215 1776 265 1801 pos·-

79 1801 265 1823 baccalaureatum

80 1829 156 1848 ceteris
171 1829 262 1849 vacandi

80 1854 161 1876 studim

281 255 470 293 scholastico,
488 256 654 286 academiae
668 255 826 285 secretario
839 264 896 284 non
914 255 1025 284 licebit.

280 304 419 344 Idemque
441 303 587 334 obtinebit
610 314 662 343 pro
684 303 816 341 collegiis
830 326 838 339 ,
862 303 1028 333 seminariis

281 353 325 382 vel
363 353 550 391 regularibus
582 351 718 382 domibus
750 351 944 389 Cataloniae,
977 351 1026 381 ubi

280 406 358 432 artes
380 406 408 432 et
431 401 593 439 theologiae
618 401 747 438 legitime
780 401 953 430 doceantur.
977 400 1028 430 Ca-

280 455 345 481 veat
368 455 464 480 tamen
480 450 686 487 cancellarius,
704 459 741 479 ne
759 449 813 479 sub
833 449 887 479 hoc
903 449 1027 479 obtentu

279 509 336 529 non
361 499 483 537 legitimi
506 508 612 528 cursus
635 498 808 538 subrepant.

277 574 340 604 T1T.
358 573 457 604 XXIII.
476 592 508 595 —
531 574 571 604 De
589 574 685 612 reyuhi
708 574 740 603 ab
762 574 943 608 scholaribus,
962 574 1026 603 dum

430 627 529 653 cacan!
550 624 666 658 studiis,
690 624 868 653 observanda.

318 694 534 733 Cuiuscumque
567 694 714 724 facultatis
737 694 884 723 auditores
906 703 1025 723 cursum

278 743 308 772 in
332 743 433 782 quavis
452 743 577 772 scientia
599 743 761 781 legitimum
792 743 941 781 peregisse
966 751 1025 772 non

279 796 475 828 censeantur,
506 791 563 820 nisi
592 791 621 820 in
651 791 835 830 philosophia
861 800 912 830 per
934 791 1026 821 trien-

278 840 383 878 nium,
416 841 446 870 in
484 840 632 870 medicina
665 849 756 877 vero,
790 839 1025 878 iurisprudentia

279 892 307 917 et
330 889 479 926 theologia
505 888 731 928 quadriennium
762 888 918 926 diligenter
940 888 1025 918 statis

278 936 357 966 horis
380 942 439 966 tam
461 941 528 967 ante
551 947 637 976 quam
661 942 726 976 post
748 937 900 966 meridiem
924 937 1027 966 lectio-

277 985 365 1015 nibus
388 990 445 1015 tam
470 986 627 1015 ordinariis
649 995 736 1025 quam
760 985 1023 1019 extraordinariis,

277 1043 392 1064 necnon
415 1034 547 1064 thesibus
570 1035 791 1074 propugnandis
806 1059 813 1072 ,
831 1039 859 1064 et
881 1034 1026 1073 quibusli-

277 1081 326 1112 bet
347 1083 413 1112 aliis
436 1083 584 1113 consuetis
617 1083 770 1113 litterariis
800 1083 913 1113 actibus
936 1083 1026 1112 inter-

277 1131 398 1168 fuerint,
416 1137 503 1172 prout
525 1132 649 1170 singulis
665 1132 831 1162 academiae
847 1132 926 1170 leges
943 1141 1025 1171 prae-

278 1180 421 1210 scribunt.

317 1228 425 1259 Omnes
447 1229 663 1269 philosophiae,
688 1230 861 1261 medicinae.
881 1230 1025 1268 iurispru-

278 1277 396 1308 dentiae
412 1283 440 1308 et
453 1278 615 1317 theologiae
638 1279 787 1308 auditores
807 1279 965 1318 quotannis
980 1288 1025 1308 se-

278 1326 334 1356 mel
358 1327 464 1356 thesim
486 1327 615 1366 aliquam
631 1328 661 1356 in
679 1327 800 1366 propria
822 1327 971 1363 facultate,
990 1336 1022 1356 ex

277 1375 313 1404 iis
346 1386 420 1415 quae
449 1377 483 1405 ad
514 1377 647 1414 singulas
679 1376 877 1405 hebdomadas
899 1385 934 1405 ex
957 1385 1025 1413 sug-

276 1429 361 1462 gestu
384 1426 507 1465 proponi
530 1426 635 1463 solent,
652 1425 706 1455 sub
724 1426 855 1463 magistri
879 1426 1024 1464 praesidio

275 1473 432 1503 defendere
455 1474 547 1513 parati
571 1475 641 1510 siut,
661 1478 689 1504 et
708 1475 742 1503 ad
766 1475 895 1504 eiusdem
919 1479 1022 1504 nutum

275 1522 452 1559 defendant,
477 1524 532 1552 nisi
555 1523 686 1561 legitime
719 1524 927 1562 impediantur.
953 1523 1023 1552 Dili-

274 1575 378 1609 genter
402 1581 469 1600 vero
492 1572 684 1601 scholasticus
707 1572 848 1610 inquirat,
867 1581 901 1600 au
919 1571 948 1601 id
965 1572 1020 1610 ipsi

274 1611 485 1658 praestiterint,
506 1621 681 1659 praesertim
704 1630 769 1650 cum
794 1629 845 1658 pro
868 1620 1021 1649 baccalau-

273 1673 372 1698 reatus
395 1669 531 1698 examine
556 1669 671 1698 veniam
695 1669 848 1698 abeodem
872 1669 1021 1698 scholares

273 1719 426 1758 petierint.

314 1767 466 1797 Curriculo
483 1768 517 1797 ad
534 1767 788 1797 baccalaureatum
806 1768 938 1805 legitime
956 1777 1022 1806 per-

274 1821 349 1853 acto,
374 1817 575 1856 philosophiae
590 1841 597 1854 ,
623 1817 783 1852 medicinae
806 1822 834 1846 et
858 1817 1021 1855 theologiae

274 1865 397 1896 studiosi
413 1866 443 1895 iu
460 1874 589 1902 aunum,
608 1865 637 1895 iu
654 1865 806 1894 biennium
827 1875 895 1894 vero
912 1866 1021 1895 utrius-

274 1924 331 1954 que
348 1915 430 1952 iuris,
444 1914 479 1944 ad
493 1914 660 1944 academiae
679 1914 829 1953 placitum,
846 1923 914 1944 suae
930 1924 1022 1943 unus-

274 1964 400 2003 quisque
424 1964 555 1994 facultati
574 1964 732 2002 diligenter
749 1963 911 2001 incumbat,
928 1964 1022 2003 prius-

274 2023 361 2052 quam
385 2013 456 2052 ipsis
479 2022 530 2051 pro
554 2012 689 2042 licentiae
705 2013 797 2051 gradu
813 2022 934 2042 examen
954 2013 1022 2042 sub-

273 2062 316 2091 ire
338 2062 525 2091 concedatur.

314 2111 528 2141 (irami‘naticac
552 2111 659 2140 latinae
676 2115 703 2140 et
720 2120 853 2149 graecae,
871 2111 1023 2141 immanio-

274 2169 340 2190 rum
364 2160 529 2190 litterarum
551 2164 580 2189 et
602 2160 767 2189 matheseos
800 2160 947 2190 candidati
972 2170 1023 2190 au-

274 2218 378 2238 norum
402 2209 545 2238 rationem
562 2212 590 2238 et
609 2217 764 2238 numerum
788 2209 897 2239 eisdem
921 2210 1023 2239 acade-

273 2267 349 2288 miae
384 2257 585 2288 sanctionibus
622 2259 817 2297 praescriptos
852 2259 1020 2290 observent.

273 2307 389 2336 Artium
412 2316 529 2346 quoque
551 2307 680 2336 cultores
702 2307 857 2337 summulis
892 2308 1020 2346 logicae,

275 2356 523 2394 methaphisicae,
548 2356 682 2395 physicae
705 2356 834 2386 triennio
857 2357 927 2387 dent
954 2367 1023 2396 ope-

274 2413 349 2441 ram,
369 2408 401 2433 ut
418 2405 527 2443 pariter
549 2405 723 2434 academicis
742 2405 855 2443 legibus
871 2407 1020 2436 statuitur.

315 2453 475 2483 Medicinae
498 2453 646 2483 auditores
670 2463 747 2484 anno
771 2455 865 2493 primo
889 2455 1022 2484 lectioni-

275 2500 329 2530 bus
349 2501 556 2531 cathedrarum
580 2502 736 2540 primariae
766 2503 1021 2541 prognosticorum

275 2554 303 2579 et
325 2554 476 2579 anatomes
500 2550 578 2579 horis
601 2550 837 2580 autimeridianis
860 2552 1021 2588 intersint,

276 2602 341 2637 post
370 2598 522 2628 meridiem
557 2608 624 2628 vero
656 2598 833 2629 lectionibus
866 2601 1023 2630 cathedrae

347 2658 428 2683 liull.
456 2658 539 2682 Rom.
559 2673 589 2675 ἡ
615 2658 676 2683 Vol.
696 2657 805 2684 XXIII.
952 2658 992 2685 23

905 208 1048 231 CLEMENS
1075 210 1120 232 XII
1145 211 1195 233 ΡΡ.

1717 202 1781 235 177

1072 258 1256 295 vespertinae
1278 264 1306 288 et
1329 259 1475 295 methodi3
1499 269 1575 290 auno
1607 261 1735 290 secundo
1759 261 1817 300 pri-

1071 306 1181 335 mariae
1198 309 1453 344 prognosticorum
1469 314 1496 339 et
1512 314 1661 339 anatomes
1676 314 1741 339 ante
1756 318 1817 338 me-

1071 352 1185 389 ridiem,
1201 355 1329 384 methodi
1346 360 1374 385 et
1389 357 1553 395 chirurgiae
1571 362 1634 396 post
1650 357 1814 395 meridiem,

1071 410 1148 430 auno
1171 404 1256 431 tertio
1280 404 1437 442 primariae
1454 411 1481 436 et
1498 411 1648 436 anatomes
1671 411 1738 436 ante
1757 416 1815 435 me-

1072 449 1195 486 ridiem,
1219 452 1348 481 methodi
1371 458 1397 482 et
1431 454 1600 492 chirurgiae
1633 460 1698 494 post
1731 457 1817 486 meri-

1071 497 1169 533 diem,
1193 508 1269 528 anno
1298 506 1402 538 quarto
1435 503 1590 540 primariae
1614 504 1816 542 prognostico-

1071 555 1135 575 rum
1152 550 1180 575 et
1196 552 1347 577 anatomes
1366 554 1432 579 ante
1450 552 1614 588 meridiem,
1634 554 1815 591 vespertinae

1071 599 1099 624 et
1121 595 1286 634 chirurgiae
1310 603 1374 635 post
1397 600 1561 629 meridiem:
1586 601 1727 631 lectiones
1746 612 1816 641 quo-

1071 653 1127 682 que
1151 644 1352 683 simplicium,
1385 651 1415 676 ut
1444 647 1515 686 ipsis
1538 649 1727 687 iniungitur,
1756 660 1813 680 non

1071 697 1214 722 omittant.

1111 741 1363 781 lurisprmlentiae
1386 744 1508 774 studiosi
1525 745 1644 775 audiant
1662 756 1738 776 anno
1758 747 1817 786 pri-

1071 798 1117 818 mo
1141 795 1207 820 aute
1230 792 1383 821 meridiem
1415 793 1617 823 institutiones
1640 795 1759 833 civiles,
1784 800 1815 825 ut

1070 837 1100 867 in
1124 839 1208 869 titulo
1232 850 1248 869 x
1271 841 1422 874 statuitur,
1446 842 1549 872 itidem
1566 843 1722 873 cathedrae
1745 853 1815 882 pau-

1071 889 1223 919 dectarum
1255 890 1412 929 primariae
1446 892 1601 930 intersint,
1636 901 1703 921 mox
1735 903 1815 923 acce-

1070 938 1140 968 dant
1162 939 1197 968 ad
1219 939 1362 968 lectiones
1385 941 1635 970 extraordinarias
1658 942 1817 972 iustitutio-

1070 997 1140 1017 num
1165 988 1250 1026 primi
1274 993 1302 1017 et
1325 989 1445 1018 secundi
1463 989 1548 1025 libri3
1572 995 1634 1029 post
1649 991 1814 1027 meridiem,

1072 1037 1269 1075 vespertinam
1283 1038 1355 1066 iuris
1369 1039 1502 1067 canonici
1517 1039 1685 1068 cathedram
1699 1039 1815 1077 adeant,

1071 1090 1133 1114 tum
1149 1086 1179 1115 111
1197 1086 1318 1124 privatis
1332 1087 1592 1116 exercitationibus
1605 1088 1663 1117 sint
1679 1088 1817 1127 frequen-

1072 1138 1133 1162 tes:
1158 1144 1234 1163 anno
1268 1135 1396 1164 secundo
1424 1140 1492 1165 aute
1515 1136 1666 1166 meridiem
1699 1137 1817 1166 institu-

1070 1183 1164 1213 tiones
1187 1183 1299 1221 civiles,
1320 1189 1351 1213 ut
1372 1185 1401 1214 111
1420 1185 1503 1214 1111110
1521 1195 1553 1222 x,
1571 1186 1739 1215 cathedram
1758 1187 1816 1225 pri-

1071 1232 1194 1261 mariam
1217 1242 1374 1269 canonum,
1399 1239 1426 1263 et
1449 1234 1590 1264 lectiones
1613 1235 1815 1264 extraordina-

1069 1282 1127 1310 rias
1157 1282 1375 1312 institutionum
1410 1283 1540 1313 civilium
1575 1284 1642 1313 libri
1676 1285 1754 1314 tertii
1787 1290 1816 1314 et

1069 1331 1167 1367 quarti
1182 1331 1320 1367 audiaut3
1339 1336 1401 1370 post
1419 1332 1583 1370 meridiem,
1602 1333 1813 1371 pandectarum

1069 1379 1238 1408 cathedram
1263 1381 1483 1419 vespertinam,
1515 1386 1542 1411 et
1575 1382 1604 1410 iu
1629 1383 1817 1411 exercitatio-

1068 1427 1154 1457 nibus
1181 1429 1302 1467 privatis
1332 1429 1492 1459 intersint:
1528 1440 1605 1460 auuo
1633 1431 1719 1460 tertio
1747 1438 1813 1460 aute

1067 1477 1221 1506 meridiem
1245 1478 1446 1508 institutiones
1469 1480 1591 1517 civiles,
1619 1484 1650 1509 ut
1674 1480 1760 1509 titulo
1778 1490 1813 1518 x,

1067 1526 1236 1555 cathedram
1260 1527 1368 1556 codicis
1392 1529 1586 1567 primariam,
1616 1533 1644 1559 et
1673 1530 1815 1559 lectiones

1066 1573 1317 1602 extraordinarias
1340 1574 1406 1603 libri
1435 1575 1519 1613 primi
1538 1580 1565 1604 ct
1588 1576 1709 1604 secundi
1733 1576 1817 1605 iusti-

1067 1621 1211 1650 tutionum
1228 1623 1372 1659 civilium,
1388 1628 1451 1661 post
1468 1623 1631 1657 meridiem,
1647 1625 1814 1653 cathedram

1069 1671 1263 1709 vespertinam
1287 1671 1412 1709 codicis,
1431 1676 1459 1700 et
1483 1672 1598 1701 easdem
1624 1673 1750 1711 privatas
1767 1684 1816 1702 ex-

1065 1720 1255 1750 ercitationes
1277 1721 1405 1750 obeant:
1437 1731 1514 1751 anno
1537 1727 1642 1761 quarto
1666 1727 1733 1752 ante
1757 1732 1816 1752 me-

1066 1770 1170 1799 ridiem
1204 1770 1345 1799 lectiones
1373 1772 1624 1801 extraordinarias
1658 1772 1816 1802 institutio-

1067 1827 1135 1847 uum
1159 1818 1289 1847 civilium
1306 1819 1373 1848 libri
1398 1820 1475 1849 tertii
1499 1825 1526 1849 et
1549 1821 1647 1859 quarti
1666 1826 1694 1850 et
1717 1822 1815 1850 cathe-

1066 1867 1147 1896 dram
1165 1867 1298 1903 Decreti3
1317 1873 1380 1906 post
1399 1869 1559 1904 meridiem,
1577 1869 1746 1898 cathedram
1762 1870 1801 1899 Yo

1067 1916 1197 1953 luminis,
1222 1921 1249 1945 et
1274 1917 1394 1955 privatis
1418 1918 1530 1955 pariter
1553 1918 1816 1947 exercitationibus

1067 1969 1190 2001 vacent,
1216 1966 1369 1994 cathedras
1392 1966 1499 2003 Digesti
1524 1967 1632 1996 veteris
1654 1967 1742 1996 etiam
1766 1976 1816 1996 au-

1067 2013 1166 2050 diant,
1192 2018 1224 2043 ut
1248 2014 1319 2052 ipsis
1343 2014 1572 2053 praescribetur.

1106 2062 1160 2097 Qui
1184 2062 1241 2092 iuri
1266 2063 1408 2092 canonico
1441 2064 1581 2099 student,
1606 2068 1708 2093 exacto
1733 2064 1814 2102 prius

1067 2111 1096 2140 111
1120 2111 1356 2150 iurisprudeutia
1379 2112 1458 2141 civili
1481 2112 1610 2142 biennio⁴
1628 2113 1655 2142 id
1675 2117 1718 2142 est
1737 2122 1813 2142 anuo

1068 2160 1176 2198 tertio,
1201 2161 1322 2190 audiant
1344 2165 1410 2190 ante
1434 2161 1587 2190 meridiem
1614 2162 1814 2191 institutiones

1068 2209 1191 2245 civiles,
1220 2214 1251 2239 ut
1284 2210 1368 2239 titulo
1393 2220 1430 2248 x,
1462 2211 1583 2248 iusuper
1613 2214 1640 2238 et
1674 2210 1813 2238 lectiones

1067 2259 1317 2288 extraordinarias
1341 2259 1560 2288 institutionum
1590 2259 1719 2287 civilium
1746 2258 1812 2287 libri

1068 2307 1155 2346 primi
1186 2312 1214 2337 et
1248 2308 1391 2343 secundi,
1417 2312 1444 2336 et
1476 2307 1643 2336 cathedram
1677 2307 1812 2343 Decreti3

1068 2360 1132 2394 post
1150 2356 1300 2385 meridiem
1318 2356 1437 2385 audiant
1453 2356 1593 2384 lectiones
1611 2355 1812 2392 decretalium,

1068 2410 1099 2434 ut
1121 2405 1221 2434 eodem
1246 2405 1329 2434 titulo
1354 2415 1391 2433 x:
1415 2414 1490 2433 anuo
1513 2409 1618 2443 quarto
1641 2408 1708 2433 aute
1732 2405 1816 2433 meri-

1067 2455 1144 2484 diem
1168 2455 1309 2484 lectioues
1326 2454 1574 2484 extraordinarias
1596 2454 1813 2483 institutionum

1068 2503 1199 2532 civilium
1222 2502 1289 2532 libri
1313 2503 1390 2532 tertii
1410 2507 1437 2532 et
1460 2503 1568 2542 quarti,
1594 2506 1621 2531 et
1645 2502 1813 2532 cathedram

1067 2551 1189 2581 Concilii
1212 2551 1397 2587 Tridentini3
1423 2556 1487 2590 post
1509 2551 1661 2580 meridiem
1685 2551 1816 2580 decreta-

1068 2601 1119 2638 les,
1139 2604 1170 2630 ut
1186 2600 1315 2639 praefato
1332 2599 1426 2629 titulo.
1443 2600 1569 2630 Audiant
1585 2608 1701 2639 quoque
1718 2600 1815 2630 cathe-

1830 213 1878 236 Α11.
1897 211 1927 239 C.
1946 211 2015 238 ¹730
