2182 3137
872 233 1017 257 ctmtcxs
1045 234 1088 258 xn
1114 235 1161 259 rr.
1656 226 1720 259 319
1769 239 1806 261 An
1840 235 1859 258 (2
1889 233 1954 260 1732

1022 282 1106 315 diate
1132 285 1300 327 sequenti,
1329 287 1375 319 vel
1402 287 1463 319 alia
1491 287 1542 319 die
1568 287 1652 318 intra
1676 295 1758 317 eain-

1021 335 1092 367 dem
1113 336 1370 379 hebdomadam,
1392 340 1593 372 sanctissima
1613 349 1758 372 commn-

50 235 100 261 Απ.
115 234 147 262 C.
166 233 233 261 1732

0 294 15 307 0
87 295 144 318 Quae
160 294 231 320 requi-

285 283 300 326 ἓ
323 283 353 315 ·1.
381 283 490 326 ltaque
516 283 553 315 de
579 283 813 326 omnipotentis
839 281 893 314 Dei
922 282 980 313 nsi-

48 322 419 372 {illlssss‘fn'ffllflllscriem-dia
449 346 485 369 ae
516 337 684 368 beatorum
717 335 801 368 l‘etri
829 341 859 368 et
886 334 977 366 Pauli

47 375 113 394 immo
121 374 135 393 tl
156 379 231 400 acqui-

46 403 150 421 sinonem.

242 389 466 432 apostolorum
485 389 555 421 eins
580 388 773 421 auctoritate
795 388 921 428 confisi,
940 399 976 420 ex

241 441 296 474 illa
329 441 449 483 ligandi
486 448 581 484 atque
616 441 763 474 solvendi
802 446 975 483 potestate,

241 505 338 537 qnam
376 494 471 527 nobis
508 494 684 534 Dominus,
710 494 786 526 licet
811 494 976 535 indignis,

240 547 383 583 contulit.
409 547 571 580 universis
598 552 630 580 et
653 547 791 590 singulis
809 547 977 590 utriusque

240 610 336 633 sexus
362 599 631 632 christifidelibus
658 600 689 632 in
716 601 799 633 alma
817 599 902 632 Urbe
923 610 978 632 no-

241 654 308 685 stra
334 652 541 695 degentibus,
567 653 620 696 qni
646 653 677 686 S.
705 653 834 685 loannis
865 652 895 684 in
922 653 978 685 La-

241 712 366 746 terano,
391 706 536 739 eiusdem
564 706 722 749 Principis
749 706 975 750 Apostolorum

240 765 272 792 et
295 759 326 792 S.
354 760 470 792 Mariae
495 760 623 792 Maioris
657 759 811 792 ecclesias
847 770 901 792 scn
929 760 977 791 ba-

240 813 358 854 silicas,
379 813 427 845 vel
450 823 559 845 earum
586 813 738 856 aliquam,
761 812 844 845 iutra
863 813 978 845 decur-

239 876 307 898 sum
335 865 524 908 proximae,
552 876 634 908 quae
670 866 731 898 erit
766 866 869 909 prima
895 866 978 906 Qua-

239 918 452 961 dragcsimae,
472 919 520 951 vel
542 918 729 951 immediate
748 919 976 962 subsequentis

238 971 477 1009 hebdomadae,
503 981 604 1014 usque
635 971 673 1003 ad
699 971 895 1004 dominicam
921 982 975 1004 se-

239 1030 394 1067 quentem
419 1024 586 1064 inclusive,
613 1026 727 1057 saltem
753 1026 854 1057 semel
873 1025 978 1057 visita-

236 1078 363 1119 verint,
400 1077 512 1121 ibique
551 1088 609 1121 per
649 1079 781 1122 aliquod
823 1079 978 1122 temporis

238 1131 379 1175 spatium
406 1131 531 1171 devote,
557 1136 591 1163 ut
615 1142 712 1175 supra
737 1132 834 1164 Deum
866 1143 976 1165 orave-

237 1185 320 1224 rint,
348 1195 385 1217 ae
409 1187 523 1227 quarta
549 1190 580 1217 et
604 1187 693 1218 sexta
725 1186 806 1219 feria
839 1197 874 1218 ac
907 1186 978 1217 sab-

236 1239 312 1272 bato
349 1238 483 1271 alterins
520 1249 556 1271 ex
583 1239 735 1282 praefatis
762 1239 977 1272 hebdomadis

236 1291 475 1331 ieiunat-erint,
514 1298 545 1324 et
575 1298 706 1335 peccata
732 1303 787 1325 sua
813 1293 974 1332 confessi,

237 1345 476 1378 sanctissimum
498 1345 721 1378 Eucharistiae
739 1353 975 1379 sacramentum

237 1398 270 1431 in
309 1398 562 1436 d01ninica,die
601 1399 786 1431 immediate
813 1400 975 1442 sequenti,

235 1453 286 1485 vel
303 1452 365 1485 alia
386 1451 437 1484 die
457 1451 540 1484 intra
558 1453 704 1485 eamdem
725 1452 977 1492 hebdomadam,

236 1510 424 1539 reverenter
460 1507 674 1549 sumpserint,
705 1518 741 1539 ac
777 1507 977 1550 pauperihus

236 1559 378 1603 aliquam
405 1560 659 1603 eleemosynam,
686 1567 783 1603 prout
800 1560 977 1602 unicuique

236 1617 389 1654 suggeret
414 1612 563 1651 devotio,
590 1614 819 1654 erogaverint,
859 1613 975 1645 ceteris

236 1675 314 1698 vero
352 1664 382 1696 in
419 1665 574 1697 universa
610 1665 699 1698 ltalia
733 1671 763 1697 ct
788 1666 902 1698 insulis
928 1667 974 1699 illi

236 1718 460 1751 adiacentibus
486 1718 701 1761 degentibus,
737 1719 789 1762 qni
824 1720 975 1752 ecclesias

236 1772 275 1805 ab
300 1771 481 1804 Ordinariis
508 1771 654 1805 locorum
680 1773 728 1805 vel
756 1783 867 1805 eorum
893 1773 975 1806 vica-

235 1826 292 1858 riis
317 1836 374 1858 sen
400 1825 602 1867 officialibus,
629 1831 684 1858 aut
702 1826 740 1860 de
759 1837 975 1868 eoruianan-

235 1879 331 1918 dato,
357 1884 399 1919 et,
424 1879 502 1922 ipsis
536 1879 763 1912 deficientibus
779 1907 786 1920 ‚
811 1891 871 1923 per
896 1891 972 1921 008,

235 1933 288 1976 qui
304 1932 347 1965 ibi
364 1943 471 1965 curam
486 1932 667 1965 animarum
695 1939 857 1973 exercent,
884 1939 974 1976 post—

235 1996 331 2030 quam
368 1985 407 2018 ad
445 1996 557 2018 eornm
584 1986 732 2019 notitiam
759 1987 819 2020 hae
844 1993 973 2020 nostrae

233 2040 454 2084 pervenerint,
480 2039 722 2082 designandas,
748 2041 796 2073 vel
823 2041 974 2073 ecclesia-

233 2103 302 2126 rum
329 2092 513 2125 hniusmodi
536 2093 687 2136 aliquam,
709 2093 812 2137 spatio
834 2094 971 2127 duarum

233 2145 384 2178 similiter
409 2145 691 2178 hebdomadarum
717 2158 734 2179 a
751 2146 972 2190 publicatione

234 2199 468 2242 designationis
488 2209 546 2242 per
563 2199 764 2241 Ordinarios,
784 2202 833 2234 vel
860 2211 970 2233 eorum

233 2253 387 2292 vicarios,
426 2263 484 2285 sen
517 2252 693 2292 officiales,
721 2254 768 2286 vel
803 2254 905 2296 alios,
938 2260 973 2286 ut

232 2307 440 2351 praefertur,
472 2305 640 2339 faciendae
674 2307 919 2340 decnrsnrarum
938 2307 969 2348 ¹,

233 2360 347 2393 saltem
369 2361 470 2392 semel
490 2360 693 2392 visitaverint
710 2387 716 2400 ‚
736 2361 854 2404 ibique,
873 2367 907 2393 ut
925 2372 972 2394 su-

231 2423 303 2457 pra,
325 2412 505 2452 oraverint,
525 2424 560 2445 ac
580 2415 691 2456 quarta
709 2418 741 2446 et
766 2417 853 2447 sexta
880 2413 970 2455 seria,

232 2477 268 2499 ac
294 2466 429 2499 sabbato
455 2466 585 2499 alterius
611 2477 647 2499 ex
675 2466 888 2501 hebdomadis
915 2468 972 2500 hu-

232 2520 373 2553 iusmodi
392 2519 618 2560 ieiunaverint,
635 2520 822 2564 pariterque
841 2529 972 2565 peccata

231 2583 287 2607 sua
312 2573 463 2612 confessi,
490 2583 526 2606 ac
552 2573 581 2605 in
608 2574 659 2606 die
686 2574 845 2607 dominica
864 2575 972 2608 imme-

267 2637 278 2664 1
301 2634 370 2662 Edit.
392 2634 472 2662 lllain.
494 2634 561 2670 legit
581 2635 768 2663 decursarum
790 2637 827 2670 (n.
844 2636 893 2671 T.).

1021 388 1118 421 nione
1145 390 1257 422 refecti
1285 391 1421 431 fuerint,
1449 398 1481 425 et
1506 393 1703 435 pauperibus
1728 402 1758 424 a-

1021 441 1139 484 liquam
1166 443 1429 487 eleemosynam,
1456 452 1490 477 ut
1516 446 1756 488 praemittitur,

1021 495 1237 537 erogaverint,
1263 498 1485 539 plenissimam
1511 500 1656 531 onmium
1682 509 1758 542 pec-

1020 552 1162 580 catorum
1189 559 1321 581 suornm
1340 550 1576 593 indulgentiam
1595 559 1623 585 et
1645 552 1756 585 remis-

1020 600 1166 640 sionem,
1193 601 1275 634 sieut
1301 602 1332 634 in
1358 614 1443 636 anno
1471 605 1599 637 inbilaei
1626 606 1758 638 visitan-

1022 653 1104 686 tibus
1129 659 1233 686 certas
1259 655 1412 688 ecclesias
1439 657 1521 689 intra
1544 663 1575 690 et
1593 664 1682 690 extra
1704 658 1757 690 Ur-

1022 707 1093 738 bem
1119 708 1319 750 praedictam
1346 710 1481 741 concedi
1508 711 1684 750 consuevit,
1711 717 1757 743 te-

1021 770 1101 792 nore
1127 761 1348 803 praesentium
1374 763 1583 795 concedimus
1621 769 1651 796 et
1676 766 1758 797 clar-

1021 814 1140 856 gimnr.
1167 814 1359 857 Navigantes
1379 826 1453 848 vero
1473 822 1503 848 et
1521 816 1582 848 iter
1611 824 1755 859 agenn-S,

1020 873 1061 905 ut,
1089 878 1159 899 cnm
1187 868 1325 910 primum
1351 869 1390 901 ad
1418 880 1470 901 sua
1497 880 1568 902 sese
1595 870 1759 902 domicilia

1022 920 1227 964 receperint,
1264 922 1492 965 suprascriptis
1529 923 1696 966 peracti5‚
1728 929 1759 955 et

1021 974 1146 1006 visitata
1171 974 1306 1007 ecclesia
1333 975 1534 1015 cathedrali,
1562 977 1610 1009 vel
1644 977 1757 1009 maiori

1021 1032 1073 1058 ant
1109 1027 1289 1070 parochiali
1329 1028 1391 1060 loci
1429 1039 1540 1061 eorum
1575 1029 1756 1070 domicilii,

1021 1081 1167 1112 eamdem
1194 1081 1430 1123 indulgentiam
1452 1082 1607 1125 consequi
1634 1084 1759 1125 possuit

1021 1139 1049 1166 et
1077 1135 1221 1167 valeant:
1248 1135 1452 1177 regularibus
1477 1141 1584 1167 autem
1611 1135 1757 1178 personis

1022 1186 1188 1230 utriusque
1213 1198 1316 1226 sexus,
1345 1188 1441 1220 etiam
1469 1188 1499 1220 in
1522 1189 1669 1221 claustris
1691 1199 1758 1231 per-

1021 1245 1118 1282 petuo
1144 1241 1348 1283 degentibus,
1376 1252 1505 1274 necnon
1533 1243 1604 1274 aliis
1629 1242 1758 1285 quibus·

1021 1304 1159 1336 cumque
1187 1299 1248 1326 tam
1273 1294 1363 1327 laicis
1387 1305 1480 1337 (piam
1512 1295 1754 1335 ecclesiasticis,

1021 1347 1242 1380 saecularibus
1267 1349 1315 1380 vel
1342 1347 1566 1389 regularibus,
1603 1348 1697 1381 etiam
1725 1349 1757 1382 in

1020 1411 1151 1433 carcere
1177 1405 1230 1434 aut
1255 1402 1441 1444 captivitate
1468 1401 1690 1442 existentibus,
1709 1403 1757 1436 vel

1020 1454 1128 1496 aliqua
1154 1455 1298 1497 corporis
1321 1455 1505 1488 infirmitate
1524 1466 1579 1487 seu
1600 1456 1662 1489 alio
1682 1467 1758 1500 qno-

1020 1518 1161 1550 eumque
1187 1509 1421 1551 impedimento
1448 1509 1600 1550 detentis,
1623 1510 1676 1553 qni
1703 1521 1757 1542 su-

1020 1571 1078 1603 pra
1118 1572 1270 1604 expressa
1308 1563 1356 1594 vol
1393 1573 1504 1595 eorum
1531 1563 1638 1605 aliqua
1665 1574 1758 1606 prae-

1020 1619 1104 1646 stare
1131 1615 1357 1657 nequiverint,
1383 1622 1415 1647 nt
1442 1615 1496 1648 illa
1522 1617 1756 1657 confessarius,

1019 1677 1055 1699 ex
1093 1667 1155 1700 iam
1192 1667 1380 1710 approbatis
1406 1679 1423 1700 a
1449 1670 1594 1701 locorum
1621 1669 1757 1703 Ordina-

1019 1719 1073 1752 riis
1110 1726 1183 1753 aute
1221 1722 1442 1764 praesentium
1479 1722 1752 1766 publicationem,

1018 1784 1073 1806 sen
1111 1775 1350 1818 approbandis,
1377 1775 1423 1808 eis
1461 1775 1491 1808 in
1530 1777 1591 1809 alia
1624 1777 1755 1820 pietatis

1017 1838 1116 1870 opera
1142 1834 1362 1868 commutare,
1387 1830 1435 1862 vel
1474 1829 1504 1861 in
1538 1829 1622 1862 alind
1649 1831 1758 1873 proxi-

1017 1891 1102 1913 mum
1141 1887 1270 1925 teinpus
1306 1893 1481 1925 prorogare
1507 1883 1630 1926 possit,
1656 1894 1757 1927 eaque

1018 1934 1199 1977 iniungere,
1220 1946 1302 1979 qnae
1324 1935 1385 1979 ipsi
1404 1936 1610 1979 poenitentes
1628 1937 1756 1969 efficere

1016 1993 1179 2030 poterunt,
1208 1989 1329 2031 pariter
1354 1989 1562 2022 concedimus
1596 1995 1627 2022 et
1653 1990 1756 2023 indul-

1015 2051 1140 2082 gemus.

1060 2095 1074 2137 ᾗ
1109 2094 1141 2127 3.
1181 2095 1315 2139 Insuper
1352 2096 1504 2139 praefatis
1543 2097 1692 2130 omnibus
1726 2103 1756 2131 et

1016 2147 1151 2190 singulis
1176 2148 1444 2182 christifidelibus
1471 2150 1639 2194 utriusque
1659 2162 1754 2184 sexus

1019 2206 1080 2233 tam
1108 2201 1197 2234 laicis
1224 2214 1318 2245 qnam
1346 2203 1588 2243 ecclesiasticis,
1616 2206 1754 2238 saecula-

1017 2254 1104 2287 ribus
1136 2260 1167 2288 et
1202 2256 1405 2298 regularibus
1441 2257 1579 2289 cuiusvis
1616 2257 1753 2298 Ordinis,

1015 2309 1280 2351 congregationis
1306 2315 1338 2342 et
1364 2309 1509 2350 instituti,
1533 2316 1594 2342 tam
1619 2310 1650 2342 in
1670 2310 1754 2343 Urbe

1017 2371 1111 2404 qnam
1150 2362 1181 2393 in
1220 2362 1371 2395 universa
1407 2362 1495 2395 Italia
1532 2368 1563 2395 et
1589 2363 1700 2396 insulis
1726 2364 1753 2397 ei

1016 2414 1241 2447 adiacentibus
1267 2415 1461 2458 praedictis,
1491 2422 1524 2447 ut
1550 2416 1753 2459 praefertur,

1017 2468 1235 2510 degentibus,
1274 2469 1437 2501 licentiam
1475 2469 1686 2502 concedimus
1723 2476 1754 2503 et

1017 2521 1220 2562 facultatem,
1249 2527 1281 2553 ut
1318 2521 1378 2554 sibi
1416 2521 1455 2554 ad
1492 2521 1579 2554 hunc
1605 2521 1753 2556 effectum

1016 2575 1140 2616 eligere
1178 2576 1304 2618 possint
1339 2585 1579 2620 quemcumque
1618 2578 1753 2622 presby-

1017 2633 1119 2661 terum
1164 2628 1400 2662 confessarium
1449 2634 1512 2663 tam
1551 2631 1752 2665 saecularem

1793 2105 1823 2127 Do
1844 2106 1950 2127 K'f'nst·.<3·'l·

1766 2133 1798 2155 rio
1817 2133 1923 2159 ebgendo.
