2182 3137
200 270 385 300 Amet-133
433 260 496 295 56⁶2

205 333 375 353 mmmnntmun.
395 324 454 359 tes,
484 323 514 351 et
539 329 556 351 a
582 316 750 361 quibusvis
771 315 1131 357 excommnuicationis,

200 365 614 415 lisia-tamini'i'lliiu'n,suspensionis
634 375 663 403 et
682 369 856 409 interdicti,
875 369 1012 412 aliisque
1029 370 1134 402 eecle-

199 412 356 458 l'iis¹¹“²'‘”¹¹¹‘¹¹
379 424 530 457 'siastieis
556 422 747 462 sententiis,
773 421 920 455 censuris
946 427 977 454 et
1002 421 1131 465 poeuis,

394 488 410 510 a
429 478 497 509 iure
523 477 572 509 vel
598 476 637 508 ab
664 475 807 514 homine,
832 474 944 518 quavis
961 474 1132 507 occasione

393 531 442 564 vel
469 531 565 562 causa
589 529 661 562 latis
679 556 686 569 ,
720 529 745 561 si
779 529 897 572 quibus
929 528 1135 572 quomolibet

395 583 570 615 innodatus
595 581 718 622 existit,
744 582 783 614 ad
810 580 958 614 effectum
982 580 1156 624 praesen-*

395 637 470 668 tium
503 635 668 668 dumtaxat
704 635 992 678 consequendum,
1020 635 1132 667 harum

393 689 476 722 serie
521 688 725 721 absolventes
765 693 796 721 et
838 688 1023 721 absolutum
1066 688 1133 721 fore
1155 704 1157 735 ·]

393 748 584 782 censentes,
620 742 808 775 huiusmodi
843 741 1135 786 supplicationibus

394 796 565 838 inclinati,
592 806 706 829 omnes
731 801 762 828 et
787 795 930 838 singulas
956 795 1134 828 confrater·
1156 809 1157 814 ¹

393 850 510 883 nitates
536 850 719 893 praedictas
745 850 803 882 sub
830 849 923 882 titulo
950 849 983 881 B.
1017 848 1134 881 Mariae

394 903 532 946 Virginis
567 903 697 946 Septem
731 903 885 936 Dolorum
919 913 936 935 a
960 901 1157 944 superiori-¹

393 958 455 990 bus
482 957 688 1000 generalibus
713 956 744 989 in
772 956 935 999 quibusvis
963 961 1025 988 tam
1058 955 1133 988 dicti

393 1011 542 1052 Ordinis,
569 1021 664 1054 quam
691 1010 763 1044 aliis
796 1010 944 1043 ecclesiis
977 1019 1032 1042 seu
1063 1019 1135 1042 ora-

396 1063 507 1103 toriis,
534 1063 730 1106 ubicumque
748 1063 895 1095 locorum
915 1063 953 1094 de
971 1061 1133 1105 praesenti
1155 1055 1158 1079 ἶ

394 1122 534 1157 erectas,
562 1116 690 1149 tametsi
716 1116 755 1148 de
782 1126 892 1149 earum
918 1115 1076 1148 canoniea
1095 1115 1134 1147 ab
1156 1141 1157 1145 ,

394 1169 488 1202 initio
514 1170 677 1202 erectione
703 1174 733 1202 et
758 1169 962 1202 institutione
988 1179 1053 1201 non
1080 1179 1134 1211 ap·
1156 1171 1157 1189 t

394 1229 526 1266 pareat,
546 1234 606 1256 nec
624 1223 712 1266 ipsae
730 1223 1016 1256 confraternitates
1034 1233 1133 1255 novas

394 1277 595 1310 erectionum
622 1282 654 1309 ct
679 1276 942 1316 institutionum,
969 1287 1025 1310 seu
1049 1287 1157 1318 com-,

394 1329 619 1363 municationis
639 1330 929 1373 indulgentiarum,
948 1331 1134 1363 facultatum
1156 1322 1157 1375 J

394 1390 425 1417 et
448 1383 691 1427 privilegiorum
708 1383 896 1417 huiusmodi
913 1384 1036 1417 litteras
1050 1383 1135 1416 intra
1156 1409 1157 1413 ,

395 1442 519 1480 tempus
546 1448 562 1469 a
587 1437 753 1480 praedicta
784 1436 958 1470 Clementis
992 1437 1130 1480 praede-

394 1490 531 1524 cessoris
569 1490 799 1523 constitutionc
836 1489 1015 1533 praefixum
1052 1490 1136 1523 obti-

394 1544 501 1576 nuisse
528 1544 755 1587 reperiantur,
781 1554 841 1576 nec
867 1543 898 1575 in
925 1553 1034 1576 earum
1068 1554 1136 1576 ere-

394 1597 553 1630 ctionibus
581 1602 611 1629 et
647 1596 904 1629 institutionibus
937 1591 1158 1639 praescripta³

395 1660 453 1692 per
478 1650 622 1682 eamdem
648 1649 913 1682 constitutionem
932 1654 1056 1682 servata
1071 1649 1136 1681 fue-
1157 1650 1159 1661 “

394 1702 466 1742 rint,
494 1703 688 1735 auctoritate
707 1702 894 1745 apostolica,
915 1707 1027 1734 tenore
1044 1712 1137 1745 prae·

394 1755 544 1796 sentium,
563 1756 794 1788 confirmamus
817 1761 848 1787 et
866 1755 1054 1794 validanms,
1073 1766 1137 1787 eas-
1158 1757 1160 1793 J

394 1819 457 1851 que
484 1809 515 1840 in
541 1813 623 1841 statu
651 1808 755 1841 valido
783 1818 852 1841 esse
875 1813 906 1840 et
933 1808 1001 1840 fore
1027 1807 1136 1840 decer·
1158 1803 1159 1841 ἶ

394 1862 502 1893 nimus
519 1867 551 1893 et
569 1861 783 1900 declaramus,
804 1861 834 1893 in
853 1861 1003 1893 omnibus
1022 1866 1050 1893 et
1078 1871 1136 1903 per
1158 1859 1159 1873 ¹

394 1915 513 1952 omnia,
532 1914 668 1957 perinde
687 1924 722 1945 ac
741 1914 763 1946 si
792 1914 863 1946 illas
888 1924 1001 1947 omnes
1026 1920 1057 1947 et,
1073 1914 1137 1947 sin-
1158 1906 1159 1921 ³

982 266 1162 293 animantum
1185 266 1341 294 ROMANUM

1922 267 1975 295 An.
1991 267 2020 295 C.
2044 265 2110 300 ¹78,ss

1177 318 1300 350 servata
1326 322 1430 351 tamen
1455 316 1622 360 ceteroqui
1649 315 1918 350 constitutionum

1177 375 1208 402 et
1244 370 1448 403 decretorum
1485 369 1582 402 buius
1621 369 1757 402 Sanctae
1794 367 1915 408 Sedis,

1178 422 1368 465 praesertim
1395 422 1480 455 circa
1507 422 1690 455 distantiam
1710 422 1854 455 locorum
1885 420 1917 454 in

1178 476 1342 509 erectione
1369 475 1671 509 confraternitatum
1697 474 1811 508 similis
1832 474 1920 507 insti-

1180 529 1238 561 tuti
1264 529 1474 567 servandam,
1499 533 1723 561 emanatorum
1755 528 1859 560 forma
1888 531 1920 560 et

1179 582 1414 626 dispositione,
1442 582 1480 615 de
1507 592 1591 614 novo
1617 580 1771 622 erigimus
1796 585 1828 613 et
1863 580 1919 613 in-

1154 627 1157 649 t
1178 635 1352 667 stituimus.

1223 688 1237 731 g
1261 687 1292 721 3.
1321 688 1468 720 Ceterum
1495 687 1525 720 in
1553 687 1718 721 erectione
1744 685 1920 720 etinstitu·
1942 690 2112 729 mtaaquzmm
2145 682 2155 722 .’

1180 741 1266 774 tione
1293 739 1446 774 similium
1473 739 1774 773 confraternitatum
1801 732 1840 772 de
1872 725 2136 778 ce-?.¹l⁰?=20'liml.l‚¹.l;,

1180 801 1247 827 tero
1275 793 1426 826 iaciendis
1450 793 1584 826 formam
1603 793 1635 825 in
1654 792 1839 836 supradicta
1855 791 1921 825 Cte—
1940 805 2100 836 fomuiuuonis

1180 847 1296 880 mentis
1310 846 1571 891 praedecessoris
1586 845 1819 880 constitutione
1832 856 1920 890 prae·
1931 831 2042 852 ⁰⁹¹⁸⁰¹¹¹¹⁸
2063 830 2113 852 ‘¹¹¹'

1179 903 1331 945 scriptam
1357 901 1552 934 adamussim
1585 900 1703 934 servari
1743 901 1918 940 volumus;

1179 955 1324 998 alioquin
1351 954 1533 988 erectiones
1559 960 1590 987 et
1615 953 1838 987 institutiones
1862 952 1922 986 hu-

1181 1009 1315 1042 iusmodi
1342 1008 1463 1042 nullius
1490 1008 1623 1042 omnino
1642 1008 1706 1041 sint
1722 1007 1853 1040 roboris
1871 1006 1921 1040 vel

1181 1062 1349 1096 momenti.

1223 1117 1237 1159 g
1262 1116 1293 1148 [ι.
1321 1115 1550 1155 Decernentes,
1577 1116 1710 1148 easdem
1729 1119 1922 1158 praesentes

1179 1168 1302 1202 litteras
1316 1178 1445 1212 semper
1460 1168 1577 1208 firmas,
1593 1168 1714 1201 validas
1730 1173 1761 1201 et
1774 1168 1921 1201 efficaces

1929 781 2026 798 servetur
2047 777 2113 800 forma
2154 788 2155 791 ¹

1959 1122 2081 1144 clausulae.

1156 1222 1315 1256 *existere
1342 1227 1373 1254 ct
1405 1222 1494 1260 fore,
1532 1232 1675 1265 suosque
1710 1221 1876 1265 plenarios
1890 1227 1923 1255 et

1179 1277 1325 1318 integros
1353 1275 1484 1308 ell'ectus
1511 1275 1621 1308 sortiri
1648 1275 1867 1316 etobtinere,
1886 1285 1922 1308 ac

1178 1329 1241 1362 illis
1258 1356 1265 1369 ‚
1292 1329 1330 1361 ad
1368 1339 1449 1372 quos
1485 1333 1611 1372 spectat
1635 1334 1665 1361 et
1690 1339 1750 1372 pro
1777 1334 1921 1372 tempore

1179 1383 1452 1426 quandocumque
1478 1382 1651 1424 spectabit,
1674 1381 1705 1414 in
1724 1381 1875 1414 omnibus
1891 1386 1923 1415 et

1156 1447 1158 1457 .
1179 1445 1236 1478 per
1261 1435 1369 1467 omnia
1395 1434 1581 1476 plenissime
1606 1434 1772 1477 suffragari
1793 1461 1800 1475 ,
1826 1439 1858 1468 et
1882 1434 1922 1468 ab

1179 1488 1224 1521 eis
1251 1489 1429 1531 respective
1468 1487 1698 1521 inviolabiliter
1729 1487 1921 1528 observari,

1178 1542 1289 1585 sieque
1308 1541 1338 1574 iu
1360 1541 1546 1584 praemissis
1565 1551 1624 1584 per
1638 1552 1861 1585 quoscumque
1876 1541 1924 1574 iu-

1179 1596 1267 1629 dices
1302 1595 1485 1629 ordinarios
1523 1601 1553 1629 et
1590 1595 1784 1638 delegatos,
1826 1596 1922 1629 etiam
1958 1586 1967 1593 f

1180 1660 1349 1682 causarum
1387 1649 1498 1692 palatii
1535 1648 1708 1692 apostolici
1735 1648 1920 1689 auditores,

1180 1700 1316 1733 iudicari
1343 1705 1374 1733 et
1399 1700 1526 1732 deliniri
1554 1700 1699 1740 debere,
1731 1710 1767 1733 ac
1792 1699 1921 1734 irritum

1180 1759 1211 1787 et
1237 1754 1331 1786 inane
1357 1754 1382 1786 si
1409 1764 1501 1787 secus
1516 1764 1616 1797 super
1635 1753 1684 1786 liis
1710 1765 1726 1787 a
1747 1764 1921 1798 quoquam,

1181 1806 1289 1850 ‹ptavis
1316 1807 1536 1847 auctoritate,
1573 1807 1718 1840 scienter
1746 1808 1795 1840 vel
1830 1807 1922 1850 igno-

1158 1878 1159 1899 3
1181 1866 1291 1892 ranter
1309 1888 1316 1899 ,
1345 1860 1521 1902 contigerit
1546 1860 1711 1893 attentari.

1224 1915 1239 1956 ἓ
1264 1914 1295 1946 5.
1323 1913 1394 1947 Non
1420 1913 1627 1946 obstantibus
1653 1913 1849 1957 praemissis,
1875 1925 1922 1956 ac,
1960 1921 2114 1942 Contrariorum

1934 1948 2054 1974 derogatio.

394 1967 484 2009 gulas
510 1968 549 1999 ab
575 1966 644 2009 ipso
671 1966 764 1999 initio
790 1967 946 2000 canonice
963 1972 1088 2000 erectas
1105 1973 1137 2000 et
1158 1945 1160 2012 l
1180 1972 1341 2010 quatenus
1366 1977 1447 2010 opus
1473 1966 1534 2006 sit,
1560 1969 1672 2000 nostra
1698 1971 1729 2000 et
1758 1967 1923 2002 Cancella-

395 2020 556 2052 institutas
584 2019 694 2059 fnisse,
722 2030 886 2064 novasque
905 2021 1088 2053 erectiones
1106 2026 1138 2053 et
1158 2015 1159 2023 ¹
1180 2020 1245 2053 riae
1272 2020 1475 2064 Apostolicae
1502 2021 1614 2063 regula
1640 2020 1679 2054 de
1705 2030 1769 2054 non
1807 2031 1923 2055 conce·

395 2073 611 2106 institutiones
630 2083 688 2106 suo
712 2078 871 2117 tempore,
892 2074 980 2106 iuxta
999 2074 1136 2107 formam
1158 2063 1160 2117 l
1181 2073 1295 2106 dendis
1322 2073 1535 2116 indulgentiis
1561 2073 1599 2106 ad
1625 2073 1742 2113 instar,
1767 2084 1804 2107 ac
1829 2084 1925 2117 prae-

394 2132 594 2159 memoratae
606 2123 1137 2171 constitutionisClementisprae-
1158 2124 1159 2140 ³

395 2179 578 2212 decessoris
595 2206 602 2218 ,
628 2179 808 2212 obtinuisse
834 2185 1021 2219 constaret,
1047 2186 1078 2213 et
1103 2181 1135 2213 in
1158 2169 1159 2194 t

396 2232 530 2276 reliquis
558 2232 705 2265 eiusdem
727 2233 965 2266 constitutionis
985 2234 1086 2266 forma
1104 2234 1134 2266 in

394 2285 521 2317 illarum
559 2286 777 2318 erectionibus
815 2291 846 2318 et
877 2286 1135 2320 institutionibus

395 2338 573 2380 respective
599 2344 723 2371 servata
749 2338 876 2379 fuisset.·,
904 2349 1084 2382 omnesque
1106 2346 1137 2372 et

394 2390 542 2431 singulos
569 2390 649 2423 iuris
667 2396 698 2422 et
717 2391 788 2423 facti
808 2392 968 2431 defectus,
990 2392 1044 2435 qui
1067 2403 1137 2434 pro-

394 2448 465 2484 pter
495 2444 672 2486 praemissa
708 2444 850 2488 desuper
886 2445 1137 2487 quomodolibet

395 2496 637 2535 intervenerint,
652 2508 707 2530 seu
726 2497 941 2531 intervenisse
960 2498 1022 2530 dici
1035 2525 1042 2538 ‚
1062 2509 1136 2531 cen-

395 2549 475 2589 seri,
501 2551 548 2583 vel
576 2551 744 2593 praetendi
771 2552 916 2595 possint,
945 2553 1134 2595 supplemus

396 2608 428 2633 et
464 2612 638 2643 sanamus;
677 2610 732 2644 et,
764 2611 922 2647 quatenus
959 2615 1041 2647 opus
1073 2605 1134 2646 sit,

395 2655 480 2699 ipsas
495 2657 777 2691 confraternitates
798 2668 910 2691 omnes
932 2662 964 2691 ct
980 2658 1133 2701 singulas,

1180 2127 1264 2160 dieta
1296 2127 1469 2160 Clementis
1501 2127 1788 2170 praedecessoris,
1813 2128 1924 2162 aliisve

1158 2197 1159 2205 t
1181 2181 1467 2214 constitutionibus
1493 2186 1525 2214 et
1553 2181 1812 2216 ordinationibus
1848 2193 1924 2226 apo-

1157 2260 1159 2272 ,
1180 2234 1304 2268 stolicis
1324 2261 1330 2275 ‚
1352 2245 1478 2268 necnon
1512 2233 1692 2278 quibusviS,
1719 2235 1815 2268 etiam
1839 2235 1924 2270 iura-

1181 2293 1311 2327 meum,
1350 2287 1597 2320 confirmatione
1638 2288 1839 2330 apostolica,
1871 2290 1922 2323 vel

1180 2341 1291 2385 quavis
1317 2341 1467 2373 firmitate
1493 2341 1553 2374 alia
1580 2341 1762 2382 roboratis,
1798 2342 1924 2375 statutis

1180 2400 1212 2426 et
1236 2393 1552 2434 consuetudinibus,
1578 2393 1756 2437 privilegiis
1782 2405 1924 2439 quoque,

1180 2446 1315 2479 indultis
1352 2452 1382 2479 et
1415 2446 1530 2479 litteris
1555 2447 1740 2490 apostolicis
1777 2449 1808 2481 in
1847 2458 1924 2482 con-

1180 2500 1310 2533 trarium
1321 2500 1571 2543 praemissorum
1587 2501 1831 2544 quomodolibet
1848 2512 1922 2535 con-

1178 2553 1289 2593 cessis,
1308 2552 1507 2586 confirmatis
1524 2559 1554 2586 et
1572 2554 1779 2597 approbatis,
1805 2554 1922 2598 quibus

1178 2606 1328 2640 omnibus
1367 2612 1398 2639 et
1437 2606 1598 2649 singulis,
1626 2606 1756 2640 illorum
1790 2612 1920 2641 tenores

1177 2659 1405 2703 praesentibus
1432 2669 1492 2702 pro
1528 2659 1627 2703 plene
1661 2664 1693 2693 et
1723 2659 1921 2700 sufficienter
