2182 3137
190 164 239 192 Αη.
263 164 291 192 c.
312 164 374 192 ¹731
424 156 488 191 294

186 1186 368 1239 {saltabit

185 1239 368 1292 211²iissn¹if¹2i2
381 1227 500 1285 nedum
527 1227 681 1260 admissio
707 1227 909 1260 saceidotum
935 1237 990 1259 seu
1017 1227 1115 1260 ecele-

185 1293 289 1318 operariis

185 1319 249 1340 cerdo
253 1319 314 1343 tibus,
327 1321 369 1340 etc

227 2354 256 2376 De
281 2354 369 2376 alumnis

188 2381 331 2404 ussmtttendis.

382 220 498 254 struat;
525 215 668 248 director
705 220 873 258 tyronum,
904 215 956 258 qui
983 215 1120 248 elericos

382 274 414 299 et
439 268 537 301 laicos
552 268 589 301 ad
615 268 840 312 probationem
864 268 1021 301 admissos
1047 268 1121 301 diri-

381 326 446 363 gat,
484 326 514 354 et
553 321 584 354 in
621 322 771 355 omnibus
809 333 921 355 eorum
959 321 1117 354 vocationi

381 375 634 416 congruentibus
670 375 816 414 erudiat,
851 375 1030 408 directores
1068 385 1120 407 ex-

381 426 566 460 ercitiorum
592 433 623 460 et
649 427 849 468 missionum,
874 428 926 471 qui
954 434 1043 460 extra
1068 438 1119 460 se-

380 479 553 512 minarium
579 480 786 523 praesideant
816 480 932 513 ceteris
958 480 1118 524 operariis

381 538 543 576 tamquam
583 533 799 576 superiores·,
826 539 992 566 corrector
1010 561 1017 574 ,
1044 533 1117 576 qui,

379 586 466 618 iuxta
501 586 666 619 charitatis
692 587 817 628 legem,
844 592 990 619 errantes
1017 587 1117 620 corri-

380 639 467 682 piat3
491 639 641 672 minister
666 639 884 680 infirmorum,
911 640 963 682 qui
989 651 1116 673 omnem

380 702 487 725 curam
529 692 567 725 de
608 692 684 735 ipsis
725 692 843 725 babeat
862 720 869 732 ,
906 704 942 725 ac
982 692 1021 726 de
1061 704 1118 725 ne-

379 746 525 778 cessariis
561 752 711 789 prompte
744 752 776 779 et
800 747 988 780 charitative
1014 747 1138 790 provi-¹

379 799 463 838 dent,
489 804 585 842 atque
611 799 760 832 solatium
787 810 881 832 omne
906 800 937 832 in
965 811 1138 843 corpora-t

379 852 463 885 libus
488 858 519 885 et
545 853 767 896 spiritualibus
794 852 873 896 ipsis
899 858 1052 896 praestet..
1080 853 1117 886 Et

379 912 414 938 ut
439 907 549 940 omnia
585 907 768 950 supradicta
805 912 894 940 recto
934 907 1116 950 dirigantur

379 960 506 1000 ordine,
527 971 563 993 ac
584 961 725 993 debiturn
751 960 929 993 sortiantur
954 959 1115 1000 effectum,

380 1012 544 1046 omnibus¹
571 1013 602 1046 in
629 1014 851 1057 spectantibus
872 1013 909 1046 ad
936 1014 1115 1046 cuiuscum-

379 1076 441 1108 que
473 1066 581 1098 munia
607 1066 802 1099 tenebuntur
826 1066 1011 1110 praesidem
1040 1077 1115 1099 con-

379 1120 485 1152 sulere
512 1123 542 1153 et
565 1119 612 1152 illi
638 1120 768 1162 penitus
794 1120 940 1154 obedire.

424 1183 467 1206 lv.
495 1173 540 1205 Ad
568 1174 699 1206 eosdem
724 1174 913 1207 sacerdotes
939 1174 1116 1216 peitinebit

336 1297 368 1311 sa·
379 1285 591 1321 sxastmorum,
613 1280 666 1324 qui
692 1280 723 1313 in
750 1281 925 1313 seminario
953 1286 1113 1323 tamquam

379 1334 520 1377 operarii
557 1334 733 1377 persistere
759 1334 966 1374 desiderent,
1004 1345 1113 1367 telum

379 1397 512 1427 eorum,
539 1387 592 1430 qui
628 1388 666 1420 ad
701 1393 828 1432 tempus
865 1388 896 1420 in
929 1398 967 1421 eo
993 1388 1113 1420 erudiri

378 1440 501 1481 velint,
529 1445 624 1484 atque
661 1441 756 1474 etiam
793 1441 944 1474 admissio
982 1442 1114 1474 fratrum

378 1495 546 1535 laicorum,
572 1494 626 1538 qui
653 1494 690 1527 ad
719 1495 911 1538 temporalia
937 1494 1115 1527 ministeria

379 1547 520 1581 dedicari
546 1547 695 1591 possint,
721 1559 803 1591 quae
828 1548 937 1581 omnia
963 1553 1025 1580 tam
1051 1548 1116 1580 offi-

378 1601 427 1634 cia
440 1600 587 1644 proxime
604 1601 775 1644 descripta,
795 1611 889 1644 quam
908 1601 1113 1634 sacerdotum

378 1665 435 1687 seu
472 1654 765 1687 ecclesiasticorum
802 1654 1033 1693 admissiones,
1061 1665 1116 1696 ap-

379 1707 511 1750 probari
538 1708 671 1740 omnino
699 1718 715 1740 a
740 1708 871 1740 domino
897 1707 1060 1750 episcopo,
1083 1707 1114 1739 in

379 1761 469 1793 cuius
497 1761 640 1794 dioecesi
660 1761 868 1794 seminarium
891 1762 941 1800 sit,
964 1761 1114 1801 debeant‘,

379 1820 411 1846 et
435 1814 555 1858 pariter
580 1814 603 1846 si
623 1814 704 1846 sorte
730 1812 895 1856 contingat
923 1820 958 1846 ut
976 1814 1114 1857 aliquem

379 1879 396 1900 a
428 1867 601 1900 seminario
643 1867 759 1910 expelli
802 1867 992 1906 conveniat,
1035 1867 1116 1899 itaut

379 1921 467 1953 nulla
491 1932 507 1953 a
532 1920 706 1953 seminario
732 1921 879 1964 expulsio
904 1920 972 1953 sieri
998 1921 1113 1962 valeat,

379 1973 439 2007 nisi
465 1975 615 2007 consulto
651 1974 741 2017 prius
778 1974 911 2007 domino
938 1974 1089 2017 episcopo
1106 2001 1113 2014 ,

380 2037 483 2072 eoque
502 2027 727 2070 approbante;
750 2028 926 2070 nullusque
945 2038 962 2060 a
978 2028 1116 2060 semina·

378 2081 426 2114 rio
453 2081 572 2124 expelli
597 2080 711 2124 possit,
736 2080 798 2113 nisi
820 2080 970 2123 gravibus
989 2080 1027 2113 de
1047 2091 1116 2113 cau-

379 2134 431 2174 sis,
458 2133 741 2177 incorrigibilitate
766 2133 928 2174 nimirum,
956 2140 1010 2166 aut
1029 2144 1117 2167 scan-

380 2187 492 2220 daloso
517 2186 668 2228 crimine,
695 2197 790 2220 nemo
815 2197 890 2220 vero
909 2187 950 2220 ob
978 2188 1117 2230 aegritu-

380 2240 499 2280 dinem,
525 2240 582 2273 etsi
608 2240 737 2283 ineptus
763 2241 799 2273 ad
817 2241 928 2274 munia
953 2241 1115 2274 seminarii

380 2294 548 2335 efficiatur,
573 2294 694 2337 poterit
718 2305 860 2338 unquam
887 2295 1025 2328 excludi.

423 2358 454 2381 v.
490 2347 718 2391 Operariorum
758 2348 969 2388 admissioni,
999 2348 1116 2382 Christi

381 2401 502 2435 domini
542 2402 698 2435 sectando
735 2402 937 2444 exemplum,
976 2401 1116 2435 fervidae

380 2459 455 2488 sunt
494 2455 656 2488 orationes
693 2454 964 2497 praemittendae.
1007 2455 1115 2499 ltaque

381 2518 510 2548 eorum,
534 2508 589 2551 qui
614 2513 846 2552 permanenter
874 2507 906 2540 in
931 2508 1114 2542 seminariis

417 2572 427 2599 1
452 2570 551 2599 Forsan
572 2579 669 2600 omnes
688 2573 725 2607 (n.
741 2571 791 2608 Τ,).

959 165 1142 190 BULLARIUM
1165 165 1317 192 ROMANUM

1163 215 1267 248 vivere
1301 220 1478 259 quaerent,
1504 216 1702 256 vocationis,
1727 216 1897 256 virtutum,

1164 268 1332 309 scientiae,
1371 270 1499 309 talenti,
1526 270 1664 309 indolis,
1691 270 1748 302 zeli
1787 269 1898 303 salutis

1164 323 1362 362 animarum,
1390 324 1528 356 sollicita
1554 323 1608 356 {iat
1644 323 1822 366 indagatio.
1860 322 1899 355 Ut

1163 381 1268 408 autem
1308 376 1369 408 liae
1414 376 1585 419 qualitates
1622 377 1653 409 in
1690 376 1896 409 admittendis

1164 439 1275 460 necess
1280 429 1365 462 ariae
1391 430 1508 462 melius
1533 434 1782 472 cognoscantur
1805 429 1898 462 valde

1163 482 1357 514 conveniens
1389 482 1450 515 erit
1482 489 1518 515 ut
1550 493 1659 516 corum
1700 482 1833 522 electio,
1870 481 1897 514 si

1162 533 1229 566 sieri
1256 539 1372 577 potest,
1397 535 1438 567 sit
1455 546 1491 568 ex
1516 534 1575 576 liis,
1601 536 1653 579 qui
1674 536 1722 568 vel
1749 535 1779 567 in
1806 535 1898 567 serni-

1162 587 1252 620 nario
1278 587 1342 619 sint
1366 588 1508 628 educati,
1546 593 1599 621 aut
1631 589 1663 621 in
1689 587 1897 621 missionibus

1162 650 1232 672 eum
1260 641 1418 683 operariis
1451 641 1568 674 versati
1604 642 1736 674 suerint.
1772 641 1899 681 Praesa-
1927 665 1930 669 .

1162 693 1201 725 tis
1221 704 1297 735 ergo
1330 695 1466 737 praediti
1493 694 1700 737 qualitatibus
1728 700 1759 727 et
1783 694 1897 727 ordine

1161 757 1252 778 sacro
1269 746 1398 787 initiati,
1414 758 1468 780 seu
1485 747 1521 780 ad
1540 758 1611 782 etun
1631 748 1773 790 proxime
1793 748 1898 791 dispo-

1159 799 1218 840 siti,
1246 800 1283 832 ad
1309 801 1402 833 unius
1422 801 1495 833 anni
1522 801 1757 845 probationem,
1781 806 1833 841 et,
1853 801 1896 843 si,

1160 854 1192 885 in
1218 853 1393 886 seminario
1420 855 1467 887 vel
1496 854 1717 897 operariorum
1743 854 1898 887 comitatu

1160 917 1223 939 non
1250 917 1284 940 se
1310 908 1534 948 exercuerint,
1562 908 1698 940 duorum
1724 918 1894 949 annorum,

1136 981 1138 986 =
1159 970 1231 992 cum
1256 961 1367 993 maiori
1392 966 1481 1004 parte
1499 961 1705 994 sacerdotum
1724 961 1898 1004 suffragan-

1161 1013 1236 1046 tium
1262 1018 1291 1047 et
1325 1014 1469 1058 episcopi
1511 1015 1747 1058 approbatione
1784 1015 1898 1048 admit-

1159 1066 1247 1099 tendi
1266 1072 1351 1099 sunt.
1371 1066 1438 1104 Quo
1459 1072 1605 1110 tempore
1632 1067 1811 1110 respective
1830 1067 1898 1100 fini-

1161 1125 1200 1159 to,
1220 1120 1350 1153 calculis
1369 1120 1450 1152 albis
1468 1125 1499 1152 et
1516 1120 1617 1162 nigris
1636 1120 1674 1153 ad
1702 1120 1895 1153 electionem

1159 1174 1207 1206 vel
1246 1173 1509 1216 reprobationem
1546 1174 1761 1214 devenietur3
1802 1174 1896 1217 isque

1159 1226 1191 1258 in
1217 1226 1424 1259 seminarium
1452 1227 1640 1259 censebitur
1658 1226 1829 1267 admissus,
1846 1226 1896 1259 cui

1160 1280 1355 1312 calculorum
1381 1280 1527 1313 alborum
1546 1281 1649 1313 maior
1665 1290 1819 1313 numerus
1837 1280 1898 1312 suf-

1160 1333 1338 1375 fragabitur
1379 1339 1409 1366 et
1442 1334 1562 1366 domini
1602 1334 1747 1377 episcopi
1784 1344 1899 1377 appro-

1159 1387 1264 1419 batio:
1289 1387 1374 1430 quod
1412 1387 1437 1418 si
1471 1392 1516 1418 tot
1546 1387 1608 1419 albi
1635 1393 1714 1431 quot
1738 1387 1823 1430 nigri
1846 1397 1898 1420 re-

1159 1439 1342 1482 periantur,
1370 1439 1525 1472 admissio
1551 1450 1652 1483 usque
1678 1440 1716 1472 ad
1743 1440 1897 1473 maiorem

1158 1494 1387 1536 probationem
1414 1493 1598 1535 differatur,
1634 1494 1688 1537 qui
1721 1499 1828 1527 autem
1863 1494 1897 1527 in

1158 1547 1267 1590 aliquo
1294 1547 1468 1580 seminario
1495 1558 1557 1580 non
1580 1548 1846 1590 perseveraverit,
1864 1547 1896 1580 in

1158 1602 1281 1634 nullum
1307 1601 1393 1633 aliud
1420 1601 1631 1641 admittatur,
1657 1601 1718 1633 nisi
1755 1601 1819 1634 hoc
1843 1600 1898 1634 fiat

1159 1655 1197 1686 de
1225 1654 1388 1690 communi
1416 1655 1581 1698 utriusque
1607 1654 1780 1695 seminarii,
1798 1666 1816 1687 a
1833 1665 1896 1698 quo

1158 1713 1190 1740 et
1214 1708 1253 1740 ad
1279 1707 1376 1751 quod,
1405 1718 1585 1748 consensu,
1611 1708 1741 1751 quando
1778 1708 1819 1741 ob
1844 1708 1898 1741 ali-

1158 1772 1253 1805 quam
1283 1761 1514 1794 rationabilem
1553 1772 1683 1794 causam
1720 1762 1896 1795 convenire

1158 1814 1378 1852 existimetur,
1407 1816 1559 1847 consulto
1599 1820 1704 1847 tamen
1731 1820 1762 1848 et
1785 1825 1898 1858 appro-

1158 1868 1254 1900 bante
1273 1867 1405 1900 domino
1425 1867 1597 1911 episeopo,
1617 1868 1769 1901 admissio
1788 1873 1895 1901 autem

1158 1932 1268 1955 eorum
1295 1921 1498 1954 sacerdotnm
1525 1932 1582 1954 seu
1602 1921 1894 1954 ecelesiasticorum

1158 1976 1211 2019 qui
1238 1985 1295 2019 pro
1320 1975 1367 2008 sui
1394 1975 1537 2018 ipsorum
1564 1974 1777 2008 instructione
1799 1974 1829 2007 in
1851 1985 1897 2008 se·

1158 2028 1295 2061 minario
1322 2028 1440 2071 degere
1472 2028 1512 2060 ad
1539 2033 1663 2071 tempus
1696 2027 1893 2069 desiderant,

1158 2083 1207 2115 vel
1234 2082 1265 2115 in
1302 2082 1448 2115 domibus
1482 2081 1546 2114 suis
1579 2083 1720 2115 viventes
1744 2081 1776 2114 in
1801 2081 1895 2114 mini-

1158 2135 1265 2169 steriis
1292 2135 1427 2168 instituti
1447 2135 1616 2178 operarios
1640 2135 1789 2168 adiuvare
1807 2139 1838 2167 et
1861 2134 1895 2167 in

1159 2190 1195 2223 iis
1219 2200 1290 2223 sese
1323 2199 1474 2222 exercere
1508 2189 1622 2228 velint,
1649 2189 1764 2222 eodem
1799 2189 1895 2223 modo

1159 2254 1216 2286 per
1241 2242 1395 2275 maiorem
1417 2248 1542 2286 partem
1564 2243 1768 2276 sacerdotum
1789 2242 1897 2276 sull'ra-

1159 2295 1301 2338 gantium
1328 2295 1395 2328 [ieri
1422 2295 1555 2335 debeat,
1582 2295 1710 2339 quando
1743 2296 1894 2338 prudenti

1159 2349 1301 2389 iudicio,
1342 2348 1471 2381 attentis
1511 2359 1621 2381 eorum
1663 2347 1893 2391 qualitatibus,

1159 2402 1292 2435 scientia
1325 2406 1355 2434 et
1391 2401 1554 2443 moribus,
1590 2401 1752 2474 profuturi
1790 2401 1897 2434 existi-

1158 2460 1298 2488 mentur.

1202 2519 1245 2543 vl.
1279 2508 1401 2542 Electio
1440 2509 1584 2542 omnium
1621 2508 1799 2542 officioium
1835 2508 2087 2568 eritcssgtffloejanum

1145 2563 1199 2597 ,ad
1223 2562 1417 2604 triennium3
1445 2573 1508 2607 quo
1541 2567 1724 2604 transacto,
1751 2563 1783 2597 in
1815 2562 1900 2607 ipsis⁴

1905 165 1954 194 An.
1972 166 2002 194 C.
2023 166 2087 195 ¹73¹
