2182 3137
220 238 273 265 An.
289 238 320 265 c.
341 239 410 266 1732
456 231 522 264 352

278 1318 331 1342 Quid
369 1324 408 1341 ner

225 1345 321 1366 eumdem
343 1350 406 1370 prae-

223 1372 326 1392 standum*

421 297 562 326 gnoscere
584 287 700 325 debeat,
723 287 817 317 officia
839 288 1060 326 magistrorum,
1079 298 1161 328 prae-

423 337 598 373 dicatorum,
615 337 860 366 confessariorum
876 341 905 367 et
920 337 976 367 alia
993 337 1158 368 huiusmodi

421 394 472 424 per
505 395 534 413 se
567 385 744 414 distribuere
775 389 889 424 potest,
923 390 973 415 aut
1006 386 1160 417 abbatibus

419 433 635 472 provinciarum
650 433 711 463 sive
724 434 969 463 monasteriorum
982 434 1161 465 distribuen-

418 481 452 510 da
477 482 671 511 committere.
689 481 731 511 Ad
754 482 832 511 hunc
854 487 951 512 autem
967 483 1054 512 finem
1078 488 1161 513 curet

421 539 472 569 per
494 530 614 560 abbates
638 530 853 569 provinciarum
870 535 898 561 et
914 532 1159 561 monasteriorum

418 579 525 608 certior
548 578 628 608 reddi
650 578 685 608 de
707 583 785 608 statu
801 580 930 609 omnium
948 580 1158 609 monachorum

418 625 462 655 bis
484 627 586 655 saltem
616 627 644 655 in
675 635 772 656 anno:
808 628 876 657 item
909 628 944 657 de
977 637 1100 657 numero
1131 632 1160 657 et

417 674 608 713 qualitatibus
644 675 863 705 monachorum.
898 676 958 705 Etsi
992 685 1059 705 vero
1095 675 1160 704 aliis

419 723 610 754 inferioribus
628 723 783 754 abbatibus
799 734 880 754 suam
898 725 1065 754 facultatem
1082 734 1160 754 com-

420 774 563 809 municet,
579 773 685 812 poterit
700 778 797 802 tamen
814 773 974 813 approbare
988 773 1033 802 vel
1051 773 1160 802 rescin—

417 821 486 851 dere
509 822 584 861 quod
607 822 648 851 illi
673 823 805 858 fecerint,
822 827 850 851 et
872 822 901 851 in
925 821 1062 850 omnibus
1083 822 1159 860 quod

419 870 565 900 videbitur
586 871 777 908 constituere,
796 875 823 900 et
839 880 953 909 semper
976 871 1002 899 ei
1025 870 1160 899 obedien-

419 919 485 948 tiam
507 929 540 949 ac
563 920 756 949 reverentiam
789 919 825 948 ab
853 918 988 948 omnibus
1018 919 1159 957 praestari

420 968 586 1007 opportebit
600 979 607 1005 3

498 1017 627 1055 Denique
651 1021 743 1055 potest
767 1016 856 1046 abbas
885 1016 1031 1054 generalis
1064 1017 1159 1046 onmia

419 1071 448 1095 et
470 1066 583 1104 singula
608 1066 636 1095 in
661 1070 720 1095 toto
743 1065 851 1096 Ordine
875 1066 990 1101 sacerc,
1014 1075 1089 1105 quae
1112 1065 1161 1095 ab—

418 1113 502 1143 hales
536 1114 750 1153 provinciarum
788 1119 816 1143 et
848 1114 1093 1144 monasteriorum
1131 1115 1159 1144 in

417 1163 479 1192 suis
512 1163 670 1201 provinciis
699 1168 727 1193 et
760 1163 965 1199 monasteriis3
988 1167 1016 1192 et
1039 1164 1160 1203 insuper

418 1212 515 1241 omnia
549 1212 596 1241 illa
630 1221 703 1251 quae
730 1212 756 1241 ei
787 1222 839 1251 per
866 1213 1090 1242 constitutiones
1118 1222 1160 1242 re-

419 1265 584 1289 servantur.

461 1318 500 1338 111.
534 1309 569 1339 l't
601 1309 697 1339 officio
730 1319 782 1338 suo
814 1309 902 1339 abbas
934 1310 1079 1348 generalis
1106 1310 1160 1340 rite

418 1359 569 1397 fungatur,
594 1358 696 1388 debet:

500 1408 613 1443 Primo,
638 1409 737 1438 statim
761 1413 847 1448 atque
870 1408 980 1438 electus
1002 1409 1059 1446 sit,
1084 1408 1161 1438 litte-

420 1465 468 1486 ras
491 1457 524 1486 ad
552 1457 648 1486 onmia
684 1457 860 1487 monasteria
893 1457 1030 1494 mittere,
1054 1452 1160 1496 quibus

422 1505 579 1535 monachos
602 1506 636 1535 ad
655 1506 773 1544 regulae
789 1506 1091 1546 constitutionumque
1109 1506 1157 1536 ob-

420 1554 615 1584 servationem
638 1555 738 1584 sedulo
762 1555 942 1584 cohortetur.

499 1604 642 1641 Secundo,
662 1605 751 1634 semel
767 1604 899 1644 quolibet
917 1614 993 1634 anno
1017 1610 1160 1634 monaste-

418 1653 458 1682 ria
484 1653 592 1690 omnia,
617 1653 719 1683 saltem
743 1653 899 1691 viciniora,
925 1664 976 1693 per
997 1664 1027 1683 se
1051 1654 1157 1693 ipsum,

419 1703 574 1732 remotiora
593 1712 661 1732 vero
688 1711 740 1741 per
762 1711 792 1732 se
815 1702 859 1731 vel
879 1712 930 1741 per
952 1702 1094 1732 vicarium
1119 1703 1158 1731 vi-

419 1751 499 1788 sitet,
523 1751 659 1781 adiuncto
683 1751 707 1780 ei
732 1761 790 1781 uno
812 1761 846 1781 ex
866 1751 1018 1781 monachis
1034 1752 1159 1782 maxime

418 1799 546 1839 idoneis,
569 1805 749 1839 acceptoque
773 1801 853 1840 prius
870 1800 905 1830 ab
921 1800 979 1830 illis
994 1801 1158 1831 iuramento

418 1849 453 1878 de
476 1849 621 1879 servanda
642 1849 757 1879 iustitia
779 1854 808 1879 et
829 1854 941 1879 secreto
972 1850 1157 1888 visitationis,

418 1908 505 1937 quam
538 1904 636 1938 postea
669 1899 884 1938 subscriptione
918 1900 1037 1939 propri-21
1061 1900 1159 1929 firma-

419 1952 476 1977 tam
492 1972 499 1986 ,
524 1948 679 1987 sigilloque
712 1948 854 1978 munitam
869 1973 876 1986 ,
901 1948 935 1978 ad
959 1958 988 1978 se
1011 1949 1160 1978 transmit-

419 2000 491 2033 tant,
517 1996 561 2026 vel
585 1997 777 2036 personaliter
798 1997 968 2027 accedentes
990 1997 1156 2027 exhibeant.

501 2045 619 2082 Tertio,
645 2044 749 2075 babeat
781 2046 858 2084 apud
890 2055 920 2075 se
949 2046 1045 2075 omnia
1070 2046 1158 2076 docu-

420 2098 520 2123 menta
556 2104 631 2133 quae
655 2094 688 2123 ad
711 2093 850 2123 Ordinem
882 2098 1031 2133 spectant;
1055 2095 1160 2124 catalo-

419 2152 487 2181 gum
522 2143 622 2172 itidem
656 2142 785 2172 omnium
819 2143 1063 2173 monasteriorum
1093 2153 1159 2173 cum

419 2191 483 2221 suis
508 2191 671 2221 redditibus
694 2195 721 2220 et
743 2191 892 2229 oneribus,
910 2196 938 2221 et
953 2192 1076 2222 alterum
1094 2201 1158 2231 per-

421 2250 559 2270 sonarum
584 2240 714 2270 omnium
737 2249 811 2279 quae
835 2240 864 2269 in
887 2240 990 2279 quovis
1017 2246 1161 2271 monaste-

421 2289 465 2318 rio
489 2294 652 2325 versantur,
677 2288 726 2318 ubi
748 2298 847 2318 eorum
878 2289 995 2319 nomina
1020 2294 1048 2319 et
1070 2290 1161 2329 quali-

422 2342 496 2368 tates
519 2338 698 2376 scribantur,
722 2338 795 2367 itaut
819 2338 915 2367 onmia
938 2343 1087 2378 perspecta
1111 2339 1161 2368 ha-

421 2387 499 2425 beat,
524 2392 642 2427 tuteque
666 2387 816 2426 providere
839 2387 941 2427 possit,
958 2397 1033 2427 quae
1049 2388 1084 2417 ad
1100 2388 1161 2426 glo-

420 2437 495 2466 riam
519 2437 648 2466 divinam
673 2436 822 2475 pertinere
844 2436 1030 2466 iudicaverit.

500 2487 620 2523 Quarto,
644 2484 806 2515 rescribere
828 2485 945 2524 quidem
962 2478 996 2514 atl
1013 2484 1159 2523 abbatem,

421 2533 471 2572 qui
501 2534 572 2564 ordo
597 2534 739 2563 tenendus
766 2534 803 2563 sit
824 2533 854 2563 in
881 2534 1004 2572 singulis
1036 2534 1160 2572 negotiis

421 2583 567 2622 rebusque
590 2582 688 2613 dubiis
716 2583 745 2612 in
772 2583 876 2623 quovis
908 2583 1101 2620 monasterio,
1125 2583 1160 2612 ad

421 2630 553 2661 abbatem
586 2631 751 2670 generalem
785 2636 918 2672 spectat,
941 2632 991 2661 sed
1014 2632 1162 2662 executio-

1004 240 1182 265 BULLARIUM
1207 241 1361 266 ROMANUM

1202 299 1268 319 nem
1292 290 1449 320 ordinariis
1467 291 1642 321 officialibus
1664 291 1860 322 demandabit.
1893 292 1940 322 In-

1202 339 1313 377 telligat
1336 340 1435 378 itaque
1458 339 1546 369 rebus
1569 340 1783 370 universalibus
1813 341 1869 371 sibi
1891 351 1940 372 va-

1202 387 1326 417 candum
1349 397 1424 425 esse,
1448 397 1520 426 quas
1543 388 1622 418 solus
1644 389 1706 428 ipse
1728 389 1810 419 obire
1833 393 1937 429 potest,

1202 436 1239 466 ita
1262 440 1370 474 tamen,
1394 440 1425 466 ut
1446 436 1481 465 de
1503 437 1687 474 gravioribus
1711 438 1939 477 particularibus

1201 485 1308 514 certior
1331 484 1393 514 sieri
1416 489 1509 514 curet.
1527 485 1588 515 Non
1611 486 1705 516 solum
1728 491 1824 516 autem
1844 487 1879 518 ad
1892 497 1940 518 res

1203 532 1406 571 particulares,
1431 537 1462 562 ut
1484 533 1595 563 dictum
1617 538 1671 571 est,
1695 535 1838 565 ministris
1866 545 1940 575 opus

1202 580 1298 618 babet,
1315 580 1364 610 sed
1378 581 1465 610 etiam
1481 581 1516 611 ad
1533 582 1714 612 universales
1728 592 1735 619 3
1750 583 1938 622 quamobrem

1202 629 1380 666 begumenos
1409 630 1579 669 frequenter
1601 631 1755 668 consulat,
1778 641 1940 672 eorumque

1202 678 1456 716 congregationem
1490 679 1519 708 in
1553 679 1640 708 rebus
1672 680 1768 718 magni
1801 681 1940 711 momenti

1201 735 1318 765 semper
1340 731 1490 756 convocet.
1511 727 1541 756 In
1565 737 1598 756 eo
1621 737 1688 758 vero
1705 729 1893 767 monasterio,
1910 729 1940 759 in

1202 784 1259 814 quo
1282 775 1410 811 residet,
1440 776 1555 806 curabit
1578 776 1685 806 habere
1712 777 1787 816 apud
1810 787 1840 807 se
1864 778 1941 808 viros

1202 833 1303 861 graves
1326 829 1354 854 et
1375 825 1502 854 instituti
1527 825 1652 864 peritos,
1676 826 1850 865 quibuscum
1872 835 1942 856 con-

1202 872 1280 901 ferre
1303 873 1337 902 de
1359 873 1446 903 rebus
1468 874 1692 904 occurrentibus
1715 875 1816 914 possit.

1282 922 1405 959 Quinto,
1430 932 1444 951 a
1469 924 1695 961 congregatione
1727 924 1858 961 generali
1891 924 1943 954 eli-

1203 971 1329 1008 gendum
1352 971 1409 1000 erit
1432 973 1642 1001 monasterium
1657 996 1663 1006 ,
1689 972 1717 1001 in
1740 982 1796 1012 quo
1829 972 1942 1003 abbatis

1203 1019 1348 1056 generalis
1370 1024 1397 1049 et
1420 1020 1650 1057 hegumenorum
1674 1021 1822 1050 ordinaria
1844 1021 1876 1051 sit
1897 1030 1943 1051 re·

1203 1067 1338 1097 sidentia.
1372 1067 1415 1097 Ab
1448 1069 1497 1098 illo
1530 1073 1649 1107 autem,
1673 1069 1729 1099 nisi
1752 1079 1787 1099 ex
1810 1069 1942 1108 legitima

1203 1118 1302 1155 causa,
1327 1117 1428 1147 abesse
1452 1127 1508 1147 non
1534 1118 1653 1157 poterit,
1677 1127 1731 1147 nec
1753 1119 1941 1148 residentiam

1203 1165 1232 1194 in
1255 1165 1334 1195 aliud
1357 1166 1567 1195 monasterium
1591 1167 1759 1203 transferre,
1776 1167 1944 1197 inconsulta,

1203 1214 1428 1252 congregatione
1461 1214 1704 1251 hegumenorum.
1738 1215 1851 1245 Nullius
1875 1225 1943 1246 vero

1203 1263 1373 1292 monasterii
1397 1263 1578 1292 ordinarium
1602 1264 1731 1301 regimen
1749 1273 1800 1303 per
1814 1265 1943 1304 seipsum

1203 1311 1350 1341 exercebit
1372 1311 1460 1341 abbas
1483 1312 1641 1350 generalis,
1666 1313 1715 1342 sed
1740 1313 1763 1342 si
1786 1314 1943 1352 contigerit

1203 1360 1299 1399 ipsum
1323 1361 1352 1390 in
1375 1360 1474 1400 aliquo
1491 1361 1668 1391 monasterio
1692 1371 1802 1391 moram
1826 1363 1942 1392 trabere

1202 1409 1279 1448 quod
1303 1409 1406 1439 abbate
1429 1410 1579 1439 ordinario
1602 1410 1776 1440 destitutum
1798 1411 1846 1448 sit,
1870 1411 1941 1442 illud

1204 1468 1256 1497 per
1291 1458 1483 1488 substitutum
1521 1459 1661 1488 vicarium
1697 1468 1798 1498 regere
1837 1460 1943 1500 poterit

1203 1516 1295 1546 usque
1324 1507 1358 1536 ad
1381 1507 1448 1536 novi
1471 1507 1584 1537 abbatis
1616 1508 1789 1538 electionem
1816 1509 1846 1538 in
1875 1518 1944 1539 con-

1202 1558 1371 1595 gregatione
1398 1558 1632 1596 hegumenorum
1667 1559 1710 1588 vel
1743 1559 1871 1596 generali
1903 1559 1944 1589 fa-

1203 1606 1348 1635 ciendam.
1374 1606 1407 1636 Et
1435 1607 1510 1636 sicut
1538 1607 1600 1646 ipse
1631 1616 1687 1637 non
1717 1607 1802 1637 debet
1824 1607 1943 1638 abbates

1203 1655 1367 1684 ordinarios
1390 1665 1404 1684 a
1427 1655 1569 1693 regimine
1592 1656 1835 1686 monasteriorum
1852 1657 1944 1696 impe-

1203 1704 1276 1741 dire,
1301 1709 1350 1734 aut
1372 1704 1402 1733 in
1425 1704 1476 1734 illo
1495 1714 1558 1734 sese
1580 1705 1748 1734 immiscere
1763 1728 1770 1742 ,
1793 1705 1831 1734 ita
1855 1705 1944 1736 abba-

1203 1757 1245 1782 tes
1262 1753 1403 1782 ordinarii
1420 1752 1527 1783 debent
1542 1753 1737 1783 reverentiam
1754 1757 1782 1783 et
1805 1754 1944 1784 obedien-

1203 1802 1273 1830 tiam
1307 1801 1435 1839 generali
1469 1801 1566 1831 abbati
1598 1802 1627 1831 in
1662 1802 1723 1831 suis
1758 1803 1942 1832 monasteriis

1203 1851 1393 1880 commoranti
1415 1850 1554 1880 exhibere
1569 1873 1576 1887 ,
1600 1850 1734 1889 nihilque
1755 1850 1819 1889 ipso
1841 1851 1943 1880 incon-

1202 1898 1279 1928 sulto
1297 1908 1394 1936 agere.

1283 1948 1386 1985 Sexto,
1410 1947 1446 1977 ab
1468 1947 1547 1977 omni
1578 1948 1653 1977 fastu
1676 1951 1704 1977 et
1726 1948 1834 1987 pompa
1855 1947 1944 1978 absti-

1204 2001 1281 2033 neat,
1307 2002 1364 2026 tam
1387 1997 1463 2027 intra
1489 1997 1659 2026 monasterii
1681 1999 1762 2036 septa
1785 2007 1871 2037 quam
1894 2007 1943 2028 ex-

1203 2050 1259 2084 tra,
1283 2056 1336 2075 nec
1359 2050 1474 2085 praeter
1497 2055 1587 2075 unum
1615 2050 1664 2075 aut
1686 2046 1759 2076 duos
1781 2046 1875 2076 socios
1899 2055 1943 2076 se-

1203 2104 1268 2124 cum
1303 2094 1430 2130 babeat,
1455 2104 1520 2124 cum
1544 2103 1558 2123 e
1581 2094 1759 2124 monasterio
1781 2094 1940 2133 egreditur,

1203 2143 1260 2173 nisi
1283 2143 1361 2173 aliud
1383 2143 1545 2172 necessitas
1571 2143 1701 2172 suadeat.

1282 2192 1423 2232 Septimo,
1448 2192 1606 2222 monachos
1628 2192 1658 2221 in
1681 2193 1742 2222 suis
1764 2192 1942 2230 gravamini-

1204 2240 1257 2271 bus
1280 2242 1314 2271 ad
1337 2251 1368 2270 se
1389 2245 1576 2271 recurrentes
1607 2241 1734 2279 benigne
1763 2241 1891 2280 excipiat
1913 2245 1942 2271 et

1205 2291 1351 2329 patienter
1384 2289 1494 2319 audiat.
1529 2289 1633 2319 Caveat
1666 2294 1775 2327 tamen,
1805 2299 1842 2319 ne
1872 2289 1942 2320 inde

1203 2348 1303 2368 ansam
1340 2339 1485 2377 accipiant
1519 2339 1687 2377 superiores
1719 2338 1940 2377 contemnendi,

1203 2387 1253 2416 sed
1277 2388 1370 2426 potius
1393 2396 1493 2417 curam
1512 2396 1628 2417 omnem
1650 2387 1798 2426 adhibeat,
1822 2391 1853 2417 ut
1874 2387 1943 2417 sub-

1204 2436 1256 2465 diti
1289 2435 1491 2475 superioribus
1523 2445 1652 2466 amorem
1686 2445 1718 2466 ac
1746 2436 1941 2466 reverentiam

1203 2484 1373 2514 exhibeant.

1283 2534 1402 2572 Octavo,
1437 2533 1460 2564 si
1493 2534 1623 2572 contigat
1651 2533 1760 2573 aliquid
1783 2543 1797 2563 a
1821 2533 1942 2564 Summo

1203 2582 1359 2618 Pontifice,
1383 2583 1444 2612 sive
1466 2592 1481 2612 a
1504 2582 1752 2612 reverendissimo
1775 2582 1940 2622 patriarcha

1204 2632 1323 2662 decerni
1346 2632 1423 2662 circa
1447 2632 1605 2662 monachos
1621 2635 1748 2668 nostros,
1764 2635 1847 2661 curet
1869 2631 1941 2661 illud

1949 243 1998 271 An.
2014 242 2044 270 C.
2064 243 2137 272 1732
