2182 3137
166 178 215 201 An.
239 177 268 201 c.
289 176 358 202 ¹730
402 167 466 200 196
940 177 1123 200 BULLARNJM

362 229 424 254 tum
446 225 674 264 quadriennium
697 234 750 264 pro
773 225 885 255 artibus
907 225 962 254 sibi
985 233 1104 254 conces-

361 282 426 302 sum
449 274 609 303 confecisse
627 273 805 311 censebitur,
830 274 902 303 adeo
924 277 956 303 ut
979 282 1030 312 pro
1046 272 1105 302 alia

362 322 498 351 facultate
515 322 693 352 addiscenda
709 323 832 360 diutius,
850 331 938 362 quam
962 321 1105 361 praescri-

361 370 452 407 bitur,
476 380 509 400 co
528 375 682 410 praetextu
706 371 812 401 morari
835 380 891 401 non
916 370 1016 410 possit.

401 418 647 458 Quotiescumque
680 420 798 459 aliquis,
833 420 882 459 qui
913 429 964 459 pro
996 419 1102 449 artium

362 468 458 497 studio
492 468 569 497 inter
599 468 785 498 convictores
815 469 984 507 adscriptus
1016 469 1064 504 sit,
1089 478 1104 497 e

362 516 484 554 collegio
507 526 640 555 egressus
663 518 768 555 fuerit,
792 518 867 547 alius
890 518 958 547 item
983 527 1033 556 pro
1055 518 1105 546 ea-

362 565 426 593 dem
452 565 591 594 facultate
607 565 635 594 in
656 565 719 595 eius
736 566 831 595 locum
849 565 998 595 succedet.
1022 565 1103 600 Quod

362 617 390 642 et
413 613 440 642 in
465 614 571 642 ceteris
602 614 790 644 facultatibus·
819 615 961 653 perpetuo
984 623 1105 644 servan-

362 662 431 691 dum
455 663 521 700 erit,
546 663 607 692 sive
630 663 695 702 quis
718 667 809 693 totum
834 668 950 702 tempus
972 663 1027 692 sibi
1062 667 1104 692 at-

364 710 507 741 tributum
541 712 723 751 expleverit,
757 712 818 741 sive
849 712 1031 742 dimidiatum
1055 716 1104 741 aut

362 761 535 790 intercisum
558 761 723 800 reliquerit.

402 809 612 847 Cancellarius,
636 819 701 839 curn
725 810 901 839 convictoris
920 810 999 839 locus
1022 820 1104 839 vaca-

363 858 449 895 verit,
474 858 652 897 praesulem,
677 858 711 887 ad
735 867 822 896 quem
858 858 1013 897 pertineat,
1037 867 1104 887 con-

362 906 454 936 scium
478 907 592 943 reddat,
630 911 661 935 ut
692 916 892 936 successorem
926 908 960 935 ad
993 916 1102 936 annum

361 964 427 984 mox
450 960 619 984 secuturum
643 955 822 993 praemittat.

402 1003 431 1032 Si
455 1003 520 1042 quis
544 1003 572 1032 in
596 1003 665 1032 anni
688 1004 814 1042 spatium
838 1013 871 1032 ex
895 1004 998 1042 quavis
1016 1005 1102 1033 causa

361 1061 375 1080 a
399 1051 535 1080 convictu
558 1050 697 1088 abfuerit,
721 1051 813 1090 ipsius
833 1051 915 1080 locus
942 1061 955 1081 a
989 1061 1103 1081 succes-

360 1109 424 1129 sore
447 1103 617 1138 occupetur.

399 1148 453 1183 Qui
476 1149 510 1177 ad
535 1148 674 1184 studium,
699 1153 730 1178 ut
745 1158 795 1187 par
814 1153 869 1185 est,
887 1159 944 1178 non
963 1149 1102 1179 incubue-

360 1197 408 1234 rit,
432 1202 482 1227 aut
505 1207 599 1227 mores
623 1207 702 1233 suos,
727 1202 759 1227 ut
782 1198 833 1227 hos
856 1198 938 1228 decet
955 1199 1102 1228 convicto-

362 1255 420 1283 res,
454 1247 489 1276 ad
523 1246 686 1276 honestatis
720 1247 838 1284 regulas
873 1251 900 1276 et
934 1248 1101 1277 academiae

362 1295 544 1334 praescripta
569 1305 626 1324 non
646 1296 847 1333 conformarit,
868 1296 940 1325 citra
957 1306 1038 1335 spem
1054 1307 1102 1326 ve-

360 1344 425 1372 niae
458 1343 640 1382 expellatur3
671 1343 748 1382 quod
779 1344 984 1380 cancellarius,
1016 1350 1102 1383 prout

360 1402 411 1421 sua
435 1392 506 1421 tides
538 1396 565 1421 et
597 1393 778 1422 conscicntia
811 1393 950 1431 suaserit,
973 1394 1102 1431 rigorose

361 1440 534 1480 praestabit.

212 1505 350 1525 oonmmffls
401 1490 587 1519 Convictores
610 1500 668 1519 non
690 1490 851 1520 secundum
875 1491 1035 1530 dioeceses,
1053 1493 1103 1522 sed

167 1532 522 1579 {ffiffissss'ffldfflsssfisecundum
556 1539 686 1569 diversas
716 1540 885 1577 facultates,
910 1541 1015 1580 quibus
1038 1551 1104 1580 ope-

167 1585 254 1606 iuuenili.
362 1598 424 1618 ram
447 1588 570 1626 dabunt,
591 1588 619 1618 in
643 1589 773 1618 diversas
795 1590 902 1619 classes
925 1590 1106 1620 distribuan-

363 1642 430 1666 tur:
457 1637 601 1675 videlicet,
626 1638 746 1674 artium,
771 1638 944 1677 medicinae,
970 1639 1041 1668 iuris
1058 1648 1105 1668 ca-

363 1686 473 1723 nonici,
498 1686 571 1715 iuris
603 1686 699 1715 civilis
731 1691 759 1716 et
781 1687 953 1725 theologiae,
977 1697 1010 1716 ex
1034 1698 1105 1727 qua-

362 1744 427 1764 rum
451 1735 587 1764 classium
610 1735 734 1772 singulis
751 1736 810 1773 ille,
829 1737 877 1775 qui
902 1737 1006 1766 ceteris
1023 1747 1104 1776 prae-

363 1783 461 1821 cellet,
485 1783 653 1813 earumdem
667 1784 794 1813 decanus
810 1794 824 1813 a
844 1786 1022 1815 cancellario
1037 1796 1105 1816 con-

362 1832 512 1861 stituatur.

403 1882 575 1917 Pmsessori,
600 1882 715 1920 collegii
733 1883 879 1921 praefecto
892 1888 921 1912 et
936 1884 1103 1914 facultatum

363 1931 482 1960 decanis
504 1931 607 1960 melior
629 1935 657 1960 et
680 1932 873 1969 opportunior
895 1933 1009 1962 aedium
1038 1943 1104 1972 pars

364 1989 433 2019 prae
468 1980 575 2009 ceteris
607 1980 823 2009 convictoribus
859 1981 894 2010 ad
917 1981 1104 2011 incolendum

364 2028 574 2066 assignabitur.

182 434 252 453 Alton-o
263 440 273 452 e
288 433 351 454 rollo-

167 466 202 484 μισ
217 460 351 483 ‹lucelli-nte,

170 487 220 506 alu-1
244 486 352 507 succe-lat.

165 1161 204 1183 Qui
220 1161 347 1187 expellendi.

177 1888 258 1909 AEdium
268 1888 352 1909 divisio.

404 2077 593 2107 Convictorcs
629 2077 775 2106 eiusmodi
812 2078 979 2107 academica
1014 2084 1104 2116 veste,

366 2128 422 2165 quai
446 2126 594 2155 scholares
627 2126 738 2163 ceteri,
774 2126 952 2156 induantur:
986 2127 1128 2167 insupen

366 2184 434 2204 vero
459 2174 625 2203 academiae
642 2178 764 2203 stemma
781 2184 815 2204 ex
832 2175 926 2204 scrico
938 2180 1105 2206 contextum

366 2223 437 2253 vesti
461 2223 494 2252 ad
518 2227 619 2262 pectus
640 2223 762 2251 affixum
785 2223 952 2260 gestabunt.

185 2284 213 2304 ux
228 2284 354 2304 cunin-wri-
406 2272 534 2301 Alternis
547 2271 632 2301 annis
648 2280 683 2301 ex
696 2272 841 2309 octoginta
855 2273 1023 2302 academiae
1039 2284 1108 2304 con-

171 2310 354 2360 [3221..‘',f,¹]‘³.1,5]·','.¹122
366 2320 525 2350 victoribus
548 2324 612 2349 octo
635 2319 814 2357 seligantur,
849 2320 899 2359 qui
933 2321 960 2350 in
985 2322 1107 2351 solemni

172 2364 354 2409 ¹,²,‡'¹','‚¹,³.¹,{„.„¹¹¹gfifi⁵,
366 2369 539 2408 purissimae
561 2368 764 2406 Conceptionis
787 2368 818 2397 B.
843 2369 876 2398 V.
901 2369 1008 2399 Mariae
1030 2375 1108 2400 octa-

172 2416 402 2446 ffl'1¹¹i⁰¹¹¹⁵*l¹1l'·va
424 2418 520 2446 theses
554 2416 669 2455 publice
700 2417 868 2455 defendant,
893 2422 921 2447 et
942 2417 971 2447 in
1006 2418 1108 2457 pleris-

367 2476 422 2506 que
446 2467 511 2495 aliis
528 2466 694 2495 academiae
713 2465 827 2496 actibus
852 2471 880 2496 et
905 2467 1108 2497 functionibus

366 2515 444 2544 inter
467 2523 568 2544 omnes
601 2514 801 2544 universitatis
833 2515 967 2545 alumnos
999 2516 1108 2554 primas

367 2568 496 2594 teneant.

1147 176 1299 202 ROMANUM
1894 183 1943 205 An.
1962 182 1990 205 u.
2015 180 2084 207 1730

1166 251 1229 281 Τιτ.
1252 251 1347 282 ΧΒΙΧΣ
1375 271 1405 274 —
1431 253 1470 282 De
1491 255 1630 292 praefecto
1652 255 1706 282 s've
1728 263 1866 283 oeconomo

1358 301 1480 340 fabricae
1508 302 1672 330 academiae.

1186 371 1348 401 Concilium
1371 371 1569 409 definitorum,
1592 371 1671 410 quod
1694 376 1757 411 post
1779 372 1885 401 festum
1918 385 2032 406 Armenio
2045 386 2082 406 ae.

1146 419 1175 449 S.
1201 419 1293 449 Lucae
1325 424 1457 458 cogetur,
1491 429 1579 449 unum
1603 430 1639 450 ex
1673 411 2083 462 professoribus22J:,'‚','.¹j¹‚-¹'2,¹20{1⁹322⁵J

1148 469 1304 498 cathedras
1328 473 1486 508 perpetuas
1508 469 1709 499 obtinentibus
1731 469 1888 499 constituet
1899 471 1951 484 ‘'¹¹¹'‘

1147 517 1210 556 qui,
1233 518 1476 556 quotiescumque
1500 518 1673 556 oportuerit,
1698 527 1748 557 per
1764 517 1888 547 bidellos

1147 565 1326 603 admonitus,
1351 565 1492 604 quidquid
1515 566 1543 595 in
1567 566 1733 595 academiae
1755 566 1816 595 sive
1839 575 1889 605 gy-

1148 614 1270 643 mnasiis
1292 615 1353 643 sive
1376 614 1497 643 aedibus
1520 615 1727 651 reficiendum,
1751 624 1889 654 reparan-

1147 663 1216 692 dum
1239 663 1491 693 restituendumve
1523 664 1633 701 fuerit,
1670 664 1887 703 quamprimum

1147 717 1289 750 oportune
1313 712 1413 750 perlici
1438 712 1562 742 curabit.
1587 712 1712 750 Opitices
1734 716 1829 741 autern
1853 711 1888 741 ab

1147 760 1248 789 eodem
1272 761 1397 790 concilio
1420 761 1454 790 ad
1489 761 1656 790 huiusmodi
1690 760 1888 790 ministerium

1147 809 1308 839 destinatos
1333 809 1493 845 adhibebit,
1527 810 1633 848 quibus
1667 810 1780 839 nullum
1813 809 1889 838 sala-

1147 858 1224 886 rium
1249 861 1365 896 practer
1389 858 1551 887 mercedem
1575 857 1684 887 laboris
1700 857 1825 896 impensi
1842 866 1888 887 as-

1147 906 1323 944 signandum
1345 907 1411 936 erit.

1186 956 1353 985 Praefectus
1376 956 1502 985 fabricae
1524 957 1644 994 calcem,
1662 956 1738 994 ligna
1755 960 1784 986 ct
1799 956 1890 995 quod-
1926 972 2028 992 „dudm
2042 973 2084 993 sni-

1146 1003 1217 1033 libet
1239 1005 1382 1034 caementi
1406 1014 1498 1042 genus
1526 1006 1632 1043 (etiam
1666 1005 1720 1035 sub
1751 1006 1805 1035 hoc
1840 1000 1961 1045 oh-Jg'c‘fl?
1984 1005 2083 1046 213?ssss

1146 1057 1241 1090 tentu,
1266 1062 1301 1082 ne
1324 1053 1461 1082 videlicet
1483 1054 1536 1082 sita
1561 1054 1701 1092 pereant)
1724 1054 1797 1083 citra
1820 1052 2060 1083 defi-⁵⁰¹³*ffl‘ss’00d2-

1146 1102 1273 1131 nitorum
1298 1111 1472 1131 consensum
1497 1107 1525 1131 ct
1540 1102 1699 1140 legitimam
1717 1102 1887 1141 praestitam

1145 1151 1323 1188 cautionem,
1348 1159 1401 1179 nec
1424 1151 1609 1179 commodare
1631 1159 1685 1179 nec
1701 1155 1802 1181 mutuo
1819 1151 1889 1181 dare

1146 1199 1253 1238 possit,
1277 1208 1310 1227 ac
1333 1199 1420 1228 etiam
1444 1199 1613 1228 definitores
1635 1199 1716 1228 adire
1744 1203 1887 1237 teneatur,

1145 1247 1168 1276 si
1191 1256 1339 1286 expensae
1363 1247 1537 1276 immodicae
1561 1247 1622 1276 fieri
1645 1247 1781 1277 debeant.
1810 1248 1888 1278 Man-

1145 1296 1211 1326 data
1233 1296 1385 1333 solvendi,
1409 1305 1483 1334 quae
1505 1296 1540 1325 ad
1567 1295 1695 1325 fabricae
1728 1297 1890 1336 praefectu—

1145 1353 1206 1374 ram
1226 1348 1369 1383 spectent,
1395 1349 1426 1373 ut
1447 1348 1509 1374 rata
1527 1345 1626 1374 sintet
1645 1345 1786 1382 legitima,
1804 1354 1888 1384 prae-

1146 1398 1190 1423 ter
1212 1393 1430 1432 obsignationes
1452 1398 1606 1423 consuetas
1628 1398 1656 1424 et
1679 1394 1887 1433 praescriptaS,

1146 1443 1181 1472 ab
1203 1443 1266 1482 ipso
1291 1443 1435 1482 praefecto
1458 1442 1694 1472 subscribantur.

1186 1492 1218 1521 ln
1237 1492 1361 1521 concilio
1378 1491 1564 1521 definitorum
1581 1496 1647 1521 ante
1666 1492 1772 1521 festum
1790 1492 1820 1520 S.
1833 1491 1887 1521 Lu·
1953 1505 1982 1526 Ab
2007 1505 2081 1526 eodem

1146 1550 1197 1570 cae
1220 1540 1388 1579 praefectus
1421 1539 1549 1569 fabricae
1577 1540 1621 1569 sui
1649 1540 1780 1570 mulieris
1802 1532 2084 1579 ratio-Effin'd‘fflffimss‘ffss

1147 1598 1214 1618 nem
1253 1589 1374 1623 1‘eddet3
1412 1589 1495 1628 sique
1531 1588 1643 1618 eisdem
1680 1588 1886 1618 definitoribus
1899 1585 2084 1632 232⁵⁵lssfle¹g¹g⁵ess¹¹¹g

1147 1638 1349 1676 praefecturae
1373 1641 1487 1676 tempus
1521 1637 1672 1676 prorogari
1698 1630 1770 1667 utile
1802 1640 1889 1676 atque
1900 1639 1961 1658 '‘³¹1⁰-

1147 1690 1344 1726 opportunum
1368 1686 1462 1715 visum
1486 1686 1592 1720 fuerit,
1610 1686 1743 1725 proxime
1760 1686 1890 1724 cogendo

1147 1735 1271 1765 concilio
1288 1735 1316 1764 in
1334 1735 1435 1764 eadem
1455 1735 1638 1773 praefectura
1654 1734 1888 1764 confirmabitur.

1187 1784 1326 1813 Fabricae
1351 1784 1496 1822 praesecto
1520 1784 1654 1822 perdices
1686 1783 1840 1813 duodecim
1862 1787 1892 1814 et

1148 1834 1266 1862 totidem
1290 1833 1417 1870 gallinae
1438 1832 1467 1861 in
1487 1832 1580 1862 Natali
1597 1833 1710 1862 Domini
1729 1832 1893 1862 attribuen-

1148 1888 1206 1913 tur.

1249 1958 1311 1987 T1T.
1337 1957 1368 1987 L.
1392 1975 1431 1980 —
1454 1957 1493 1986 De
1516 1961 1585 1985 vesle
1607 1961 1632 1986 et
1655 1957 1792 1987 honestate

1401 2007 1630 2036 academicorum.

1188 2077 1343 2108 Scholares
1374 2086 1475 2106 omnes
1498 2077 1583 2106 talari
1616 2081 1695 2107 veste
1729 2077 1772 2106 vel
1805 2077 1892 2116 nigra
1946 2086 2086 2117 scholaribus

1149 2132 1199 2157 aut
1221 2126 1372 2162 subfusca,
1397 2135 1548 2165 nunquam
1572 2126 1664 2155 serica
1681 2130 1731 2155 aut
1749 2126 1889 2165 pretiosa,
1902 2114 2086 2160 {fssffifflssugssff

1149 2176 1286 2205 decenter
1313 2175 1489 2212 induantur,
1514 2184 1567 2203 nec
1589 2174 1689 2203 luxum
1713 2178 1762 2203 aut
1786 2174 1890 2204 fastum
1902 2166 1979 2213 fflssa,
1997 2167 2087 2187 ‘'stem''

1151 2224 1361 2263 praeseferant,
1386 2223 1435 2252 sed
1460 2222 1609 2260 modeste,
1648 2227 1679 2251 ut
1710 2223 1893 2252 academicos

1150 2273 1246 2310 decet,
1270 2272 1379 2310 ubique
1402 2281 1431 2300 se
1454 2275 1568 2309 gerant.
1586 2271 1721 2301 Mulieres
1743 2275 1792 2300 aut
1808 2271 1895 2301 inho-

1150 2326 1247 2351 nestas
1270 2325 1319 2350 aut
1342 2325 1500 2359 utcumque
1522 2323 1673 2359 suspectas
1695 2330 1748 2350 nec
1766 2321 1842 2360 apud
1863 2330 1895 2350 se

1128 2401 1130 2408 Α
1150 2371 1298 2400 retineant
1317 2379 1370 2399 nec
1392 2370 1533 2399 invisant.
1558 2370 1679 2399 Praetor
1707 2374 1805 2399 autem
1828 2369 1895 2399 Cer-

1151 2419 1261 2455 variae,
1286 2418 1309 2447 si
1333 2427 1419 2457 quam
1443 2418 1644 2457 impudentem
1662 2422 1690 2447 et
1707 2418 1893 2447 manifestam

1151 2467 1398 2506 deprehenderit,
1430 2467 1527 2496 statim
1552 2477 1565 2496 a
1591 2472 1649 2496 toto
1672 2477 1741 2496 suae
1773 2467 1893 2497 iurisdi—

1151 2517 1256 2546 ctionis
1289 2516 1439 2545 territorio
1472 2515 1703 2554 exterminabit,
1736 2515 1825 2555 idque
1857 2516 1893 2546 ad

1151 2566 1241 2596 solius
1264 2565 1432 2595 cancellarii
1454 2564 1633 2604 requirentis
1655 2564 1892 2594 informationem
