2182 3137
42 223 95 250 An,
108 223 138 249 C.
163 221 228 249 1732

867 222 1009 245 CLEMENS
1035 223 1079 245 Xll
1105 225 1155 246 ΡΡ.

236 276 404 303 centorum
431 271 624 303 ducatorum
646 271 733 312 paris
754 275 902 302 monetae
927 279 978 300 su-

236 334 294 366 per
318 322 607 367 metropolitanae¹
636 321 853 365 Rlieginensis
875 323 979 354 eccle-

237 376 358 409 siarum
384 377 551 415 fructibus,
577 375 758 408 redditibus
784 380 815 407 et
839 385 978 417 proven-

238 430 332 462 tibus.
359 441 376 462 a
402 429 497 462 nobis
523 439 581 472 per
606 428 730 461 litteras
757 427 816 460 sub
841 428 979 470 plumbo

237 483 429 526 propediem
456 482 676 525 expediendas
694 487 855 525 perpetuo
881 481 979 523 impo-

237 535 353 568 nendis
375 546 412 567 ac
436 535 664 568 reservandis:
689 535 733 567 ita
759 540 864 566 tamen
883 533 979 576 quod,
1001 552 1002 560 κ

237 588 261 620 si
284 588 345 620 ista
372 588 514 620 fundatio
531 587 663 620 minime
690 587 911 630 perficeretur,
929 587 978 619 vel

236 650 415 684 progressu
442 640 596 683 temporis
618 639 783 682 deficeret,
801 644 855 671 aut
879 650 895 671 a
921 649 979 671 suo

237 694 383 726 instituto
420 693 571 733 deviaret,
605 693 685 725 adeo
722 698 757 724 ut
791 692 980 735 supradicta

236 747 452 790 Congregatio
485 748 751 790 presbyterorum
782 746 896 778 Sacrae
922 746 979 779 Fa-

237 800 344 833 miliae
381 801 529 832 alumnos
566 799 717 832 Sinenses
753 805 783 831 et
807 799 902 832 Indos
939 799 1002 831 ad*

236 853 333 886 finem
359 853 554 886 destinatum
580 852 718 885 educare
744 853 870 890 nollet,
902 857 979 884 tunc

236 906 409 948 pensiones
434 907 602 949 praefatae
635 917 670 938 ac
702 917 782 939 onus
815 918 870 939 seu
896 907 978 940 obli-

234 959 323 1000 gatio
350 959 420 992 illas
446 959 654 1002 persolvendi
689 960 822 993 omnino
854 970 978 993 cessare

234 1012 374 1045 debeant
397 1023 404 1052 ;
454 1012 607 1056 quodque
653 1012 873 1056 Congregatio
920 1025 978 1056 pro

235 1072 383 1108 tempore
416 1065 566 1099 similiter
602 1066 808 1100 existentium
834 1067 978 1100 eiusdem

234 1120 266 1153 S.
288 1120 324 1152 R.
345 1120 377 1153 E.
409 1120 634 1159 cardinalium,
662 1121 760 1153 rebus
792 1121 979 1164 Propagan-

234 1174 294 1207 dae
319 1174 407 1207 Fidei
434 1174 707 1217 praepositorum,
730 1174 842 1218 quovis
867 1176 978 1208 colore

234 1228 285 1260 vel
322 1230 416 1260 causa
454 1238 620 1270 nunquam
659 1239 773 1260 manus
813 1239 978 1271 apponere

235 1282 340 1314 valeat
364 1281 473 1313 fundis
499 1292 554 1313 seu
573 1282 768 1324 capitalibus
788 1281 888 1324 ipsius
907 1282 979 1314 fun-

235 1334 373 1367 dationis
398 1334 628 1377 praesentibus
647 1346 681 1367 ae
700 1335 828 1375 futuris,
847 1335 978 1368 annuis-

235 1400 297 1430 que
324 1400 435 1421 eornm
462 1388 665 1428 redditibus,
697 1400 804 1432 neque
830 1395 978 1432 praeten-

235 1443 314 1475 dere
340 1453 438 1485 super
463 1442 548 1474 dicta
580 1442 772 1474 fundatione
798 1442 978 1485 superiori-

236 1502 334 1528 tatem
353 1495 494 1538 aliquam
513 1496 561 1528 vel
581 1495 803 1534 directionem,
823 1496 878 1528 sed
898 1496 978 1528 eius-

235 1550 325 1582 modi
350 1549 599 1591 Congregationi
626 1549 838 1581 cardinalium
859 1550 978 1582 solum-

234 1602 331 1635 modo
364 1608 528 1645 competat
559 1613 595 1634 ac
624 1608 822 1634 reservatum
855 1603 897 1634 sit
929 1602 976 1634 ius

234 1660 267 1687 et
292 1656 425 1688 facultas
450 1655 664 1694 examinandi,
702 1656 907 1698 approbandi
947 1662 979 1688 et

234 1708 434 1752 reprobandi
453 1709 601 1741 alumnos
620 1708 825 1751 presbyteros
847 1709 976 1751 collegii

233 1762 381 1806 praefati,
403 1768 465 1794 tam
492 1761 681 1804 Europaeos
699 1772 795 1804 quam
814 1761 975 1802 Sinenses‚

234 1816 331 1849 Indos
357 1821 389 1848 et
406 1815 548 1847 cuiusvis
567 1815 701 1847 alterius
719 1815 872 1854 nationis,
890 1822 977 1858 post-

234 1880 332 1912 quam
352 1869 485 1901 Romam
504 1869 724 1911 pervenerint,
744 1869 796 1911 qui
815 1869 975 1911 evangelii

233 1922 447 1966 praedicandi
484 1923 578 1954 causa
615 1922 646 1954 in
682 1921 799 1962 lndias,
825 1922 916 1955 Sinas
941 1934 977 1955 ac

235 1986 337 2018 regna
362 1975 553 2015 adiacentia,
572 1975 716 2018 aliasque
735 1980 840 2018 partes
866 1975 977 2009 infide-

234 2029 313 2062 lium
345 2028 506 2072 proficisci
541 2029 667 2068 vellent,
702 2029 852 2071 hancque
887 2040 975 2061 suam

234 2082 437 2115 vocationem
459 2092 495 2114 ac
519 2082 717 2115 voluntatem
736 2082 838 2115 libere
858 2088 890 2115 et
907 2083 977 2115 abs-

234 2145 297 2178 que
323 2136 390 2168 ullo
416 2135 635 2177 praecedente
665 2135 847 2168 iuramento
874 2136 977 2178 expli-

234 2189 380 2222 caverint
404 2188 567 2231 superiori
592 2188 667 2221 dicti
699 2189 849 2231 collegii,
884 2190 975 2222 euius

234 2248 342 2285 partes
380 2247 497 2281 erunt,
525 2252 597 2274 cum
635 2242 700 2274 suis
731 2243 975 2275 consultoribus

235 2305 295 2337 per
324 2294 545 2338 pluralitatem
579 2294 807 2337 suffragiorum
843 2296 976 2339 presby-

235 2353 379 2382 terorum
414 2348 574 2380 vocalium
605 2349 814 2391 supradictae
839 2350 976 2393 Congre-

233 2402 371 2444 gationis
403 2401 520 2434 Sacrae
546 2402 699 2435 Familiae
726 2403 873 2445 legitime
909 2406 975 2437 ele-

233 2455 311 2496 ctis,
339 2465 449 2487 eorum
479 2454 683 2488 vocationem
711 2462 742 2488 et
777 2458 972 2490 voluntatem

233 2508 420 2541 huiusmodi
437 2509 639 2550 explorandi,
667 2520 703 2541 ac
729 2509 846 2542 deinde
872 2511 974 2543 nomi-

233 2572 275 2594 na
300 2572 421 2601 eorum,
441 2571 523 2605 quos
548 2561 586 2593 ad
613 2562 817 2604 evangelicae
843 2565 971 2606 praedi-

269 2625 280 2651 t
303 2624 377 2650 Edit.
398 2623 478 2650 Μαίη.
500 2623 564 2659 tegit
583 2624 811 2658 metropolitana
832 2631 869 2653 tn.
884 2629 934 2660 τ.).

1022 271 1158 304 cationis
1184 283 1302 306 munus
1321 274 1537 307 exercendum
1556 279 1647 317 aptos
1665 284 1763 316 repe-

1022 324 1110 362 rerit,
1138 325 1243 358 eidem
1269 326 1522 369 Congregationi
1549 327 1762 360 cardinalium

1023 378 1274 417 transmittendi,
1292 381 1331 412 ad
1351 380 1413 412 hoe
1431 386 1466 412 ut
1484 381 1558 413 dieti
1578 381 1760 413 cardinales

1022 428 1095 460 illos
1122 440 1234 463 omnes
1260 433 1309 464 vel
1337 442 1450 465 eorum
1471 434 1597 476 aliquos
1617 444 1762 466 accerse-

1022 492 1074 520 re,
1096 489 1141 521 et,
1161 494 1242 526 quos
1268 485 1397 518 habiles
1423 491 1455 518 et
1480 487 1616 518 idoneos
1638 487 1761 519 iudica-

1022 535 1137 574 verint,
1165 537 1263 569 sacris
1289 538 1497 571 missionibus
1531 542 1615 583 apud
1653 540 1764 573 inside-

1023 588 1080 626 les,
1103 590 1237 621 servatis
1263 590 1357 623 etiam
1383 593 1642 625 solemnitatibus
1667 594 1699 625 in
1722 594 1761 626 si-

1023 641 1154 674 milibus
1172 643 1291 675 servari
1312 644 1425 683 solitis,
1442 646 1602 678 destinare
1621 647 1759 689 possint.

1022 693 1170 726 Ceterum
1208 696 1246 726 ad
1276 697 1424 729 eumdem
1450 699 1654 740 superiorem
1688 711 1760 733 cum

1022 747 1087 779 suis
1114 749 1355 781 consultoribus
1380 756 1525 792 spectare
1544 753 1677 784 debebit
1695 765 1764 787 exa-

1022 811 1095 833 men
1114 802 1258 834 omnium
1275 802 1305 834 in
1325 804 1445 836 dictum
1465 805 1638 847 collegium
1661 808 1761 850 recipi

1023 854 1211 896 petentium,
1223 855 1418 898 illorumque
1433 857 1584 890 admissio
1596 859 1643 891 vel
1660 860 1765 892 exelu-

1021 906 1079 946 sio,
1095 914 1191 949 prout
1205 918 1276 940 cum
1296 910 1480 951 pluralitate
1499 917 1646 943 votorum
1666 911 1764 945 dicto-

1000 984 1002 991 s
1023 971 1093 992 rum
1112 963 1336 994 consultorum
1358 963 1486 996 utilitati
1506 965 1639 1007 praefati
1663 966 1763 999 colle-

1022 1014 1063 1056 gii
1083 1015 1185 1056 magis
1204 1014 1236 1047 in
1257 1015 1393 1049 Domino
1413 1019 1564 1060 expedire
1583 1019 1759 1052 censuerit.

1065 1068 1079 1110 §
1105 1067 1135 1099 02.
1164 1068 1240 1101 Cum
1268 1075 1384 1109 autem,
1403 1071 1485 1102 sicut
1503 1071 1615 1104 cadem
1637 1074 1763 1115 exposi-

1660 215 1725 249 389
1771 227 1824 252 An.
1839 226 1870 252 c.
1890 225 1959 253 1732

1816 1078 1956 1100 Canuti-natur

1775 1106 1878 1125 institutio
1893 1121 1898 1129 ,
1927 1106 1953 1125 de

1024 1121 1065 1154 tio
1090 1121 1315 1164 subiungebat,
1342 1130 1538 1156 memoratus
1558 1124 1687 1158 Carolus
1708 1138 1760 1159 rex
1775 1138 1816 1157 qua
1830 1132 1849 1152 in
1865 1132 1960 1152 rubrica-

1021 1175 1198 1217 praemissa
1215 1177 1414 1219 apostolicae
1432 1178 1689 1212 confirmationis
1707 1191 1764 1214 no-

1000 1234 1106 1272 strae
1143 1230 1324 1271 patrocinio
1361 1232 1553 1264 communiri
1586 1233 1762 1275 plurimum

1021 1282 1202 1315 desideret:
1226 1294 1295 1323 nos,
1324 1284 1385 1327 piis
1410 1284 1513 1327 ipsius
1547 1285 1651 1318 Caroli
1678 1288 1763 1330 regis

999 1370 1000 1373 Ἰ
1021 1335 1102 1367 votis
1128 1336 1188 1368 hac
1212 1337 1244 1369 in
1272 1348 1306 1369 re
1323 1365 1330 1377 ,
1350 1345 1508 1380 quantum
1534 1349 1607 1371 cum
1626 1339 1761 1374 Domino

1021 1400 1194 1431 possumus
1209 1417 1216 1429 ,
1234 1390 1375 1432 benigne
1401 1402 1547 1424 annuere
1573 1394 1760 1435 cupientes,

1022 1443 1210 1486 dictumque
1237 1444 1386 1476 Alvarum
1404 1445 1603 1478 cardinalem
1623 1452 1653 1479 et
1670 1457 1763 1489 prae-

1021 1497 1124 1528 sulem
1160 1497 1355 1539 specialibus
1386 1498 1552 1531 savoribus
1586 1505 1617 1532 et
1642 1500 1761 1542 gratiis

1020 1550 1173 1592 prosequi
1193 1552 1348 1590 volentes,
1365 1551 1661 1594 supplicationibus
1683 1553 1765 1586 eius-

1021 1604 1094 1636 dem
1121 1603 1226 1636 Caroli
1263 1605 1351 1646 regis
1385 1605 1516 1638 nomine
1541 1606 1636 1639 nobis
1661 1617 1762 1650 super

1021 1657 1084 1689 hoc
1109 1657 1279 1690 humiliter
1304 1658 1464 1700 porrectis
1490 1659 1634 1691 inclinati
1655 1686 1662 1699 ,
1690 1659 1762 1692 sun-

1022 1711 1186 1744 dationem
1202 1712 1368 1755 praefatae
1382 1712 1648 1754 Congregationis
1670 1724 1762 1756 pres-

1020 1765 1204 1807 byterorum
1230 1765 1444 1797 saecularium
1457 1791 1464 1803 ‚
1484 1776 1541 1797 seu
1559 1765 1687 1808 collegii
1709 1766 1764 1799 Sa-

1020 1828 1093 1850 crae
1108 1817 1262 1850 Familiae
1280 1818 1351 1850 Iesu
1367 1817 1495 1857 Christi,
1511 1818 1596 1850 sicut
1612 1819 1762 1861 praemit-

1022 1872 1107 1913 titur,
1132 1871 1262 1911 factam,
1282 1871 1457 1903 dummodo
1475 1871 1560 1904 idem
1582 1872 1757 1914 collegium

1020 1930 1187 1957 remaneat
1202 1925 1385 1957 subiectum
1410 1924 1591 1963 Ordinario,
1611 1925 1643 1957 in
1659 1927 1760 1958 omni-

1020 1981 1080 2013 bus
1117 1986 1148 2012 et
1183 1990 1240 2021 per
1272 1979 1400 2017 omnia,
1429 1980 1700 2021 quemadmodum
1727 1980 1760 2012 in

1021 2039 1088 2065 toto
1114 2043 1214 2074 regno
1235 2032 1385 2075 Neapolis
1403 2038 1478 2064 sunt
1495 2032 1664 2065 Ordinario
1683 2034 1761 2065 sub-

1021 2087 1123 2119 iectae
1157 2086 1271 2118 domus
1308 2091 1339 2118 et
1371 2085 1527 2117 ecclesiae
1557 2091 1652 2128 atque
1684 2096 1760 2129 per-

1019 2150 1117 2172 sonae
1143 2139 1439 2181 Congregationum
1466 2138 1604 2171 Oratorii
1630 2139 1660 2172 S.
1686 2140 1761 2172 Plii-

1020 2193 1100 2236 lippi
1127 2193 1212 2225 Nerii
1241 2203 1277 2224 ac
1302 2192 1431 2224 Piorum
1457 2192 1698 2235 Opermiorum,
1727 2199 1760 2227 et

1020 2247 1079 2279 sub
1098 2246 1302 2289 protectione
1318 2245 1405 2287 regia
1423 2246 1527 2277 solum
1548 2246 1653 2288 quoad
1672 2247 1759 2280 bona

1020 2299 1213 2341 temporalia
1239 2298 1393 2341 acquisita
1419 2303 1451 2330 et
1475 2299 1684 2341 acquirenda,
1705 2311 1760 2332 au-

1019 2354 1167 2386 ctoritate
1187 2352 1373 2396 apostolica,
1393 2357 1505 2385 tenore
1525 2354 1756 2395 praesentium,

1018 2406 1238 2450 approbamus
1275 2411 1306 2438 et
1341 2405 1572 2438 confirmamus
1594 2433 1601 2445 ,
1627 2406 1757 2450 illisque

1018 2459 1215 2492 inviolabilis
1250 2458 1447 2501 apostolicae
1474 2458 1633 2491 firmitatis
1659 2460 1759 2493 robur

1017 2511 1201 2549 adiicimns,
1218 2522 1254 2543 ae
1279 2520 1393 2542 omnes
1412 2515 1443 2542 et
1463 2509 1608 2551 singulos
1627 2516 1689 2543 tam
1709 2513 1757 2544 iu-

1016 2565 1058 2596 ris
1084 2574 1178 2607 quam
1206 2564 1276 2595 facti
1303 2563 1463 2602 defectus,
1489 2563 1588 2606 siqui
1611 2564 1757 2607 desuper

1016 2617 1264 2660 quomodolibet
1288 2616 1536 2656 intervenerint,
1555 2617 1755 2660 supplemus.
