2182 3137
2107 0 2182 91 Ἄ

192 269 241 294 An.
262 268 290 294 C.
310 267 377 294 1733
422 257 487 290 46⁶2
978 264 1161 287 cathamum
1186 264 1343 287 nomnen

1921 265 1974 288 Au.
1996 262 2025 289 C.
2042 253 2108 290 ¹7³3

222 591 332 610 Decretum
351 590 376 610 de

225 624 236 636 υ
247 624 266 636 ιη
283 617 376 637 rubrica.

388 315 457 358 paci
484 320 515 347 et
540 313 640 357 quieti
667 313 751 345 inter
776 312 1007 345 christifideles
1033 322 1129 354 quos-

387 368 478 405 libet,
507 366 695 409 praesertim
732 365 792 397 sub
831 365 919 397 suavi
957 364 1128 407 religionis

386 422 461 462 iugo
487 419 651 452 Altissimo
689 418 905 456 mundantes,
941 423 1126 460 opportune

386 473 574 512 consulitur,
601 473 742 504 libenter
766 471 948 509 annuimus,
971 476 1068 513 atque
1091 470 1129 502 fa-

387 526 518 558 voribus
544 525 774 568 prosequimur
799 524 1006 566 opportunis.

432 580 446 621 5
472 578 503 610 1.
531 578 609 611 Cum
636 578 753 620 itaque,
776 577 859 609 sicut
885 576 1021 609 dilectus
1047 576 1131 609 lilius

389 632 564 664 modernus
598 630 689 672 prior
725 629 890 672 generalis
915 629 1045 661 Ordinis
1072 630 1132 661 sra-

391 691 471 716 trum
498 684 532 716 B.
561 683 677 715 Mariae
704 683 742 715 de
769 682 875 714 Monte
901 682 1048 714 Carinelo
1077 692 1133 714 no-

391 738 440 769 bis
468 747 574 779 nuper
600 735 717 778 exponi
745 735 828 775 fecit,
856 735 886 766 in
911 734 1055 777 capitulo
1077 744 1134 776 ge-

392 790 492 823 nerali
531 788 606 822 dicti
637 788 764 821 Ordinis
802 798 914 820 mense
949 787 1133 820 novembris

391 844 467 876 anni
508 852 666 876 ninccxxxi
707 842 739 873 in
779 842 861 874 alma
902 840 988 873 Urbe
1025 843 1135 873 nostra

392 897 557 930 celebrato
596 900 750 927 statutum
789 894 903 933 suerit,
934 899 969 925 ut
1002 893 1034 925 in
1060 903 1135 935 pro-

393 950 495 982 vincia
519 948 686 981 Calabriae
713 947 874 979 citerioris
907 951 939 978 et
967 945 1134 978 ulterioris

393 1003 537 1036 eiusdem
562 1001 690 1034 Ordinis
712 999 902 1032 alternative
920 999 1136 1042 provinciala-

393 1062 453 1094 tus,
478 1061 616 1097 quatuor
642 1052 850 1085 definitorum
872 1057 903 1083 et
922 1052 1062 1083 duorum
1088 1061 1136 1083 so-

393 1109 516 1141 ciorum
542 1118 601 1150 pro
627 1106 769 1148 capitulo
804 1104 964 1146 generali,
992 1114 1050 1146 pro
1076 1114 1137 1136 ma-

394 1162 451 1194 iori
490 1160 599 1204 quiete
626 1159 728 1201 ipsius
767 1157 954 1200 provinciae
986 1157 1018 1189 in
1057 1157 1135 1188 duas

395 1215 575 1251 distinctae,
593 1223 709 1255 nempe
728 1211 953 1244 Cussentinam
971 1216 1002 1244 et
1021 1210 1137 1243 Catha-

395 1278 537 1305 eensem,
553 1265 713 1298 introduci
731 1265 879 1297 deberet:
896 1266 964 1307 ipse
984 1264 1074 1306 prior
1089 1273 1138 1305 ge·

395 1321 515 1354 neralis
542 1319 763 1352 alternativam
791 1317 977 1350 huiusmodi
1005 1328 1021 1349 a
1043 1315 1138 1348 nobis

395 1373 572 1417 approbari
599 1378 630 1405 et
656 1371 842 1404 confirmari
861 1380 1070 1413 summopere
1089 1370 1140 1402 de-

395 1427 535 1459 siderat:
564 1425 657 1458 nobis
682 1429 861 1467 propterea
883 1423 1048 1455 humiliter
1065 1433 1140 1465 snp-

395 1480 510 1524 plicari
541 1479 618 1512 l'ecit
635 1484 671 1510 ut
690 1478 722 1509 in
744 1476 931 1519 praemissis
949 1481 1138 1519 opportune

395 1535 569 1578 providere
596 1538 626 1565 et
651 1537 684 1563 ut
709 1531 793 1563 infra
824 1530 995 1572 indulgere
1022 1530 1060 1562 de
1085 1530 1140 1561 be-

396 1588 555 1629 nignitate
596 1585 774 1628 apostolica
815 1584 1037 1626 dignaremur.
1076 1583 1139 1616 Nos

398 1640 517 1682 igitur,
546 1637 623 1671 dicti
650 1637 799 1670 moderni
834 1636 953 1680 prioris
979 1637 1141 1678 generalis

396 1693 477 1726 votis
504 1693 564 1725 bac
589 1692 620 1723 iu
648 1702 692 1730 re,
719 1696 875 1733 (plantum
903 1700 976 1721 cum
1003 1689 1140 1722 Domino

398 1756 583 1790 possumus,
611 1744 832 1776 favorabiliter
858 1754 1002 1775 annuere
1031 1744 1142 1775 volen-

399 1807 466 1839 tes,
506 1808 645 1840 eumque
677 1808 694 1829 a
727 1796 894 1839 quibusvis
920 1796 1142 1828 excommnni-

399 1852 552 1892 cationis‚
585 1849 811 1893 suspensionis
843 1854 874 1881 et
902 1849 1086 1888 interdicti,
1117 1859 1142 1881 a·

399 1906 519 1948 liisque
540 1903 770 1937 ecclesiasticis
789 1902 975 1941 sententiis,
995 1904 1144 1935 censuris

400 1965 433 1992 et
456 1957 588 2001 poenis,
613 1968 630 1988 a
648 1956 718 1988 iure
737 1957 786 1988 vel
805 1955 844 1987 ab
864 1955 1009 1993 homine,
1031 1954 1143 1997 quavis

400 2011 572 2045 occasione
610 2011 660 2042 vel
697 2011 795 2041 causa
831 2008 926 2048 latis,
963 2008 988 2040 si
1028 2008 1145 2051 quibus

401 2063 649 2108 quomodolibet
667 2061 842 2094 innodatus
865 2060 992 2100 existit,
1012 2061 1051 2093 ad
1074 2060 1146 2093 ell'e-

402 2124 488 2150 ctum
511 2115 733 2160 praesentium
754 2115 919 2147 dumtaxat
945 2125 1146 2157 consequen-

402 2172 500 2210 dum,
527 2171 642 2202 barum
668 2169 753 2201 serie
786 2169 996 2201 absolventes
1029 2174 1061 2200 et
1092 2168 1146 2200 ab·

403 2225 547 2257 solutum
570 2224 638 2255 sore
658 2226 840 2260 censentes,
861 2221 1047 2253 huiusmodi
1071 2231 1147 2263 sup-

403 2276 635 2319 plicationibus
662 2274 821 2313 inclinati,
846 2274 885 2306 de
913 2273 1146 2306 venerabilium

405 2331 540 2362 fratrum
567 2334 751 2361 nostrorum
778 2327 903 2360 S.R.E.
932 2327 1147 2358 cardinalium

406 2382 545 2424 negotiis
580 2385 611 2413 et
646 2380 939 2413 consultationibus
977 2379 1146 2422 episcopo-

407 2446 477 2467 rum
504 2441 536 2467 ct
561 2433 761 2476 regularium
788 2432 1065 2475 praepositorum,
1094 2432 1147 2474 qui

408 2488 602 2519 relationem
630 2485 740 2518 dilecti
767 2485 891 2528 pariter
916 2484 971 2517 lilii
998 2484 1147 2516 moderni

407 2539 629 2582 procuratoris
655 2539 816 2581 generalis
842 2537 970 2570 Ordinis
991 2537 1147 2580 praedicti

408 2603 506 2635 super
546 2592 733 2634 praemissis
771 2591 895 2624 eisdem
930 2590 1148 2623 cardinalibus

410 2646 524 2678 factam
555 2646 764 2678 attenderunt
789 2650 821 2677 ct
846 2655 912 2677 rem
938 2650 1062 2677 mature
1087 2643 1151 2677 dis-

1172 316 1369 350 cusserunt,
1403 311 1563 351 consilio,
1594 311 1728 354 petitam
1755 311 1914 344 alternati-

1173 375 1229 397 vae
1267 363 1544 397 confirmationem
1581 363 1772 395 auctoritate
1804 364 1915 395 nostra

1173 416 1354 460 apostolica
1390 415 1621 455 concedimus3
1662 425 1780 458 nempe
1813 421 1846 447 ut
1882 415 1915 447 in

1174 470 1280 502 futuro
1307 468 1459 507 triennio,
1486 468 1706 511 computando
1732 479 1749 500 a
1773 468 1916 511 capitulo

1174 521 1367 565 provinciali
1389 521 1534 564 proxime
1556 520 1764 560 celebrando,
1786 520 1916 563 provin-

1175 575 1264 608 cialis
1291 575 1332 607 sit
1365 585 1402 607 ex
1431 581 1523 617 parte
1560 573 1726 607 Calabriae
1756 573 1916 606 citerioris

1175 639 1246 660 cum
1274 628 1399 661 duobus
1425 626 1652 659 definitoribus
1685 631 1716 659 et
1741 637 1804 659 uno
1830 626 1917 659 socio

1176 692 1235 724 pro
1262 681 1402 724 capitulo
1430 679 1574 722 generali
1609 690 1645 712 ex
1681 679 1795 712 eadem
1825 683 1917 721 parte

1176 733 1340 766 citeriori:
1368 732 1485 775 reliqui
1522 742 1599 764 vero
1633 731 1694 764 duo
1733 724 1919 764 definitores

1177 792 1208 820 et
1244 788 1323 820 alter
1358 787 1463 819 socius
1500 796 1559 828 pro
1595 785 1738 827 capitulo
1774 784 1918 827 generali

1177 841 1240 872 sint
1277 850 1313 872 ex
1351 844 1443 882 parte
1480 837 1647 872 Calabriae
1684 837 1851 870 ulterioris
1889 844 1920 870 et

1178 898 1398 926 conventuum
1423 892 1469 924 illi
1496 902 1708 931 annexorum,
1731 902 1767 924 ex
1787 902 1852 934 qua
1868 902 1920 934 pa-

1178 947 1257 978 riter
1281 951 1373 988 parte
1410 945 1470 978 erit
1502 945 1610 978 socius
1647 944 1855 987 provincialis
1881 944 1920 977 ad

1179 998 1378 1041 provinciam
1403 997 1611 1037 visitandam,
1643 997 1675 1028 in
1708 996 1922 1040 subsequenti

1180 1057 1287 1084 autem
1314 1050 1455 1084 triennio
1474 1050 1683 1093 provincialis
1701 1050 1866 1083 viceversa
1884 1060 1920 1082 ex

1180 1109 1271 1147 parte
1296 1103 1462 1136 Calabriae
1487 1102 1653 1135 ulterioris
1684 1113 1757 1134 cum
1794 1102 1921 1135 duobus

1180 1156 1408 1189 definitoribus
1435 1161 1466 1188 et
1491 1165 1555 1187 uno
1582 1155 1669 1188 socio
1695 1165 1755 1197 pro
1780 1154 1922 1197 capitulo

1180 1209 1327 1252 generali
1353 1208 1509 1251 eligatur,
1537 1208 1591 1240 sed
1617 1208 1723 1240 socius
1743 1207 1924 1250 provincia-

1181 1263 1219 1295 lis
1244 1273 1304 1305 pro
1330 1261 1512 1294 visitatione
1530 1261 1571 1293 sit
1588 1271 1624 1293 ex
1643 1267 1736 1303 parte
1757 1260 1923 1294 Calabriae

1181 1315 1368 1356 citerioris;
1395 1320 1427 1348 et
1452 1315 1497 1348 sic
1521 1315 1675 1358 deinceps
1705 1325 1764 1357 per
1793 1319 1924 1347 turnum

1182 1369 1247 1402 sive
1266 1368 1491 1402 alternativam
1513 1368 1674 1411 perpetuo
1692 1367 1925 1401 inviolabiliter

1182 1428 1346 1455 servetur:
1365 1427 1509 1455 ceterum
1528 1421 1655 1464 priores
1678 1421 1798 1453 locales
1823 1420 1925 1464 impo-

1183 1481 1304 1508 sterum
1331 1485 1369 1507 ex
1395 1475 1450 1507 illa
1475 1479 1578 1517 parte,
1604 1474 1636 1505 in
1662 1484 1726 1517 qua
1744 1480 1924 1506 conventus

1184 1529 1337 1568 existunt,
1362 1529 1525 1570 eligantur
1546 1528 1609 1560 sive
1631 1527 1858 1560 instituantur:
1880 1537 1928 1560 ce-

1184 1582 1322 1615 lebratio
1340 1582 1468 1614 demum
1485 1581 1615 1624 capituli
1635 1580 1843 1623 provincialis
1861 1580 1928 1613 sive

1184 1635 1449 1677 congregationis
1474 1634 1689 1666 intermediae
1715 1633 1746 1665 in
1772 1644 1928 1675 quocum-

1186 1700 1247 1732 que
1287 1693 1450 1721 conventu
1488 1687 1590 1729 magis
1631 1687 1802 1719 commodo
1839 1691 1871 1719 et
1911 1697 1929 1719 a

1186 1743 1296 1785 priore
1316 1741 1460 1783 generali
1483 1742 1531 1773 vel
1553 1739 1745 1782 provinciali
1771 1739 1858 1772 iuxta
1871 1739 1928 1772 Or-

1187 1795 1271 1828 dinis
1292 1794 1543 1827 constitutiones
1563 1792 1766 1834 designando
1786 1792 1854 1825 fieri
1876 1803 1928 1835 po·

1187 1849 1280 1881 terit:
1307 1849 1392 1880 salva
1412 1853 1517 1879 tamen
1540 1855 1669 1889 semper
1687 1845 1719 1878 in
1740 1845 1928 1888 praemissis

1188 1903 1381 1935 auctoritate
1424 1899 1696 1943 Congregationis
1738 1899 1929 1933 eorumdem

1188 1956 1414 1989 cardinalium.

1233 2008 1295 2051 §2
1319 2008 1549 2045 Decerneutes,
1581 2005 1709 2039 easdem
1741 2010 1933 2048 praesentes

1190 2063 1316 2095 litteras
1343 2070 1477 2103 semper
1510 2059 1637 2100 firmas,
1664 2059 1784 2091 validas
1810 2063 1841 2091 et
1866 2058 1934 2091 effi-

1190 2125 1282 2148 caces
1317 2113 1456 2146 existere
1490 2118 1521 2145 ct
1547 2113 1625 2152 sore,
1653 2122 1797 2155 suosque
1821 2112 1934 2154 plena-

1191 2168 1255 2200 rios
1276 2167 1470 2209 et'integros
1495 2165 1628 2198 effectus
1657 2165 1766 2197 sortiri
1801 2170 1832 2197 et
1852 2164 1934 2197 obti-

1190 2231 1267 2253 nere
1284 2247 1291 2260 ‚
1319 2229 1355 2252 ac
1375 2219 1457 2257 illis,
1484 2219 1523 2251 ad
1560 2228 1641 2260 quos
1670 2222 1794 2260 spectat
1818 2223 1851 2249 et
1875 2227 1933 2260 pro

1191 2280 1337 2316 tempore
1379 2272 1650 2315 quandocumque
1687 2271 1866 2313 spectabit,
1902 2271 1932 2302 iu

1191 2327 1342 2359 omnibus
1360 2331 1392 2358 et
1408 2336 1467 2368 per
1484 2325 1591 2357 omnia
1609 2324 1800 2367 plenissime
1823 2324 1934 2356 sull'ra-

1192 2380 1271 2423 gari,
1290 2385 1321 2412 et
1345 2380 1383 2411 ab
1409 2378 1474 2411 illis
1501 2378 1679 2420 respective
1705 2377 1935 2410 inviolabiliter

1192 2431 1385 2470 observari,
1424 2431 1537 2474 sicque
1577 2431 1609 2463 in
1650 2430 1838 2474 praemissis
1876 2441 1936 2473 per

1192 2495 1415 2529 quoscumque
1441 2483 1565 2516 iudices
1586 2483 1770 2516 ordinarios
1794 2488 1826 2516 et
1851 2483 1936 2516 dele-

1192 2545 1284 2581 gatos
1299 2565 1306 2578 ,
1334 2537 1430 2570 etiam
1449 2547 1616 2570 causarum
1636 2536 1746 2579 palatii
1764 2536 1934 2578 apostolici

1193 2591 1379 2630 auditores,
1417 2589 1551 2622 iudicari
1578 2595 1608 2622 et
1642 2589 1767 2621 deliniri
1794 2589 1931 2628 debere,

1194 2654 1231 2676 ac
1255 2642 1383 2675 irritum
1410 2647 1442 2674 et
1469 2641 1566 2675 inane
1592 2641 1616 2674 si
1642 2651 1733 2674 secus
1762 2651 1860 2683 super
1885 2641 1934 2673 his

1970 2006 2093 2027 clausulae.
