2182 3137
20 222 75 249 An.
89 220 119 247 G.
141 220 205 247 1731

46 1227 158 1251 Quaesiia.

831 219 974 241 CLEMENS
999 219 1043 242 XII
1068 221 1116 243 PP.

215 269 255 300 de
281 269 388 301 medio
405 270 520 301 tollere
537 269 691 305 volentes,
710 273 742 300 et
759 267 960 299 benevolen-

215 322 304 359 tiam,
327 332 390 364 qua
409 322 544 354 eosdem
563 321 699 354 clericos
722 321 899 362 regulares,
917 320 958 351 ol)

215 373 361 406 assiduos
388 375 515 407 labores
540 380 572 406 et
596 374 699 405 studia
722 365 804 415 qni-ie
831 372 860 404 in
887 382 959 414 pro-

214 427 291 458 ximi
318 427 438 460 bonnm
466 432 495 458 et
533 426 703 458 utilitatem
737 425 958 467 impendunt,

214 490 348 523 semper
373 479 536 522 prosecuti
565 479 703 515 l'nimus,
730 478 870 520 ampliiis
903 478 959 509 de-

214 538 395 564 monstrare
421 532 613 574 cupientes,
643 542 747 574 nuper
773 536 859 563 motu
886 540 959 573 pro-

214 585 300 627 prio,
329 595 366 618 ex
391 588 479 617 certa
504 585 639 617 scientia
664 591 691 616 et
721 583 957 616 deliberatione

213 640 341 676 nostra,
361 638 466 679 deque
484 638 682 679 apostolicae
702 636 871 678 potcstatis
891 636 959 678 ple-

214 690 376 728 nitudine,
397 691 638 722 venerabilibus
658 690 811 721 t'ratribns
837 688 957 721 nostris

215 744 374 786 Prospero
399 743 626 782 Maresuscliio,
649 743 838 776 eortundein
866 742 959 774 cleri-

213 807 329 829 corum
356 797 555 839 regularium
584 803 781 838 protectore,
809 795 957 828 Leandro

214 850 254 882 de
271 849 392 888 Porzia,
408 856 438 881 et
453 850 548 881 Petro
564 849 692 891 Aloysio
707 849 824 885 Carat'a,
840 848 956 881 S.R.E.

214 902 444 940 cardinalibus,
470 902 508 933 ad
538 912 605 934 rem
634 902 716 933 lianc
743 907 866 933 maturo
884 911 959 933 cou-

214 954 287 987 silio
306 955 555 986 examinandam
576 955 663 986 iussn
682 960 791 986 nostro
811 954 956 992 delectis,

214 1007 445 1049 particularem
482 1008 779 1049 Congrcgauoneui
818 1006 960 1038 institui-

214 1072 306 1100 mus,
331 1061 381 1093 eui
408 1062 627 1093 venerabilem
664 1063 793 1093 tratrem
832 1060 959 1092 archie-

214 1113 382 1156 piscopum
409 1114 646 1146 Nazianzenum
665 1142 672 1151 ,
699 1114 880 1145 auditorem
908 1123 960 1145 no-

215 1171 333 1205 strum,
361 1169 572 1199 secretarium
600 1167 843 1209 assignavimus.

260 1220 275 1261 ,ξ
300 1219 330 1251 2.
356 1221 437 1252 llnic
455 1227 561 1252 autem
581 1219 849 1260 Congregationi,
870 1229 960 1261 prae-

217 1272 275 1304 viis
306 1273 511 1305 facultatibus
540 1273 731 1305 necessariis
758 1273 934 1304 instructae
951 1299 958 1311 ‚

217 1326 434 1358 commisimus
459 1332 490 1358 et
512 1327 748 1363 mandarimus,
781 1331 833 1365 ut,
863 1326 901 1357 de
927 1335 961 1357 o-

217 1379 347 1411 mnibns
365 1385 397 1411 et
420 1380 556 1420 singulis
583 1386 644 1411 tam
672 1380 702 1411 in
731 1380 832 1412 forma
850 1378 959 1411 Brevis

217 1443 313 1474 quam
331 1432 390 1464 sul)
414 1432 545 1474 plumbo
563 1433 693 1464 eosdem
713 1432 848 1464 elericos
869 1442 961 1473 regn-

217 1485 303 1517 lares
340 1484 591 1527 respicientibus
625 1485 811 1527 apostolicis
846 1484 961 1516 litteris

218 1544 252 1570 et
279 1538 404 1570 statutis
431 1545 556 1570 mature
582 1538 752 1580 perpensis
782 1538 898 1577 edocti,
930 1537 960 1569 in

217 1590 449 1633 subsequentia
474 1590 580 1632 capita
605 1591 717 1622 sedulo
740 1591 962 1632 inquirerent:

308 1655 328 1677 1.
350 1645 396 1676 An
418 1644 589 1686 praedictis
610 1645 738 1676 clericis
757 1645 961 1686 regularibus

218 1697 252 1730 in
270 1697 336 1730 suis
355 1697 496 1739 publicis
514 1697 648 1736 scholis,
668 1703 798 1739 praeter
816 1697 961 1729 scriben-

219 1750 262 1788 di,
278 1750 410 1792 legendi
429 1756 460 1783 et
478 1750 686 1792 computandi
709 1751 848 1791 regulas
864 1756 961 1792 atque

221 1803 318 1835 etiam
354 1802 609 1845 grammaticen,
635 1803 789 1835 scientias
821 1802 963 1835 maiores

219 1856 349 1889 tradere
375 1855 495 1893 liceat:

310 1919 346 1941 ιι.
375 1909 422 1940 An
447 1908 507 1951 ipsi
534 1909 572 1940 ad
595 1909 723 1941 easdem
741 1919 814 1941 snas
831 1909 963 1941 scholas

221 1971 344 2005 pueros
371 1961 467 1993 etiam
493 1961 607 1994 divites
635 1961 828 2004 nobilesque
854 1962 965 1993 admit-

222 2018 291 2044 tere
316 2012 460 2054 possint3

311 2075 360 2098 ιιι.
389 2065 435 2096 An
462 2064 494 2096 in
521 2075 610 2096 snam
637 2076 744 2097 euram
772 2065 964 2108 etregimen

222 2117 372 2149 iuvenum
400 2117 562 2159 collegia,
588 2117 761 2149 seminaria
792 2124 824 2150 et
859 2118 966 2150 convi-

220 2175 292 2202 ctus
319 2170 443 2202 habere
469 2169 580 2202 itidem
607 2171 752 2212 possiut;

312 2233 356 2256 lv.
383 2223 570 2261 Quaesitum
597 2229 656 2262 est,
685 2235 724 2256 an
757 2224 965 2266 privilegium

221 2277 439 2319 apostolicum
465 2278 510 2309 eis
535 2278 800 2316 concedendum,
823 2283 856 2309 ut
875 2288 967 2317 regn-

223 2330 308 2362 lares
335 2329 449 2362 domos
487 2329 556 2362 sine
593 2331 728 2362 aliorum
768 2331 965 2373 regularium

223 2392 385 2414 consensu
420 2383 560 2415 condere
592 2384 738 2425 possint,
765 2383 819 2415 ubi
858 2389 965 2416 tamen

223 2435 271 2467 eis
295 2445 354 2477 pro
380 2445 533 2472 numero.
548 2447 564 2468 a
585 2436 876 2469 constitutionibus
894 2447 966 2479 apo-

220 2487 347 2519 stolicis
374 2488 533 2530 praefixo,
563 2488 725 2529 religiosis
750 2490 876 2522 alendis
902 2489 966 2521 sus-

225 2540 373 2572 fieientes
407 2541 554 2573 redditus
587 2541 668 2573 citra
701 2542 907 2575 mendicandi
935 2549 967 2575 et

220 2594 437 2636 quaestuandi
451 2594 677 2626 necessitatem
691 2595 770 2627 alias
780 2601 964 2638 suppetant.

1047 267 1118 309 53.
1158 269 1268 311 ltaque
1306 269 1493 301 huiusmodi
1530 268 1745 311 Congregatio

1640 210 1704 243 947
1751 220 1805 245 An.
1825 219 1854 245 c.
1874 218 1945 247 ¹731„

1770 279 1800 300 Ad
1811 280 1894 305 singula
1905 285 1941 299 ra-

1756 309 1799 331 pita
1816 312 1938 331 responsum

1002 319 1211 360 particularis
1226 321 1277 353 die
1292 332 1347 354 xiii
1363 322 1475 364 aprilis
1489 322 1634 364 proxime
1658 331 1897 364 prae-affermanve.

1003 370 1089 402 teriti
1118 372 1248 409 habita,
1274 373 1434 405 dictorum
1465 374 1657 407 clericorum
1695 383 1746 406 re·

1002 424 1162 464 gulariuin
1189 426 1338 465 statutis,
1367 426 1550 469 ceterisque
1585 427 1746 459 Rornano-

1003 487 1071 508 rum
1100 476 1293 509 Pontificum
1320 479 1352 510 in
1379 480 1478 512 forma
1498 479 1605 512 Brevis
1629 485 1660 511 et
1684 480 1744 512 sub

1003 529 1137 571 plumbo
1170 529 1273 562 varias
1300 530 1341 561 ol)
1359 541 1470 563 causas
1498 532 1575 564 olim
1590 532 1746 565 consectis

1002 582 1191 624 apostolicis
1216 583 1344 620 litteris,
1364 585 1637 626 quemadmodum
1656 595 1747 627 prac-

1003 646 1210 678 eeperamus,
1236 636 1416 677 diligenter
1440 636 1594 679 inspectis
1619 643 1650 670 et
1667 648 1746 680 pon-

1003 688 1138 726 deratis,
1172 688 1302 720 nemine
1336 688 1565 731 discrepante,
1591 689 1624 721 in
1662 691 1746 722 lianc

1002 742 1196 772 sententiam
1223 752 1288 773 uno
1307 752 1363 773 ore
1382 741 1524 779 devenit,
1543 752 1638 783 qnam
1652 753 1746 785 prae-

1004 794 1107 825 dictus
1125 794 1255 826 auditor
1272 798 1384 826 noster
1401 794 1670 836 archiepiscopus
1689 795 1748 828 Na-

1003 847 1177 879 zianzenus
1197 848 1247 880 die
1262 847 1446 890 insequenti
1466 847 1559 880 nobis
1574 849 1745 891 exposuit:

1048 899 1095 931 Ad
1132 899 1208 938 1⁰¹¹st
1240 899 1383 932 Clericos
1420 901 1587 942 regulares
1623 911 1750 943 paupe-

1005 963 1055 984 res
1081 952 1189 984 Matris
1216 952 1292 991 Dei,
1321 953 1374 996 qui
1403 963 1420 984 a
1447 952 1575 985 Scltoli‘s
1599 953 1666 995 piis
1697 954 1749 985 de-

1004 1005 1215 1037 nominantur
1232 1032 1239 1044 ,
1278 1006 1381 1039 teneri
1418 1006 1525 1049 prima
1562 1006 1749 1038 rudimenta

1003 1057 1184 1090 catholicae
1209 1057 1311 1097 fidei,
1336 1058 1565 1099 grammaticae
1598 1064 1630 1090 et
1662 1069 1749 1091 com-

1003 1116 1156 1153 putorum
1184 1112 1312 1153 regulas
1338 1112 1466 1144 tradere
1492 1112 1747 1145 adolescentulis

1004 1164 1042 1196 ad
1070 1164 1205 1196 formam
1231 1164 1500 1197 constitutionum
1526 1165 1655 1197 Ordinis
1680 1165 1747 1197 sni:

1004 1217 1106 1249 licere
1132 1217 1229 1249 etiam
1245 1217 1368 1250 eisdem
1386 1218 1539 1250 scientias
1557 1219 1695 1251 maiores
1717 1219 1750 1251 in

1005 1271 1070 1303 snis
1097 1271 1237 1313 publicis
1262 1271 1383 1304 scholis
1410 1272 1548 1311 tradere,
1570 1272 1749 1305 dummodo

1006 1330 1114 1356 tamen
1140 1325 1224 1366 apud
1251 1335 1306 1357 eos
1338 1326 1586 1358 constitutiones
1621 1325 1750 1358 Ordinis

1005 1377 1110 1419 quoad
1137 1377 1268 1410 scholas
1293 1377 1437 1410 minores
1463 1384 1643 1411 serventur.

1051 1431 1097 1462 Ad
1117 1430 1185 1468 9⁸¹⁰,
1209 1431 1342 1463 eosdem
1365 1431 1500 1463 clericos
1522 1432 1686 1473 regulares
1705 1437 1751 1464 te-

1007 1483 1076 1514 neri
1095 1483 1267 1515 admittere
1281 1493 1402 1525 pueros
1416 1494 1590 1525 pauperes,
1606 1489 1638 1516 et
1652 1484 1750 1516 licere

1007 1536 1053 1568 eis
1075 1536 1247 1568 admittere
1268 1546 1390 1578 pueros
1409 1536 1525 1568 divites
1551 1542 1583 1568 et
1608 1537 1748 1569 nobileS.

1052 1589 1098 1621 Ad
1116 1589 1187 1627 3⁰¹³,
1205 1599 1301 1631 posse
1320 1590 1359 1621 ad
1378 1589 1516 1621 sormam
1535 1589 1751 1632 capitulorum

1007 1642 1221 1684 generalium.

1052 1696 1098 1727 Ad
1116 1695 1188 1734 4⁸¹⁰,
1209 1705 1268 1737 pro
1286 1695 1389 1735 gratia
1414 1695 1579 1738 privilegii
1604 1696 1649 1729 eis
1676 1707 1752 1730 con-

1007 1748 1144 1781 cedendi
1172 1759 1364 1790 responsum
1391 1754 1450 1786 est,
1476 1749 1514 1781 ad
1542 1750 1677 1782 sormam
1695 1751 1753 1783 sci-

1008 1802 1082 1834 licet
1100 1801 1217 1833 indnlti
1239 1801 1341 1833 t'elicis
1359 1802 1597 1835 recordationis
1617 1805 1753 1846 praede-

1008 1855 1147 1888 cessoris
1173 1856 1273 1888 nostri
1298 1855 1474 1888 Clementis
1500 1856 1558 1888 ΡΙ).
1579 1857 1618 1888 tx
1643 1857 1753 1890 fratri-

1008 1909 1067 1941 bus
1102 1909 1298 1941 Excalceatis
1329 1909 1458 1941 Ordinis
1483 1909 1516 1941 B.
1542 1909 1659 1942 Mariae
1685 1911 1752 1943 Vir-

1009 1961 1092 2003 ginis
1118 1963 1156 1994 de
1182 1962 1288 1994 Monte
1306 1961 1457 1994 Carmelo
1479 1963 1626 1994 concessi
1645 1963 1698 1996 die
1721 1974 1752 1997 v1

1010 2014 1155 2047 octobris
1181 2024 1361 2047 unctxvni.

1053 2068 1067 2109 ἓ
1093 2067 1124 2099 4.
1159 2066 1262 2104 Quare
1296 2077 1376 2106 nos,
1405 2068 1592 2110 praedictos
1617 2069 1754 2103 elericos

1010 2121 1176 2161 regulares
1194 2120 1390 2163 specialibus
1410 2120 1572 2153 favoribus
1591 2127 1622 2153 et
1640 2122 1753 2164 gratiis

1010 2173 1165 2215 prosequi
1191 2174 1359 2213 volentes,
1395 2173 1536 2216 illosque
1574 2180 1605 2206 et
1641 2185 1753 2207 eorum

1011 2225 1190 2267 quemlibet
1208 2236 1225 2257 a
1251 2225 1420 2268 quibusvis
1446 2227 1753 2260 excommunicatio-

1011 2278 1079 2317 nis,
1106 2279 1333 2321 suspensionis
1364 2285 1395 2311 et
1425 2279 1611 2318 interdicti,
1642 2280 1754 2313 aliisve

1010 2331 1237 2364 ecclesiasticis
1255 2332 1447 2371 sententiis,
1469 2332 1615 2364 censuris
1633 2339 1665 2365 et
1678 2344 1755 2375 poe-

1010 2384 1079 2421 nis,
1102 2390 1164 2416 tam
1184 2396 1200 2416 a
1216 2385 1286 2417 inre
1306 2395 1402 2427 quam
1422 2385 1461 2417 ab
1481 2385 1627 2423 homine,
1644 2386 1754 2428 quavis

1010 2437 1184 2470 occasione
1203 2439 1252 2470 vel
1271 2440 1365 2470 cansa
1384 2439 1472 2477 latis,
1492 2438 1518 2469 si
1537 2437 1655 2480 quibus
1673 2449 1754 2481 quo-

1011 2490 1193 2522 modolibet
1217 2490 1365 2522 innodati
1404 2490 1605 2530 existerent,
1646 2496 1677 2523 ct
1713 2492 1752 2523 ad

1009 2542 1157 2576 effectum
1174 2543 1397 2585 praesentium
1414 2548 1537 2575 tantum
1555 2553 1754 2586 consequen-

1010 2597 1086 2628 dum
1103 2623 1110 2636 ,
1138 2597 1253 2628 harum
1280 2595 1367 2628 serie
1392 2596 1601 2628 absolventes
1628 2603 1660 2629 et
1700 2599 1753 2630 ab·

1797 2077 1946 2102 Quascumque

1765 2103 1811 2122 lites
1826 2108 1889 2128 super
1914 2102 1947 2122 his

1765 2131 1850 2149 exertas
1873 2129 1900 2148 ad
1924 2134 1947 2148 so

1764 2158 1848 2179 avocat,
1858 2161 1884 2176 ac
1895 2155 1947 2175 diri-

1765 2184 1810 2204 mit.
