2182 3137
104 2583 242 2606 obnanubus

22 2602 27 2668 1
63 2609 156 2638 derogat.

25 2739 27 2751 l

25 2772 27 2792 Ι

874 268 1016 293 CLEMENS
1042 269 1087 294 ΧΗ
1112 270 1162 294 ΡΡ.

254 329 329 353 num
367 318 584 363 respiciente,
612 328 760 362 quaeque
787 317 824 350 ad
850 316 997 350 ctl'eetum

253 372 426 407 validitatis
451 371 704 416 praemissorum
725 371 937 414 exprimenda
956 371 998 404 so-

254 431 323 466 ret,
348 425 474 465 notari,
502 424 706 468 impugnari,
734 423 922 463 invalidari,
950 434 998 456 re-

255 479 396 519 tractari,
417 479 448 511 in
468 478 516 511 ius
537 479 586 511 vel
602 477 860 511 controversiam
877 478 997 517 vocari,

250 533 291 566 ,ad
318 532 399 565 viam
426 537 459 565 et
484 531 641 564 terminos
675 530 753 563 iuris
788 530 916 570 reduci,
944 536 998 562 aut

254 586 407 619 adversus
432 585 503 618 illas
530 584 758 628 quodcumque
784 583 862 616 iuris
889 584 938 616 vcl
958 583 996 616 sa·

254 640 296 674 cti
322 643 376 672 aut
395 638 519 682 gratiae
541 637 720 671 remedium
747 641 801 669 aut
826 636 892 670 oris
922 647 997 680 ape-

253 694 407 726 ritionem
448 690 640 735 impetrari,
683 700 787 733 neque
824 690 896 723 illas
937 690 996 722 sub

254 745 422 791 quibusvis
449 744 601 778 similium
627 744 676 777 vel
703 742 907 776 dissimilium
925 752 996 785 gra-

254 801 371 834 tiarum
403 798 688 837 revocationibus,
713 796 993 840 suspensionibus,

253 851 514 891 imitationibus,
542 849 820 894 derogationibuS,
845 854 898 882 aut
923 849 994 882 aliis

253 905 423 941 contrariis
448 903 719 949 dispositionibus
744 902 993 947 comprehendi,

253 960 311 994 sed
336 969 465 1003 semper
490 959 528 991 ab
555 957 619 991 illis
645 957 762 1000 excipi,
789 960 841 997 et,
869 956 994 1000 quoties

253 1013 328 1047 illae
354 1012 563 1052 emanabunt,
593 1011 684 1044 toties
710 1010 741 1042 in
767 1010 937 1054 pristinum
964 1015 995 1042 et

253 1066 487 1101 validissimum
508 1070 626 1098 statum
646 1064 817 1104 restitutas,
832 1064 993 1108 repositas

254 1127 287 1155 ct
318 1120 465 1165 plenarie
503 1119 735 1162 reintegiatas,
762 1128 799 1151 ao
834 1118 873 1151 de
911 1128 993 1151 novo

254 1173 351 1208 etiam
384 1173 443 1206 sub
477 1182 683 1217 quacumque
720 1171 895 1215 posteriori
922 1171 994 1204 data

253 1239 313 1272 per
348 1226 564 1271 primodictos
601 1225 737 1259 clericos
774 1227 940 1268 regulares
977 1236 995 1259 a

253 1281 381 1316 Scliolis
407 1281 471 1314 Piis
498 1280 743 1322 denominatos»,
769 1290 856 1313 nunc
880 1285 911 1313 et
935 1290 993 1324 pro

254 1342 402 1380 tempore
429 1334 616 1374 existentes,
642 1333 917 1377 quandocumque
942 1333 995 1366 eli-

254 1390 376 1435 genda,
403 1398 588 1427 concessas,
627 1388 768 1431 illasque
806 1387 927 1421 validas
965 1393 996 1421 et

254 1445 401 1479 efficaces
427 1443 494 1477 sore
512 1449 543 1476 et
565 1453 644 1483 esse,
664 1452 805 1486 suosque
832 1442 996 1485 plenarios

254 1503 287 1532 et
311 1498 454 1540 integros
480 1495 613 1530 effectus
640 1496 671 1528 in
704 1495 856 1529 omnibus
883 1501 913 1528 et
938 1507 996 1540 per

254 1551 363 1586 omnia
394 1550 584 1595 plenissime
619 1549 803 1593 suffragari,
830 1549 940 1593 sieque
966 1555 997 1584 et

253 1616 320 1639 non
346 1605 424 1638 alias
455 1614 514 1648 per
539 1614 764 1647 quoscumque
802 1603 924 1637 iudices
949 1614 997 1638 or-

253 1659 396 1693 dinarios
421 1659 470 1692 vel
489 1658 663 1701 delegatos,
682 1657 792 1701 quavis
807 1657 996 1691 auctoritate

253 1713 451 1757 fungentes,
479 1712 575 1745 etiam
601 1721 771 1745 causarum
796 1711 905 1755 palatii
938 1723 996 1746 no-

254 1767 310 1800 stri
328 1765 501 1811 apostoliei
519 1765 693 1806 auditores,
711 1770 742 1798 et
760 1764 864 1799 dictae
882 1765 992 1799 stin.

253 1819 449 1862 cardinales,
476 1819 572 1852 etiam
600 1819 639 1852 de
664 1820 764 1852 latere
790 1820 932 1862 legatos,
953 1819 996 1852 vi-

253 1874 430 1916 celegatos,
453 1872 624 1915 dictaeque
645 1871 736 1905 Sedis
761 1872 854 1915 apudv
872 1872 993 1906 dictum

253 1938 313 1972 pro
339 1932 484 1970 tempore
503 1926 697 1960 existentem
723 1926 883 1959 illustrem
902 1927 996 1960 Polo-

253 1982 326 2015 niae
350 1991 459 2024 regem
479 1984 717 2014 commorantes
745 1980 892 2024 aliosque
914 1991 995 2014 nnu-

254 2037 342 2078 cios,
370 2042 401 2070 et
437 2036 600 2080 quoslihet
625 2035 705 2068 alios
742 2034 852 2078 quavis
885 2040 996 2069 aucto-

253 2090 366 2131 ritate,
394 2095 574 2133 potestate,
601 2088 842 2132 praerogativa,
870 2089 994 2122 honore

254 2150 286 2178 et
310 2143 480 2188 privilegio
518 2143 713 2186 fungentes,
741 2142 866 2175 sublata
891 2142 937 2176 eis
963 2148 995 2176 et

253 2208 367 2232 eorum
393 2197 526 2231 cuilibet
555 2196 666 2241 quavis
691 2196 785 2229 aliter
810 2195 991 2237 iudicandi,

254 2251 432 2286 definiendi
458 2256 490 2284 et
517 2249 755 2294 interpretandi
788 2250 938 2283 facultate
964 2255 995 2283 et

254 2305 455 2345 auctoritate,
474 2304 617 2344 iudicari,
645 2303 771 2337 deliniri
790 2309 820 2337 et
841 2303 995 2347 interpre-

254 2359 311 2393 tari
337 2359 474 2399 debere,
503 2363 549 2398 et,
576 2357 734 2401 quidquid
770 2367 862 2391 secus
898 2368 995 2401 super

254 2413 305 2447 his
319 2424 336 2447 a
351 2423 527 2457 quoquam,
547 2412 657 2456 quavis
675 2411 878 2452 auctoritate,
896 2411 996 2445 scien-

255 2472 305 2501 ter
329 2468 379 2501 vel
405 2466 607 2510 ignoranter,
635 2465 807 2508 contigerit
831 2465 994 2507 attentari,

254 2521 378 2555 irritum
404 2525 437 2553 et
461 2520 556 2553 inane
582 2519 797 2553 decernimus.

298 2574 368 2619 §8-
403 2573 474 2607 Non
513 2572 722 2607 obstantibus
756 2572 793 2606 iis
828 2573 995 2613 omnibus,

255 2639 338 2674 quae
363 2638 422 2661 nos
448 2627 480 2660 in
507 2626 629 2660 eisdem
655 2627 774 2660 nostris
801 2626 918 2660 litteris
944 2637 995 2660 vo-

254 2682 373 2716 luimus
398 2691 466 2715 non
492 2679 639 2721 obstare,
666 2690 702 2713 ac
726 2681 835 2713 nostra
862 2686 893 2714 et
917 2679 994 2714 Can-

361 2744 441 2776 null.
456 2743 542 2774 Rom.
556 2759 590 2764 -
610 2743 673 2773 Vol.
692 2742 800 2775 XXIII.
946 2742 980 2770 65

1042 318 1192 351 cellariae
1216 319 1401 362 praedictae
1420 319 1532 362 regula
1547 319 1585 354 de
1603 319 1671 353 iure
1689 329 1783 363 quae-

1041 371 1102 404 sito
1128 382 1193 404 non
1219 372 1382 412 tollendo,
1419 383 1457 406 ae
1492 372 1782 406 constitutionibus

1043 429 1075 456 et
1099 424 1361 458 ordinationibus
1387 425 1586 469 apostolicis,
1610 425 1783 459 dictorum-

1042 487 1105 519 que
1142 477 1335 511 elericorum
1374 479 1575 522 regularium
1612 480 1781 514 Societatis

1042 530 1130 570 Iesu,
1167 541 1203 563 ae
1243 531 1463 565 universitatis
1504 543 1559 566 sen
1596 533 1781 567 academiae

1041 583 1243 626 praedictae,
1271 585 1368 617 etiam
1396 586 1588 626 iuramento,
1613 587 1784 620 confirma-

1043 636 1130 670 tione
1148 639 1342 680 apostolica,
1357 639 1405 671 vel
1425 639 1535 682 quavis
1554 639 1703 673 firmitate
1722 641 1783 674 alia

1041 690 1226 730 roboratis,
1253 691 1380 724 statutis
1406 697 1436 725 et
1469 693 1780 734 consuetudinibus,

1040 743 1217 786 privilegiis
1255 755 1406 788 quoque,
1433 745 1566 779 indultis
1600 751 1631 779 et
1665 747 1782 780 litteris

1040 796 1226 839 apostolicis
1252 798 1306 840 (de
1339 798 1455 841 quibus
1481 799 1632 832 omnibus
1658 800 1782 833 etiamsi

1040 849 1207 893 specialis,
1234 850 1404 894 specifica,
1432 862 1585 895 expressa
1610 863 1646 885 ac
1671 853 1783 886 indivi-

1040 903 1102 936 dua
1127 903 1249 937 mentio
1276 904 1429 937 habenda
1450 904 1580 948 esset¹)
1604 905 1697 939 dictis
1719 907 1785 940 cle-

1041 956 1114 989 ricis
1156 957 1362 1000 regularibus
1406 957 1576 991 Societatis
1615 959 1684 992 Iesu
1701 987 1708 1001 ‚
1748 971 1785 993 ac

1039 1009 1240 1044 universitati
1267 1021 1325 1044 seu
1352 1011 1535 1045 academiae
1572 1012 1783 1055 huiusmodi,

1038 1063 1190 1108 illiusque
1217 1064 1400 1098 rectoribus
1425 1076 1482 1099 seu
1501 1067 1784 1101 conservatoribus

1038 1129 1074 1152 ac
1097 1118 1413 1152 administratoribus
1439 1119 1626 1163 praedictis,
1648 1121 1784 1166 aliisque

1037 1171 1263 1215 superioribus
1290 1177 1322 1205 et
1346 1173 1493 1216 personis
1512 1174 1782 1220 quibuscumque,

1038 1225 1117 1258 alias
1144 1225 1175 1257 in
1200 1225 1399 1258 contrarium
1424 1227 1683 1270 praemissorum
1706 1240 1784 1272 quo·
1828 1250 1838 1260 .

1038 1279 1221 1313 modolibet
1247 1279 1424 1321 concessis,
1452 1280 1650 1315 confirmatis
1676 1288 1707 1315 et
1733 1293 1785 1327 ap-

1039 1333 1207 1377 probatis;
1237 1333 1355 1377 quibus
1380 1334 1532 1368 omnibus
1565 1342 1596 1369 et
1622 1336 1760 1380 singulis
1776 1364 1784 1378 ,

1039 1387 1183 1431 quamvis
1201 1397 1260 1431 pro
1277 1398 1389 1422 eorum
1407 1389 1579 1423 sufficienti
1598 1390 1784 1436 derogatio-

1039 1452 1078 1474 ne
1097 1441 1136 1474 de
1156 1441 1219 1475 illis
1238 1452 1415 1486 eorumque
1434 1443 1509 1476 totis
1529 1443 1696 1478 tenoribus
1713 1455 1785 1489 spe-

1039 1494 1139 1535 cialis,
1165 1494 1325 1538 specifica,
1345 1506 1508 1539 expressa,
1533 1497 1720 1539 individua,
1747 1510 1784 1533 ac

1039 1548 1078 1582 de
1103 1548 1203 1583 verbo
1236 1549 1275 1582 ad
1306 1550 1441 1583 verbum
1461 1578 1468 1591 ,
1495 1561 1561 1584 non
1593 1558 1698 1586 autem
1724 1564 1785 1597 per

1038 1603 1200 1636 clausulas
1236 1604 1410 1646 generales
1435 1604 1521 1637 idem
1548 1605 1760 1649 importantes
1776 1635 1783 1647 ,

1039 1656 1162 1690 mentio
1188 1662 1243 1690 aut
1268 1658 1401 1700 quaevis
1427 1659 1597 1702 expressio
1624 1659 1783 1701 facienda,

1038 1710 1104 1743 sive
1129 1710 1239 1754 aliqua
1263 1710 1325 1743 alia
1350 1710 1512 1754 exquisita
1538 1712 1641 1745 forma
1662 1713 1700 1746 ad
1721 1714 1784 1747 hoc

1038 1765 1195 1798 servanda
1221 1770 1313 1806 esset,
1339 1764 1468 1798 illorum
1496 1771 1629 1800 tenores
1655 1767 1704 1800 his
1726 1777 1783 1801 no-

1038 1818 1112 1851 stris
1137 1829 1197 1862 pro
1216 1819 1313 1862 plene
1339 1824 1371 1851 et
1396 1818 1596 1853 sufficienter
1622 1821 1781 1863 espressis

1038 1883 1075 1905 ae
1115 1872 1154 1905 de
1180 1872 1280 1905 verbo
1313 1872 1353 1905 ad
1390 1873 1524 1905 verbum
1562 1873 1693 1907 insertis
1726 1875 1784 1908 ha-

1038 1926 1176 1967 bentes,
1210 1925 1275 1959 illis
1301 1926 1380 1959 alias
1414 1926 1447 1958 in
1473 1937 1533 1960 suo
1559 1926 1678 1960 robore
1711 1938 1784 1971 per-

1038 1980 1209 2020 mansuris,
1232 1979 1417 2023 specialiter
1443 1985 1475 2013 et
1501 1991 1654 2024 expresse
1682 1987 1781 2022 motu,

1038 2034 1181 2073 scientia,
1198 2034 1436 2068 deliberatione
1451 2039 1481 2067 et
1495 2035 1667 2078 potestatis
1682 2035 1783 2079 pleni-

1039 2088 1161 2128 tudine,
1177 2088 1215 2121 ad
1242 2087 1496 2131 praemissorum
1516 2087 1665 2121 effectum
1691 2089 1782 2122 dum-

1040 2146 1135 2181 taxat,
1154 2141 1343 2185 plenissime
1369 2141 1562 2184 derogamus
1589 2147 1620 2174 et
1645 2142 1783 2185 deroga-

1039 2201 1104 2228 tum
1131 2205 1201 2229 esse
1220 2196 1386 2235 volumus;
1408 2195 1589 2240 ceterisque
1607 2196 1781 2229 contrariis

1038 2249 1313 2294 quibuscumque.

1081 2303 1096 2347 §
1120 2302 1152 2336 9.
1175 2303 1330 2335 Volumus
1349 2306 1457 2336 autem
1479 2309 1513 2335 ut
1530 2302 1670 2346 ipsarum
1688 2313 1783 2347 prae·
1793 2310 1978 2365 sumziss‘iiim'm‘

1037 2357 1176 2390 sentium
1202 2357 1383 2390 litterarum
1411 2357 1632 2400 transumptis,
1658 2367 1715 2390 seu
1734 2368 1783 2390 ex-

1039 2411 1164 2454 emplis,
1191 2410 1287 2444 etiam
1314 2409 1492 2453 impressis,
1520 2421 1616 2443 manu
1643 2411 1781 2445 alicuius

1038 2464 1154 2498 notarii
1173 2463 1296 2508 publici
1315 2463 1519 2507 subscriptis,
1535 2469 1566 2497 et
1584 2463 1693 2507 sigillo
1711 2475 1784 2508 per-

1038 2528 1136 2551 sonae
1165 2517 1198 2550 in
1228 2515 1447 2551 ecelesiastica
1483 2516 1640 2559 dignitate
1665 2517 1784 2551 consti-

1039 2576 1137 2613 tutae,
1166 2572 1216 2604 vel
1243 2571 1405 2604 dictorum
1432 2570 1628 2604 clericorum
1656 2571 1783 2615 regula-

1073 2643 1086 2669 1
1112 2642 1186 2674 Quae
1214 2642 1371 2678 parenthesi
1396 2641 1562 2677 clausimus,
1588 2646 1697 2678 praeter
1724 2650 1782 2670 rem

1038 2690 1101 2715 sunt
1117 2687 1157 2722 (a.
1179 2688 1229 2723 τ.>.

1676 260 1740 296 513
1786 268 1835 300 An.
1858 268 1888 298 c.
1910 269 1977 298 1733
