2182 3137
208 261 255 288 An.
273 261 301 288 c.
325 261 390 289 1732
436 253 500 288 468

232 587 288 607 llaec·
305 589 389 613 provin·

206 620 280 661 si'sssff'i'l
292 615 388 662 3¹:12&ss
400 630 484 664 lilius
510 632 645 666 Michael
664 643 680 666 a
696 633 765 666 lesu
784 634 880 667 Maria
901 635 1048 668 minister
1065 647 1140 679 pro-

207 673 259 688 3183«

242 1433 330 1454 Decreta
358 1434 383 1453 de

201 1460 277 1486 quibus
303 1466 322 1481 iu
352 1467 374 1481 ru

201 1487 268 1507 tii-ica.

442 312 481 344 de
505 311 717 346 observantia
741 312 1016 347 Discalcealorum
1049 314 1143 358 reyne'

443 365 684 408 Porluqalle'cze.

610 456 747 483 Clemens
768 456 849 490 Papa
868 457 934 488 XII,

537 502 573 527 ad
595 501 732 528 futuram
753 502 798 529 rei
820 503 1008 530 memoriam.

443 578 647 622 §11.Exp0ni
667 580 762 613 nobis
781 591 887 625 nuper
913 582 986 615 fecit
1004 582 1139 615 dilectus

399 683 544 717 vincialis
569 686 758 728 provinciae
777 686 1009 731 Conceptionis
1023 689 1058 721 B.
1075 689 1140 722 Ma-

399 736 466 770 riae
492 737 633 781 Virginis
658 739 887 774 Immaculatae
912 741 1041 775 Ordinis
1078 743 1138 775 sra-

400 796 483 823 trum
493 790 651 824 Minorum
661 792 693 825 S.
709 793 869 827 Francisci
880 794 919 827 de
932 794 1139 829 observantia

398 842 671 878 Discalccatorum
689 852 946 890 nuncupatorum
962 848 1052 891 regni
1066 849 1138 882 Por-

399 897 566 939 tugalliae,
593 899 680 942 quod
706 900 785 932 alias
812 911 870 943 pro
891 903 1137 935 conservatione

397 950 486 992 pacis
521 950 729 995 iustitiaeque
755 953 979 986 distributivae
1001 981 1008 995 ‚
1035 960 1067 987 et
1097 956 1136 988 ad

397 1003 571 1035 arcendum
589 1004 756 1044 ambitum,
774 1006 885 1038 eadem
905 1007 1073 1049 provincia
1091 1008 1137 1040 di-

397 1056 464 1088 visa
489 1062 536 1088 est
555 1056 588 1089 in
603 1057 666 1090 duo
686 1057 859 1098 territoria,
882 1060 1019 1092 alterum
1037 1060 1137 1093 Beira

396 1114 427 1141 ct
440 1108 572 1142 alterum
588 1109 732 1142 Minium
745 1112 925 1154 respective
941 1119 1136 1156 nuncupata,

396 1172 412 1193 e
428 1162 544 1204 quibus
562 1173 621 1206 par
637 1174 790 1197 numerus
810 1164 1028 1207 definitorum,
1042 1177 1137 1209 guar—

396 1215 569 1249 dianorum
594 1217 800 1261 aliorumque
825 1219 1011 1253 officialium
1037 1220 1067 1253 in
1086 1232 1137 1253 ca-

394 1268 505 1311 pitulis
530 1276 562 1302 et
589 1271 899 1313 congregationibus
925 1273 1027 1306 dictae
1060 1285 1135 1317 pro-

395 1321 517 1355 vinciae
553 1324 838 1366 constitueretur-3
873 1326 1020 1359 minister
1059 1339 1135 1361 vero

394 1375 603 1418 provincialis
628 1382 661 1409 et
685 1383 793 1411 custos
819 1380 1005 1413 alternatim
1035 1381 1136 1424 elige-

395 1434 529 1462 rentur:
556 1435 587 1462 et
613 1431 698 1464 inter
715 1432 776 1464 alia
801 1432 983 1474 decretum,
1013 1435 1136 1468 stabili-

397 1486 529 1525 tumque
556 1482 628 1523 suit,
655 1484 761 1527 quod,
789 1485 814 1517 si
841 1486 945 1519 minus
971 1497 1029 1530 pro
1057 1493 1136 1520 tern-

395 1545 475 1577 pore
491 1535 659 1568 existentis
678 1536 816 1569 ministri
836 1539 1044 1581 provincialis
1063 1551 1136 1584 pro-

395 1587 518 1621 vinciae
544 1590 707 1631 praefatae
733 1590 818 1623 intra
845 1591 1021 1625 triennium
1038 1620 1045 1633 ,
1071 1605 1134 1636 quo

394 1639 475 1673 illud
508 1641 625 1674 durare
661 1643 850 1683 consuevit,
884 1655 942 1687 per
966 1646 1134 1679 decessum

394 1705 451 1727 scu
476 1695 572 1727 aliter
595 1706 709 1728 vacare
736 1697 969 1740 contingeret,
1007 1700 1136 1742 dignior

393 1753 485 1790 pater
515 1748 614 1781 totius
647 1749 836 1792 provinciae
873 1751 959 1785 illius
993 1753 1134 1796 sigillum

393 1807 594 1842 assumeret,
622 1809 653 1835 et
677 1803 855 1846 capitulum
881 1816 939 1847 pro
972 1807 1134 1840 electione

392 1855 501 1888 vicarii
526 1856 735 1899 provincialis
772 1864 990 1891 convocaret:
1025 1860 1102 1893 item
1125 1888 1131 1900 ‚

393 1909 479 1951 quod
505 1909 530 1941 si
555 1908 589 1941 in
614 1920 679 1942 uno
705 1921 740 1943 ex
768 1911 862 1943 dictis
889 1912 1013 1945 duobus
1044 1914 1135 1946 terri-

392 1962 482 1995 toriis
505 1962 604 2006 aliqui
630 1964 669 1996 de
701 1974 785 1997 novo
822 1965 1026 2008 erigerentur
1057 1977 1135 2000 con-

392 2021 508 2049 ventus
532 2026 587 2049 seu
613 2017 778 2060 hospitia,
806 2029 918 2051 eorum
945 2020 1134 2063 superiores

392 2068 425 2102 in
449 2070 590 2113 capitulo
615 2071 762 2104 eiusdem
791 2073 978 2115 provinciae
1015 2074 1135 2108 suffra-

391 2122 459 2165 gari
484 2124 686 2167 nequirent,
712 2125 814 2158 donec
839 2126 871 2158 in
906 2128 1007 2161 altero
1042 2129 1133 2161 terri-

392 2176 474 2210 torio
515 2177 650 2211 totidem
686 2185 862 2213 conventus
895 2191 951 2214 seu
989 2182 1133 2226 hospitia

390 2229 514 2272 pariter
538 2230 769 2273 erigerentur3
796 2232 895 2277 idque
926 2234 966 2267 ad
1003 2245 1134 2268 servan-

391 2283 463 2316 dam
480 2283 708 2327 aequalitatem
727 2291 872 2319 votorum
888 2286 953 2319 sive
965 2287 1132 2330 sum-agio-

391 2346 463 2368 rum
487 2336 518 2369 in
545 2342 684 2380 utroque
710 2339 895 2373 territorio:
922 2351 1003 2384 quae
1023 2342 1132 2375 omnia

390 2389 528 2423 subinde
554 2400 613 2432 per
638 2391 793 2434 quasdam
814 2392 916 2425 felicis
934 2394 1132 2428 recordatio-

390 2441 439 2474 nis
474 2442 650 2476 Clementis
690 2444 748 2477 PP.
787 2445 826 2478 xl
864 2447 1130 2489 praedecessoris

389 2495 492 2528 nostri
518 2496 658 2540 desuper
685 2496 717 2529 in
753 2497 849 2531 simili
882 2498 985 2532 forma
1021 2500 1131 2534 Brevis

391 2549 442 2583 die
466 2559 524 2584 xxv
549 2550 701 2584 februarii
726 2561 866 2586 unccxix
893 2553 1058 2596 expeditas
1080 2554 1131 2587 lit-

391 2606 501 2644 teras,
544 2614 679 2647 quarum
718 2609 865 2639 tenorem
901 2607 1129 2649 praesentibus

388 2665 449 2698 pro
474 2656 570 2698 plene
598 2662 628 2691 ct
642 2657 841 2694 sufficienter
859 2669 1014 2703 expresso
1033 2665 1065 2694 et
1083 2660 1131 2697 in-

1000 263 1179 288 BULLARIUM
1202 263 1356 290 Remum!

1185 319 1271 347 serto
1297 314 1411 347 haberi
1429 314 1591 356 voluinuS,
1611 314 1789 359 approbata
1808 320 1839 349 et
1852 325 1924 349 con·

1186 366 1311 400 firmata
1338 368 1481 401 suerunt.

1229 420 1243 463 ἓ
1269 420 1300 453 ⁶2.
1327 420 1402 454 Cum
1428 426 1560 462 ΠῑΙῐΘῘΥΙ,
1586 422 1670 455 Sicut
1696 422 1808 456 eadem
1831 432 1926 466 expo·
1961 435 2105 457 Moiterantur.

1184 472 1255 506 sitio
1282 474 1522 516 subiungebat,
1554 475 1755 518 experientia
1779 481 1924 519 postmo-

1184 526 1258 559 dum
1285 527 1474 568 edocuerit,
1499 528 1585 561 bono
1612 528 1761 572 regimini
1787 534 1818 562 et
1838 535 1924 562 tran-

1184 579 1335 622 quillitati
1363 580 1463 622 ipsius
1490 581 1673 623 provinciae
1700 581 1864 626 expedire,
1889 587 1925 614 ut

1184 638 1333 665 enarrata
1359 633 1421 666 duo
1449 633 1581 666 decreta
1606 634 1861 668 reformarentur
1889 638 1924 668 ac

1184 686 1432 719 immutarentur
1453 713 1461 727 ,
1488 692 1586 730 atque
1612 687 1644 719 in
1670 688 1812 731 capitulo
1848 690 1924 731 pro-

1183 739 1310 772 vinciali
1336 740 1440 773 dictae
1454 740 1641 783 provinciae
1659 751 1744 774 anno
1763 742 1923 778 iinccxxvi

1183 793 1347 826 celebrato
1373 793 1534 826 unanimis
1561 794 1722 837 prodierit
1746 794 1923 835 resolutio,

1182 851 1341 888 quatenus
1356 846 1503 879 minister
1516 847 1725 889 provincialis
1740 847 1825 891 apud
1840 847 1924 881 hanc

1181 898 1329 931 Sanctam
1354 899 1470 932 Scdem
1492 910 1551 943 pro
1566 902 1711 943 congrua
1726 911 1837 934 eorum
1855 911 1924 934 mo-

1181 951 1349 985 deratione
1389 953 1566 985 obtinenda
1606 953 1742 986 instaret
1769 964 1776 986 :
1822 963 1924 997 quare

1181 1005 1362 1046 praedictus
1387 1005 1524 1039 Micliael
1545 1006 1640 1039 nobis
1659 1007 1829 1040 humiliter
1852 1017 1924 1050 sup-

1179 1057 1291 1100 plicari
1318 1058 1392 1091 fecit
1418 1063 1452 1090 ut
1476 1058 1508 1091 in
1526 1060 1711 1102 praemissis
1736 1064 1922 1103 opportune

1180 1112 1354 1155 providere
1381 1117 1412 1145 et
1435 1118 1468 1144 ut
1493 1112 1577 1146 infra
1602 1112 1771 1156 indulgere
1797 1113 1836 1146 de
1868 1113 1925 1146 be-

1180 1164 1339 1207 nignitate
1378 1165 1557 1209 apostolica
1600 1166 1822 1209 dignaremur.
1862 1165 1924 1200 Nos

1180 1218 1291 1260 igitur,
1311 1218 1418 1261 ipsum
1443 1219 1631 1252 Micba'eIem
1657 1219 1853 1263 specialibus
1878 1220 1924 1253 sa-

1181 1271 1308 1304 voribus
1333 1278 1365 1304 et
1392 1272 1504 1315 gratiis
1530 1272 1686 1316 prosequi
1713 1274 1874 1313 volentes,
1893 1278 1925 1306 et

1180 1336 1197 1358 a
1222 1325 1390 1368 quibusvis
1408 1326 1771 1367 excommunicationis,
1789 1337 1924 1370 suspen-

1180 1379 1278 1412 sionis
1304 1384 1335 1412 et
1361 1379 1522 1412 interdicti
1543 1407 1549 1420 ,
1575 1380 1717 1423 aliisque
1754 1381 1924 1414 ecclesias-

1181 1432 1250 1464 ticis
1275 1432 1446 1464 sententiis
1467 1459 1474 1472 ,
1504 1433 1650 1465 censuris
1677 1438 1710 1466 et
1745 1434 1880 1476 poenis,
1905 1445 1924 1467 a

1180 1484 1247 1518 iure
1274 1487 1322 1518 vel
1349 1485 1387 1517 ab
1413 1485 1565 1525 bomine,
1600 1486 1710 1529 quavis
1748 1487 1923 1520 occasione

1179 1540 1227 1571 vel
1253 1541 1351 1571 causa
1376 1539 1465 1578 latis,
1490 1539 1515 1571 si
1534 1539 1652 1582 quibus
1670 1540 1923 1583 quomodolibet

1180 1591 1354 1624 innodatus
1380 1591 1503 1631 existit,
1531 1592 1569 1624 ad
1595 1591 1743 1625 effectum
1769 1603 1923 1637 praesen-

1181 1644 1258 1677 tium
1299 1645 1463 1677 dumtaxat
1487 1646 1753 1688 consequendum
1773 1673 1780 1686 ,
1806 1646 1922 1679 harum

1179 1698 1264 1731 serie
1283 1699 1486 1731 absolventes
1506 1705 1537 1731 et
1555 1699 1743 1731 absolutum
1764 1699 1831 1732 sore
1850 1709 1923 1732 cen-

1179 1757 1309 1790 sentes,
1348 1751 1643 1794 supplicationibus
1680 1752 1749 1785 eius
1788 1752 1922 1786 nomine

1179 1805 1274 1838 uobis
1313 1815 1411 1848 super
1451 1805 1514 1838 hoc
1553 1805 1722 1838 humiliter
1762 1806 1921 1848 porrectis

1179 1859 1347 1898 inclinati,
1375 1859 1414 1891 de
1439 1859 1675 1892 venerabilium
1702 1859 1836 1892 fratrum
1862 1870 1922 1893 no-

1178 1917 1319 1945 strorum
1344 1911 1377 1944 S.
1397 1911 1433 1944 R.
1456 1911 1491 1944 E.
1512 1912 1746 1953 cardinalium,
1773 1913 1920 1955 negociis

1179 1970 1210 1998 et
1234 1964 1525 1998 consultationibus
1552 1964 1782 2009 episcoporum
1809 1970 1841 1999 et
1869 1976 1920 2000 re-

1178 2019 1339 2062 gularium
1365 2019 1646 2062 praepositorum,
1675 2019 1729 2062 qui
1755 2031 1823 2053 rem
1853 2030 1921 2054 ma-

1178 2078 1247 2105 ture
1273 2073 1516 2113 discusserunt,
1543 2073 1697 2113 consilio,
1724 2074 1919 2108 auctoritate

1177 2126 1370 2169 apostolica,
1398 2131 1510 2159 tenore
1547 2127 1784 2169 praesentium,
1810 2127 1921 2160 statui-

1177 2189 1259 2219 mus,
1275 2184 1309 2211 ut
1324 2178 1491 2222 deinceps,
1507 2184 1698 2213 occurrente
1713 2179 1809 2213 officii
1827 2179 1921 2213 mini-

1176 2232 1232 2264 stri
1254 2232 1463 2275 provincialis
1491 2232 1693 2275 supradictae
1719 2233 1917 2276 provinciae,

1177 2285 1258 2318 infra
1296 2290 1423 2329 tempus
1461 2296 1525 2329 quo
1559 2286 1675 2319 durare
1713 2286 1821 2327 solet,
1861 2297 1921 2330 per

1176 2339 1346 2372 decessum
1372 2349 1430 2372 seu
1456 2339 1535 2371 alias
1559 2339 1742 2380 vacatione,
1773 2339 1918 2382 sigillum

1176 2393 1325 2426 eiusdem
1349 2392 1538 2436 provinciae
1557 2399 1711 2434 assumat,
1730 2393 1918 2437 capitulum-

1175 2457 1238 2490 que
1277 2457 1335 2489 pro
1371 2446 1531 2479 electione
1567 2446 1678 2479 vicarii
1709 2446 1918 2490 provincialis

1174 2504 1330 2532 convocet
1354 2498 1484 2542 dignior
1509 2504 1601 2542 pater
1626 2499 1816 2543 provinciae
1850 2499 1919 2535 eius

1175 2553 1328 2586 territorii
1349 2580 1355 2593 ,
1381 2553 1471 2586 cuius
1497 2559 1566 2587 erat
1602 2554 1751 2587 minister
1786 2554 1919 2598 provin-

1174 2605 1286 2648 cialis;
1307 2606 1480 2641 deficiente
1507 2618 1584 2641 vero
1609 2613 1701 2651 patre
1726 2607 1916 2652 provinciae

1174 2660 1386 2702 huiusmodi,
1414 2660 1566 2696 definitor
1598 2671 1656 2695 seu
1689 2667 1811 2696 eustos
1835 2660 1923 2696 anti--

1926 256 1978 294 λη.
1996 268 2024 295 C.
2048 265 2116 297 ¹732
