2182 3137
46 204 95 231 An.
111 203 141 230 C.
161 202 231 230 1730

89 265 228 286 lustramenta
279 251 454 280 Academiae
482 249 624 289 impensis
654 249 850 279 instrumenta
872 249 983 278 mathe-

47 291 357 340 ζξῗῖἑῆἶῗωῖυῗῐηεῑίω,
381 308 455 338 quae
477 298 643 328 necessaria
677 297 740 326 visa
774 298 894 335 fuerint,
918 297 982 326 loco

45 345 122 393 ἓξὲξ
143 349 226 370 ⁰⁰¹¹²P³·
238 348 273 377 ad
306 348 335 377 id
368 351 555 387 comparato,
580 347 676 385 palam
709 346 925 382 exhibeantur,
950 350 982 375 ut

238 397 331 427 oeulis
353 396 483 426 subiecta
507 395 642 425 fidelibus
674 404 749 433 quae
778 394 900 424 auribus
932 404 983 424 ex-

237 445 370 485 ceperint
402 444 542 480 studiosi,
576 443 638 482 ipso
672 444 758 473 etiam
792 448 981 482 praeceptore

237 495 371 531 docente,
388 494 497 524 certius
520 497 547 523 et
570 493 754 532 exploratius
771 497 979 531 assequantur.

276 543 305 573 Si
335 543 454 580 milites,
485 542 610 581 equites,
640 543 786 579 doctores,
810 542 982 580 similesque

236 591 304 629 viri,
321 592 371 630 qui
387 591 453 621 aliis
469 591 659 621 facultatibus
676 600 795 630 operam
818 600 875 620 non
899 591 979 627 dent,

237 641 401 670 matheseos
424 640 610 679 disciplinam
634 640 726 669 velint
748 639 917 676 addiscere,
941 643 982 668 te-

237 693 341 718 neatur
364 689 511 728 professor
534 689 570 718 iis
592 688 763 718 erudiendis
790 688 892 717 horam
915 691 981 717 ante

238 738 391 767 meridiem
426 737 556 777 quotidie
589 737 781 776 impendere3
813 737 981 766 huiusmodi

237 796 306 816 vero
329 787 466 826 discipuli
489 786 691 816 sanctionibus
707 786 783 815 circa
801 790 896 815 vestes
918 795 982 815 aca-

237 836 364 865 demicas
387 835 556 865 constitutis
580 845 636 865 non
661 835 839 873 obligentur.

78 897 136 918 nanc
151 897 225 917 cattie-

40 923 265 976 ξΐοῗιωροξξῑῑιὶυξῖςῖἰη
289 933 392 963 eadem
417 942 470 972 per
491 933 644 963 biennium
668 933 784 962 auditor
802 943 860 962 non
880 933 979 969 suerit,

40 978 78 1004 ⁴¹¹¹*
107 977 164 1002 [πως
188 983 332 1022 perneque
354 983 388 1012 ad
412 992 537 1012 examen
561 983 685 1020 admitti,
710 982 766 1012 nisi
789 982 860 1011 adeo
884 982 980 1011 excel<
1002 999 1004 1006 ¹

44 1003 151 1025 biennium
164 1004 225 1024 audi-

43 1032 75 1050 ior
100 1030 120 1050 in
148 1030 286 1068 acatia-131,
311 1036 342 1061 ut
364 1041 397 1061 ex
421 1031 513 1060 tribus
545 1031 618 1061 duae
653 1036 751 1070 partes
783 1031 900 1060 concilii
923 1031 982 1060 suf-

43 1062 84 1077 mia
102 1057 170 1095 tit-ent.
237 1081 399 1119 fragentur.
424 1080 505 1115 Quod
529 1080 552 1109 si
576 1090 662 1110 nemo
684 1080 860 1119 oppositioni
883 1081 982 1110 cathe-

237 1130 307 1159 drae
331 1129 559 1168 subscripserit,
584 1129 683 1167 elapso
706 1138 806 1158 mense
837 1129 981 1158 cancella-

238 1179 300 1208 rius
331 1178 502 1216 magistrum
534 1177 672 1207 idoneum
705 1178 766 1207 sive
799 1178 980 1207 saecularem

237 1228 298 1257 sive
332 1227 497 1265 regularem
531 1227 675 1266 exquiret,
700 1232 727 1257 et
751 1227 830 1264 regio
859 1227 982 1256 consilio

237 1281 390 1316 proponet.

276 1325 331 1361 Qui
356 1335 405 1364 per
429 1325 580 1354 biennium
608 1326 831 1355 mathematicas
854 1331 930 1355 artes
952 1327 980 1356 in

237 1375 291 1405 hac
314 1375 498 1405 Ceri-:iriensi
521 1375 668 1404 academia
689 1376 788 1404 sedulo
804 1376 980 1412 excoluerit,

237 1428 265 1453 et
287 1424 357 1453 velit
382 1424 502 1453 militiae
527 1433 631 1453 nomen
655 1424 735 1459 dare,
754 1424 879 1462 impensi
903 1424 983 1453 labo-

236 1472 277 1502 ris
300 1476 328 1501 et
351 1472 512 1502 habilitatis
535 1473 736 1502 testimouium
769 1472 804 1501 ab
831 1473 981 1502 academia

236 1525 387 1560 receptum
412 1521 500 1559 regiis
523 1521 690 1550 secretariis
713 1520 870 1554 exhibeat:
904 1521 980 1560 quod

236 1568 292 1598 sibi
315 1569 451 1608 prodesse
468 1569 574 1608 poterit
589 1569 623 1598 ad
643 1569 761 1608 aliquod
781 1569 902 1598 militiae
919 1579 982 1598 mu-

235 1626 291 1647 nus
313 1617 517 1647 obtinendum.

276 1693 336 1723 TIT.
359 1693 433 1723 VIII.
457 1710 496 1715 -—-
518 1692 558 1722 Dc
580 1695 684 1722 artium
707 1698 730 1721 c!
750 1693 941 1732 philosophiae

437 1742 551 1771 moralis
570 1742 784 1781 professoribus.

74 1825 118 1854 ‚Aa
132 1825 226 1855 phitqso-
277 1814 331 1850 Qui
359 1823 390 1843 se
416 1814 451 1843 ad
478 1813 681 1853 philosophiae
702 1813 831 1843 studium
847 1814 980 1843 conferre

43 1851 226 1899 Ξῖἑᾶζᾱὲἶῖῗὲὲἆῗ
238 1864 373 1904 cupient,
399 1873 457 1892 non
475 1863 556 1901 prius
579 1862 644 1892 albo
667 1872 717 1892 seu
741 1863 912 1892 matriculae
936 1863 981 1892 in-

42 1903 121 1957 ξὲξξῇθ
143 1905 227 1931 ¹i⁰¹4⁰³⁰
238 1912 420 1949 scribantur,
441 1921 527 1950 quain
545 1912 661 1941 eosdem
680 1912 770 1950 probe
788 1912 908 1941 latinam
926 1912 981 1941 lin-

239 1971 324 2000 guam
342 1965 441 1990 tenere
460 1960 593 1998 legitimo
610 1960 785 1990 documento
802 1961 978 1991 constiterit.

280 2009 416 2039 Probatio
439 2008 605 2038 huiusmodi
629 2018 642 2037 a
666 2009 790 2047 singulis
812 2010 982 2047 granmiati-

238 2070 289 2089 cae
313 2057 524 2098 professoribus
546 2058 741 2094 examinetur,
759 2059 808 2097 qui
825 2059 982 2097 quotannis
1002 2069 1004 2077 ·

237 2108 333 2138 iurato
350 2107 509 2146 spondeant
534 2116 596 2136 sese
621 2116 727 2136 nmnus
750 2107 915 2137 iniunctum
938 2108 982 2137 iu-

238 2162 282 2187 ste
305 2162 332 2186 et
354 2156 479 2185 fideliter
502 2155 657 2191 obituros,
689 2156 717 2185 iu
749 2157 878 2187 codicem
908 2157 981 2186 refe-

238 2210 305 2235 rant
328 2205 515 2244 probatorum
550 2205 686 2240 nomina,
711 2210 739 2234 et
774 2214 823 2244 pre
858 2206 981 2244 singulis

240 2265 276 2284 ex
300 2255 412 2284 aerario
434 2254 600 2284 academiae
622 2255 679 2284 duo
702 2255 811 2292 regalia
842 2260 980 2292 argentea

239 2303 432 2333 examinatori
465 2303 692 2341 persolvantur,
717 2314 770 2333 nec
800 2304 916 2343 aliquod
946 2297 1004 2335 ab³

240 2352 413 2382 examinatis
436 2362 468 2381 eo
493 2353 610 2381 nomine
633 2353 803 2392 recipiatur.

279 2401 309 2430 Si
333 2410 400 2429 vero
423 2401 588 2439 contigerit,
606 2402 767 2431 scholarem
788 2403 914 2442 aliquem
937 2414 981 2433 ae-

240 2459 292 2488 gre
315 2449 461 2489 repulsam
485 2450 571 2487 ferre,
596 2460 696 2480 rursus
714 2452 820 2490 poterit
839 2452 982 2481 examinis

241 2500 327 2528 causa
351 2499 510 2528 rhetorices
534 2500 727 2537 professorem
750 2501 842 2537 adire,
866 2502 915 2540 qui
939 2501 982 2530 iu-

242 2552 324 2577 ratus
346 2548 466 2587 pariter,
487 2548 563 2586 quod
587 2558 711 2587 aequum
735 2549 903 2588 iustumque
926 2550 981 2580 sihi

243 2596 337 2626 visum
360 2597 457 2633 fuerit,
483 2597 535 2626 hac
557 2596 593 2627 de
616 2607 647 2627 re
670 2598 886 2636 pronunciabit.

864 202 1006 225 CLEMENS
1031 202 1074 225 ΧΠ
1100 203 1150 226 PP-

276 884 357 913 Hanc
379 884 547 913 cathedram
570 894 627 914 non
652 884 745 914 valeat
767 884 912 920 obtinere,
930 884 980 922 qui
1003 898 1004 908 κ

1667 193 1732 226 165
1778 203 1970 231 Amat-130

1068 250 1130 280 Non
1154 251 1250 287 liceat,
1271 252 1329 281 nisi
1351 256 1414 291 post
1435 252 1512 281 diem
1535 251 1768 291 decimamquin-
1809 265 1854 288 Quo
1872 268 1966 292 tempora

1027 302 1084 327 tam
1108 299 1217 328 mensis
1233 300 1361 337 augusti,
1379 305 1406 329 et
1421 299 1540 330 obtenta
1556 310 1570 329 a
1594 301 1770 331 cancellario
1782 292 1885 339 ξξῗζὲὃθ
1909 299 1969 313 sum-

1026 346 1108 375 venia
1125 371 1132 384 ,
1167 348 1327 377 summulas
1350 349 1438 378 etiam
1476 350 1611 388 privatim
1650 350 1768 390 legere,

1026 404 1151 433 quarum
1169 395 1307 425 lectorem
1324 397 1506 427 scholaribus
1529 399 1698 429 conceditur
1714 400 1771 430 sibi

1026 443 1061 472 ad
1083 443 1200 473 libitum
1223 444 1361 482 deligere.

1065 491 1194 530 Singulis
1227 494 1312 522 annis
1344 494 1401 523 duo
1433 496 1539 525 artium
1573 497 1767 534 professores,
1795 505 1887 535 smnus
1903 506 1965 525 annis

1025 541 1099 570 alter
1123 550 1174 579 pro
1197 542 1346 571 sententia
1368 542 1594 580 Thomistarum,
1613 555 1663 584 pro
1680 546 1770 576 lesui·
1781 533 1966 583 ‘sifss'ssoasss'sm'npfii'ss

1026 594 1120 619 tarum
1155 590 1248 625 alter,
1274 595 1302 620 et
1331 600 1507 631 unoquoque
1531 594 1657 623 triennio
1692 605 1768 625 unus
1780 586 1966 638 {ffessgssfflffiff

1027 648 1077 677 pro
1111 640 1275 669 sententia.-
1293 640 1391 676 Scoti‚
1417 641 1616 680 philosophiae
1649 652 1768 673 cursum

1026 687 1192 723 instituent,
1217 688 1278 726 qui,
1296 689 1522 727 supervacaneis
1546 692 1770 728 quaestionibus

1026 737 1177 774 resecatis,
1202 738 1310 775 optima
1334 747 1466 776 quaeque
1489 743 1517 768 et
1540 739 1622 768 utilia
1646 741 1770 771 maxime

1026 784 1199 823 deligentes,
1224 786 1371 815 auditores
1394 796 1463 816 suos
1485 787 1660 817 edocebunt.
1685 790 1770 819 Anno

1027 834 1121 872 primo
1155 834 1268 872 logicen
1303 835 1365 864 sire
1397 835 1604 873 dialecticam,
1642 839 1770 868 secundo

1027 884 1293 922 metaphysicorum
1326 884 1439 921 libros;
1465 885 1550 914 tertio
1584 886 1770 925 physicorum

1027 932 1216 969 Aristotelis,
1240 933 1317 962 unde
1340 933 1427 963 etiam
1449 934 1504 963 rite
1527 935 1714 973 quaestiones
1737 937 1771 966 ad

1028 982 1179 1010 materiam
1214 982 1394 1021 pertinentes
1417 983 1557 1019 elicient,
1581 989 1608 1014 et
1638 985 1771 1015 succinte

1027 1039 1059 1058 ae
1084 1040 1206 1060 nervose
1229 1031 1398 1069 discutient,
1420 1042 1477 1062 non
1501 1033 1617 1062 omissis
1641 1035 1770 1073 peculia-

1027 1079 1108 1109 ribus
1124 1080 1300 1110 tractatibus
1322 1082 1356 1110 de
1375 1082 1485 1119 anima,
1502 1083 1537 1112 de
1560 1088 1624 1113 ortu
1648 1089 1675 1114 et
1697 1086 1771 1116 inte-

1027 1129 1097 1164 ritu,
1122 1129 1157 1158 de
1180 1129 1260 1158 caelo
1283 1134 1311 1159 et
1334 1131 1454 1168 mundo,
1479 1135 1507 1160 et
1531 1132 1565 1161 de
1589 1134 1738 1163 meteoris.

1069 1178 1271 1217 Philosophiae
1310 1179 1428 1208 moralis
1466 1181 1629 1219 praelector
1667 1183 1768 1212 eodem

1028 1227 1155 1257 triennio
1172 1227 1297 1265 publice,
1312 1228 1348 1257 ab
1365 1228 1436 1258 hora
1449 1231 1553 1268 quarta
1568 1226 1770 1268 pomeridiana
1782 1223 1874 1275 {ffffl‘ssss‘ss
1896 1222 1969 1269 ’,ζῖἱῇᾹῖ

1027 1276 1061 1305 ad
1084 1277 1227 1315 quintam,
1244 1277 1382 1313 ethicam,
1399 1278 1545 1316 politicam
1563 1284 1589 1308 et
1606 1278 1814 1310 oeconomi-¹¹⁵*

1817 1195 1920 1221 Tempora
1938 1195 1967 1215 le-

1003 1324 1089 1354 icam
1122 1325 1156 1354 ad
1180 1325 1388 1355 Nicomachum
1422 1326 1548 1356 dilucide
1582 1332 1610 1356 et
1643 1327 1773 1358 breviter

1027 1374 1197 1412 explicabit.
1232 1374 1350 1404 Ceterae
1385 1385 1451 1404 vero
1483 1376 1624 1406 lectiones
1656 1387 1669 1406 a
1699 1378 1772 1408 festo

1026 1424 1054 1453 S.
1071 1424 1164 1453 Lucae
1180 1423 1215 1453 ad
1232 1424 1335 1453 festum
1353 1424 1517 1454 dominicae
1535 1426 1772 1456 Resurrectionis

1027 1477 1094 1501 ante
1117 1473 1270 1502 meridiem
1293 1472 1328 1501 ab
1352 1473 1425 1502 hora
1447 1476 1546 1503 octava
1570 1475 1605 1504 ad
1628 1475 1771 1505 decimam

1026 1520 1200 1557 habeantur,
1225 1526 1288 1559 post
1311 1521 1462 1551 meridiem
1485 1532 1499 1551 a
1521 1523 1608 1552 tertia
1630 1523 1664 1553 ad
1687 1524 1773 1563 quin-

1026 1574 1101 1605 tam,
1126 1570 1251 1608 reliquo,
1275 1570 1352 1608 quod
1374 1575 1520 1609 superest,
1538 1576 1680 1610 tempore,
1706 1578 1772 1602 aute

1002 1640 1004 1649 .
1027 1619 1180 1648 meridiem
1203 1618 1238 1648 ab
1262 1619 1331 1648 hora
1354 1620 1479 1658 septima
1501 1620 1536 1649 ad
1559 1630 1682 1657 nonam,
1708 1626 1773 1660 post

1026 1669 1177 1698 meridiem
1201 1678 1215 1697 a
1239 1669 1326 1698 tertia
1357 1669 1392 1698 ad
1425 1669 1570 1708 quintam.
1600 1670 1772 1700 Huiusmodi

1026 1721 1190 1756 temporum
1219 1716 1388 1747 distributio
1410 1721 1438 1747 et
1461 1727 1597 1747 mensura
1619 1718 1648 1747 iu
1673 1719 1771 1749 lectio-

1025 1766 1113 1796 nibus
1135 1767 1272 1796 ineundis
1295 1776 1387 1806 aeque
1410 1767 1577 1797 servabitur
1605 1768 1635 1797 in
1663 1769 1770 1798 ceteris

1025 1816 1225 1846 facultatibus.

1064 1866 1192 1904 Tempus
1215 1864 1269 1894 sibi
1293 1865 1326 1894 ad
1351 1865 1508 1903 legendum
1535 1867 1665 1904 quotidie
1688 1877 1772 1906 prae·
1808 1882 1910 1904 Horarum
1924 1884 1966 1905 <ns-

1025 1914 1167 1952 scriptum
1192 1914 1373 1952 professores
1396 1914 1435 1943 ita
1458 1914 1644 1953 dispertient,
1663 1920 1693 1945 ut
1710 1909 1876 1954 pri-'‘³⁰⁰¹50·

1027 1972 1102 1992 mam
1127 1963 1228 1991 horam
1251 1962 1396 1991 dictandis
1419 1963 1637 2002 exponendisve
1671 1964 1770 1993 lectio-

1026 2011 1113 2041 nibus
1135 2010 1326 2050 impendant,
1355 2011 1513 2040 secundam
1547 2021 1598 2050 pro
1628 2013 1771 2042 exercita-

1026 2059 1170 2097 tionibus,
1194 2060 1223 2088 iu
1247 2058 1354 2097 quibus
1377 2059 1482 2098 scripta
1506 2065 1533 2089 et
1557 2062 1686 2099 exposita
1710 2062 1771 2100 ple-

1026 2109 1093 2138 nius
1114 2108 1331 2143 discutiantur;
1349 2109 1528 2138 semihorulit
1544 2119 1611 2139 vero
1629 2115 1685 2139 tam
1702 2116 1769 2140 ante

1026 2167 1112 2197 quam
1126 2157 1342 2197 pomeridianas
1355 2157 1495 2188 lectiones
1512 2164 1670 2197 praeeunte
1686 2160 1769 2189 scho-

1026 2209 1101 2237 lares
1124 2216 1236 2245 omnes,
1258 2207 1333 2236 facto
1355 2207 1432 2237 inter
1459 2217 1488 2237 se
1518 2209 1626 2247 pariter
1655 2210 1769 2249 opposi-

1026 2262 1122 2287 tarum
1156 2257 1371 2286 sententiarum
1404 2261 1562 2287 sectatores
1585 2268 1767 2298 congressu,

1026 2306 1180 2335 lectionem
1205 2305 1374 2335 memoriter
1397 2306 1534 2344 recitent,
1554 2311 1582 2336 et
1597 2314 1768 2345 argumenta

1027 2356 1095 2384 hinc
1118 2355 1185 2384 inde
1207 2355 1262 2384 sibi
1281 2355 1408 2384 vicissim
1426 2355 1536 2385 obiecta
1554 2356 1676 2386 diluant.
1697 2359 1768 2388 lluic

1026 2404 1178 2443 praeludio
1202 2404 1326 2433 sollicite
1359 2405 1537 2442 professores
1560 2395 1713 2443 intersint,
1738 2412 1769 2437 ut

1026 2453 1117 2482 nodos
1140 2453 1372 2492 disputationum
1395 2454 1521 2483 solvant.

1065 2501 1173 2531 Omnes
1215 2501 1383 2530 huiusmodi
1426 2503 1604 2541 professores
1643 2503 1769 2542 singulis
1803 2522 1963 2548 inmutaunnas

1025 2551 1163 2587 sabbatis,
1179 2560 1192 2579 a
1210 2551 1281 2580 festo
1294 2551 1322 2579 S.
1339 2551 1431 2580 Lucae
1447 2551 1481 2580 ad
1498 2552 1755 2590 madi-agesiinani
1780 2550 1964 2574 '¹¹¹³¹¹⁵¹'⁰¹¹¹³¹'‘³¹¹‘

1760 2578 1767 2590 ³
1780 2576 1820 2596 dae
1893 2577 1904 2596 d
1921 2582 1966 2596 niz-

1025 2605 1092 2630 ante
1112 2600 1263 2630 meridiem
1279 2600 1314 2630 ab
1331 2600 1401 2630 hora
1418 2602 1496 2630 nona
1515 2601 1550 2631 ad
1567 2602 1814 2643 uudeeimanuda·
1849 2576 1890 2597 net,
1908 2582 1919 2597 ⁰
