2182 3137
53 207 91 230 An
124 204 152 229 C.
176 203 243 230 1732

120 2497 248 2519 Nos-iliorum

65 2527 184 2550 susceptum

885 199 1030 222 CLEMENS
1055 200 1098 222 ΧΠ
1123 200 1171 222 ΡΡ.

248 259 340 289 eaque
362 249 513 288 suscipere
536 247 639 278 diebus
661 246 815 277 dominicis
848 251 876 276 et
911 247 992 276 sestis

248 299 284 329 de
307 303 476 339 praecepte.

289 356 330 377 111.
355 348 463 386 Siqua
495 347 525 376 in
559 345 660 375 eadem
692 344 876 375 hebdomada
910 344 992 384 plura

249 400 428 426 concurrant
451 396 534 432 festa,
559 398 678 432 propter
705 393 883 423 sacramenti
911 402 993 422 reve-

250 445 387 480 rentiam,
405 444 485 473 iuxta
505 442 619 472 abbatis
635 442 804 479 consilium,
825 441 854 471 in
871 441 993 480 quihus-

249 494 315 523 dam
339 502 353 522 a
377 491 585 521 communione
607 490 764 520 abstineat.

289 550 328 570 lv,
352 539 510 569 Monachus
534 548 602 567 vero
624 539 759 568 sacerdos
793 547 910 568 sacrum
935 548 992 568 non

249 589 366 619 omittat
389 597 531 627 unquam,
549 587 606 617 nisi
629 589 719 616 eausa
741 587 776 616 ab
799 587 904 617 abbate
927 596 994 626 pro-

250 638 329 667 bata.

383 687 456 715 Car.
481 684 567 714 xvlt.
593 702 629 706 —-
653 684 692 714 De
714 685 856 713 modestia.

291 744 309 764 1.
334 734 492 764 Monachus
515 743 530 762 0
552 733 624 762 cella
647 742 820 771 egressurus
841 733 993 772 proprium

252 783 383 813 habitum
407 782 520 818 induat,
555 791 651 821 neque
674 782 737 811 sine
760 792 793 811 eo
816 791 830 811 a
854 782 993 820 quopiam

251 841 281 861 se
305 831 435 870 conspici
459 831 621 870 permittat.

290 890 320 911 11.
345 880 567 919 Memineritque
590 880 734 909 inclinare
765 883 852 918 caput
882 879 995 909 abhati-

252 929 305 960 bus
327 934 355 959 et
378 928 582 959 sacerdotibus
600 928 780 966 senioribus,
800 929 995 958 circumstan-

252 978 300 1008 tiis
336 977 392 1007 loci
424 981 511 1015 atque
545 977 685 1016 temporis
721 978 748 1006 id
785 976 992 1014 exigentibus,

251 1027 334 1056 iuxta
357 1026 544 1056 traditionem
567 1030 595 1056 et
617 1026 751 1055 ordinem
775 1030 861 1065 atque
884 1035 994 1055 morem

252 1076 388 1105 fratrum.

292 1132 333 1153 111.
357 1123 452 1153 Fratri
476 1132 594 1152 manum
614 1124 733 1153 omnino
751 1133 808 1153 11011
828 1123 994 1161 admoveat,

252 1173 308 1202 nisi
331 1173 517 1203 salutationis
539 1174 627 1202 eausa
655 1182 775 1212 peregre
805 1172 925 1202 abeunti
948 1177 997 1202 aut

252 1222 287 1252 de
309 1222 470 1261 longinquo
493 1222 638 1258 redeunti,
656 1226 683 1251 et
706 1222 734 1251 in
759 1224 848 1251 causa
870 1222 997 1260 aegritu—

252 1271 330 1301 dinis
352 1272 527 1301 necessitate
549 1275 682 1309 cogente.

292 1329 331 1349 IV.
359 1320 517 1357 Abiturus,
546 1324 595 1348 aut
617 1319 720 1348 10113111
748 1319 920 1355 subiturus,
948 1324 997 1348 aut

254 1369 329 1398 sores
352 1369 566 1408 patefacturus,
591 1372 640 1397 aut
662 1368 838 1404 clausurus,
861 1372 911 1397 aut
933 1368 998 1406 pul-

253 1421 395 1455 saturus,
429 1417 588 1447 modestiae
621 1421 708 1456 atque
741 1417 851 1446 silentii
884 1425 997 1446 memor

253 1471 326 1496 esto.

294 1524 322 1544 v.
342 1514 519 1545 Charitatem
543 1514 780 1553 hilaritatemque
802 1524 868 1544 eum
893 1514 997 1544 timore

256 1563 304 1593 Dei
328 1564 513 1594 coniunctam
536 1563 565 1592 in
595 1563 731 1593 familiari
763 1573 830 1593 euin
859 1563 997 1593 fratribus

254 1613 400 1652 colloquio
423 1613 613 1652 praeseferat.

294 1671 331 1692 vi.
356 1662 388 1692 In
411 1664 527 1692 summa
549 1662 712 1700 intelligat,
736 1662 764 1691 in
794 1662 931 1691 omnibus
954 1662 998 1691 di-

254 1712 310 1742 ctis
332 1712 475 1751 factisque
497 1711 558 1741 suis
580 1711 636 1741 sibi
660 1711 818 1741 modestiae
834 1711 999 1749 gravitatis-

254 1771 310 1800 que
333 1761 414 1799 leges
436 1770 500 1790 esse
523 1760 691 1790 servandas.

394 1809 464 1840 CAP.
489 1808 587 1839 XVIII.
611 1827 650 1832 —
672 1809 712 1840 De
733 1810 862 1848 aeyrotis.

294 1867 314 1888 1.
338 1858 497 1888 Monachus
518 1858 576 1888 Deo
599 1858 708 1896 gratias
740 1867 827 1896 agere
859 1858 945 1888 debet
969 1858 996 1887 in

254 1911 331 1937 statu
356 1907 548 1945 aegritudinis
571 1907 663 1945 magis
688 1916 774 1946 quam
798 1907 827 1936 in
851 1911 928 1936 statu
952 1916 999 1935 va-

256 1956 408 1994 letudinis,
433 1956 529 1985 sciens
547 1965 578 1985 se
600 1956 635 1985 ad
660 1956 812 1995 proprium
834 1956 998 1994 profectum

255 2015 271 2035 a
294 2006 416 2035 Domino
439 2005 566 2035 visitari.

296 2064 326 2085 11.
344 2054 512 2084 inconsulto
529 2053 644 2089 abbate,
669 2062 775 2092 corpus
798 2053 927 2090 affligere
950 2056 1000 2081 aut

258 2113 363 2133 vexare
386 2112 443 2132 non
467 2102 564 2132 debet.

296 2161 338 2182 111.
363 2151 577 2190 :Egritudinem
614 2150 839 2189 praesentiens,
864 2148 998 2178 abbatem

257 2205 385 2231 moneat.

297 2258 335 2280 lv.
361 2250 521 2279 Pharmaea
545 2253 573 2278 et
603 2248 729 2277 remedia
764 2247 868 2276 abbate
898 2247 999 2276 incon-

257 2299 333 2329 sulto
357 2308 413 2328 non
438 2297 586 2328 adhibeat.

505 2373 584 2403 Paris
606 2373 753 2403 Sacrana.

438 2445 508 2475 CAP.
534 2444 555 2473 I.
579 2461 617 2466 —
640 2444 679 2473 De
701 2444 825 2473 novitiis.

299 2504 319 2525 1.
344 2495 442 2524 Liceat
464 2493 562 2523 abbati
586 2493 613 2522 in
637 2503 690 2522 suo
713 2492 892 2522 monasterio
921 2491 1004 2521 novi-

261 2545 316 2575 tios
347 2544 519 2582 suscipere,
543 2546 630 2580 atque
663 2541 751 2571 etiam
775 2540 944 2580 expellere,
968 2540 1003 2570 de

259 2593 382 2624 consilio
405 2590 643 2630 congregationis
666 2589 889 2619 monachorum.

1680 187 1741 221 331
1792 198 1841 222 An.
1859 197 1886 222 C.
1908 196 1974 223 1722

1078 256 1107 276 n.
1131 247 1265 277 Novitius
1287 257 1345 277 non
1369 245 1522 286 probetur,
1540 245 1595 275 nisi
1619 246 1647 275 in
1666 254 1780 275 monas-

1840 257 1950 278 Novanoru
1955 264 1974 277 111

1037 296 1127 332 terio,
1151 297 1180 325 in
1211 305 1267 335 quo
1294 296 1393 334 plures
1417 295 1551 324 monachi
1573 295 1704 332 degunt,
1728 286 1896 333 quiproimiu.

1037 347 1064 372 et
1088 344 1277 373 monasticam
1300 343 1431 381 regulam
1451 343 1618 379 observant,
1639 347 1667 371 et
1689 346 1779 371 statu-

1038 391 1074 420 tis
1095 391 1278 429 temporibus
1294 391 1450 420 canonicas
1471 400 1582 429 preces,
1607 395 1779 429 ceterosque

1037 439 1250 468 ecclesiasticos
1272 439 1348 469 ritus
1370 444 1525 478 peragunt.

1078 497 1117 517 111.
1143 488 1280 517 Habitent
1303 488 1404 517 novitii
1429 488 1456 517 in
1482 488 1544 517 loco
1567 498 1581 516 a
1606 488 1714 517 ceteris
1736 497 1780 517 se·
1818 494 1934 514 llatanana.

1038 542 1160 576 paratu3
1185 542 1213 566 et
1237 536 1351 566 curabit
1374 536 1463 565 abbas
1486 537 1650 574 generalis,
1676 540 1705 564 nt
1729 545 1780 575 pro

1038 586 1184 615 novitiatu
1206 585 1377 622 designetur
1406 585 1616 614 monasterium
1646 585 1783 615 determi-

1038 637 1150 670 natum,
1175 638 1202 662 et
1226 633 1255 662 in
1278 642 1311 661 eo
1334 633 1414 661 locus
1437 637 1601 671 separatus.

1078 691 1116 711 lv.
1142 682 1306 712 Novitiatus
1336 681 1371 710 ad
1404 681 1555 710 biennium
1592 681 1781 719 producatur,
1809 690 1976 719 ΔΤυηηηιςιῑω-

1039 740 1134 770 neque.
1158 730 1303 769 quispiam
1326 735 1392 758 ante
1415 730 1562 767 expletum
1580 729 1633 758 hoc
1657 730 1783 768 spatium
1794 723 1852 737 ⁶¹⁰⁰*

1039 780 1073 810 ad
1091 779 1223 809 habitum
1245 779 1426 813 admittatur,
1447 779 1502 807 nisi
1523 788 1557 807 ex
1576 780 1662 807 causa
1685 788 1699 807 a
1716 788 1784 807 con-

1039 830 1209 868 gregatione
1244 828 1476 865 hegumenorum
1512 827 1634 866 probata
1651 851 1658 865 ,
1696 827 1783 866 idque

1039 888 1096 908 non
1121 882 1186 907 31110
1209 877 1357 916 expletum
1373 886 1494 905 annum.
1512 876 1541 905 si
1566 885 1632 905 vero
1655 876 1784 905 novitius

1039 927 1153 966 expleto
1177 926 1296 956 biennio
1320 925 1355 954 ad
1380 925 1432 954 hoc
1465 925 1562 954 minus
1593 925 1717 954 idoneus
1740 933 1785 953 10-

1040 977 1182 1016 periatur,
1206 975 1325 1005 otnnino
1349 974 1541 1003 dimittendus
1564 979 1620 1003 est.

1080 1034 1107 1055 v.
1128 1024 1260 1054 Novitius
1283 1028 1351 1053 ante
1374 1023 1523 1062 expletum
1547 1022 1651 1051 aetatis
1674 1030 1783 1051 annum
1822 1035 1885 1053 302³<
1905 1033 1979 1053 mima.

1040 1073 1302 1104 sextumdecimum
1320 1081 1376 1101 non
1395 1072 1572 1110 suscipiatur
1587 1082 1594 1107 ς
1615 1081 1710 1110 neque
1727 1061 1914 1099 mast⁸¹¹¹¹⁴³³¹¹³¹¹¹

1040 1123 1084 1152 ior
1107 1124 1144 1151 sit
1166 1120 1505 1161 quadragesiinoqninto.
1532 1120 1661 1149 Pertinet
1688 1124 1784 1149 autem

1041 1171 1074 1200 ad
1113 1170 1369 1208 congregationem
1405 1169 1637 1206 hegumenorum
1671 1169 1699 1198 in
1732 1169 1785 1198 hoc

1041 1230 1120 1250 casu.
1143 1221 1166 1249 si
1189 1219 1307 1248 aliunde
1340 1219 1453 1247 noverit
1478 1218 1560 1247 11111111
1584 1217 1686 1247 ordini
1719 1227 1786 1256 pro-

1042 1270 1184 1305 futurum,
1209 1269 1268 1298 sive
1292 1269 1321 1297 111
1344 1268 1459 1297 defectu
1481 1267 1585 1297 aetatis
1601 1267 1662 1296 sive
1685 1266 1714 1295 in
1737 1276 1786 1295 ex-

1042 1328 1125 1348 cessu
1148 1317 1330 1356 dispensare,
1350 1316 1433 1346 1110110
1449 1326 1506 1346 11011
1525 1316 1561 1345 sit
1585 1316 1680 1345 minor
1702 1315 1786 1344 annis

1042 1366 1276 1405 quatuordecim.

1083 1424 1120 1444 vi.
1147 1414 1308 1450 Novitinm,
1327 1414 1420 1453 primo
1440 1418 1555 1452 oportet
1571 1422 1634 1442 esse
1651 1412 1786 1442 christia-

1042 1464 1087 1493 nis
1111 1462 1283 1503 parentibus
1306 1467 1428 1499 natum,
1453 1466 1539 1500 atque
1569 1461 1784 1495 orthodoxum;

1042 1522 1144 1552 qnare,
1162 1513 1186 1541 si
1209 1513 1283 1551 ipse,
1302 1516 1351 1541 3111
1370 1511 1513 1540 alteruter
1535 1511 1666 1540 eiusdem
1683 1519 1787 1549 paren-

1043 1567 1116 1596 tum,
1140 1561 1319 1590 christianus
1343 1569 1400 1589 non
1424 1564 1480 1597 est,
1515 1564 1564 1589 aut
1595 1560 1786 1589 christianam

1044 1612 1127 1640 sidem
1152 1609 1281 1648 negavit,
1307 1609 1351 1638 vel
1375 1609 1541 1647 neophytus
1576 1608 1611 1637 ad
1639 1608 1718 1637 illam
1741 1617 1788 1637 ac-

1042 1660 1146 1693 cessit,
1171 1663 1254 1688 anta
1277 1657 1425 1688 catholica
1447 1657 1502 1686 fide
1526 1657 1561 1686 ad
1585 1661 1693 1686 sectam
1720 1657 1788 1686 hae-

1042 1709 1201 1738 retieorum
1227 1707 1365 1745 transiit,
1390 1706 1500 1745 absque
1524 1706 1645 1735 licentia
1668 1714 1788 1743 congre-

1042 1758 1169 1796 gationis
1185 1756 1331 1796 generalis
1354 1766 1368 1785 a
1392 1755 1509 1785 nemine
1526 1755 1721 1794 suscipiatur3
1738 1754 1787 1793 qui

1043 1816 1111 1836 vero
1135 1806 1289 1836 haereticis
1312 1810 1362 1835 aut
1385 1804 1582 1834 schismaticis
1616 1803 1787 1842 parentibus

1043 1860 1129 1886 natus
1145 1860 1200 1891 est,
1221 1854 1256 1883 ab
1273 1853 1379 1883 abbate
1396 1853 1566 1882 monasterii
1584 1851 1787 1891 suscipiendus

1043 1914 1100 1934 non
1125 1909 1179 1941 est,
1197 1903 1253 1933 nisi
1270 1903 1305 1932 de
1322 1902 1442 1932 licentia
1458 1901 1571 1931 abbatis
1586 1901 1733 1939 generalis
1748 1911 1755 1935 ς

1123 1952 1278 1989 Secundo,
1303 1952 1327 1981 si
1355 1951 1637 1985 excommunicatus,
1667 1949 1788 1979 interdi-

1043 2006 1125 2039 ctus,
1149 2010 1345 2040 suspensusve
1367 1999 1402 2030 ab
1432 1999 1575 2029 exercitio
1605 1999 1650 2028 sui
1674 1998 1786 2027 ordinis

1044 2051 1144 2087 suerit,
1168 2054 1235 2079 ante
1258 2049 1472 2078 absolutionem
1496 2052 1584 2086 atque
1607 2047 1786 2077 benedictio-

1044 2109 1110 2129 nem
1135 2099 1246 2138 proprii
1269 2098 1397 2137 episcopi
1420 2107 1478 2127 non
1497 2097 1685 2136 recipiatur,

1124 2148 1233 2185 Tertio,
1254 2157 1311 2177 non
1335 2146 1496 2185 recipiatur
1519 2146 1647 2175 novitius
1671 2144 1786 2184 publice

1045 2202 1220 2236 suspectus,
1246 2195 1289 2225 vel
1313 2195 1426 2225 delatus
1459 2194 1495 2223 de
1527 2193 1700 2223 criminibus
1723 2202 1788 2232 spe-

1045 2246 1192 2276 ctantibus
1214 2244 1248 2273 ad
1272 2244 1421 2281 negotium
1446 2243 1512 2272 [idei
1537 2242 1724 2278 orthodoxae,
1744 2241 1786 2270 vel

1046 2295 1080 2324 de
1098 2293 1263 2324 homicidio,
1281 2296 1330 2321 aut
1347 2291 1459 2321 enormi
1477 2291 1504 2320 in
1523 2300 1552 2320 re
1570 2290 1647 2329 turpi
1667 2290 1784 2325 delicto,

1046 2352 1141 2382 neque
1163 2343 1277 2372 notorie
1301 2340 1435 2377 infamis,
1460 2339 1515 2368 nisi
1547 2343 1624 2367 certa
1654 2339 1786 2367 sincerae

1046 2391 1243 2432 poenitentiae
1266 2389 1347 2427 signa
1372 2392 1454 2417 antea
1483 2387 1640 2416 ostenderit
1664 2391 1691 2416 et
1713 2386 1786 2415 obti-

1047 2441 1145 2471 nuerit
1171 2439 1384 2470 absolutionem
1418 2441 1467 2466 aut
1500 2435 1747 2475 dispensationem
1771 2445 1785 2465 a

1047 2490 1177 2528 legitimo
1200 2488 1362 2528 superiore,
1387 2490 1474 2525 prout
1495 2486 1530 2515 de
1550 2485 1636 2520 iure,

1127 2538 1246 2574 Quarto,
1272 2546 1325 2566 nec
1348 2535 1507 2574 recipiatur
1530 2534 1625 2564 alieno
1648 2542 1714 2563 aere
1737 2533 1787 2563 ob-

1047 2586 1178 2623 strietus,
1196 2594 1291 2624 neque
1308 2583 1464 2614 reddendis
1480 2583 1514 2612 110
1533 2581 1787 2612 administratione

1824 1423 1844 1442 C·
1854 1422 1968 1442 aditiones.
