<?xml version="1.0" encoding="UTF-8"?>
<!DOCTYPE html PUBLIC "-//W3C//DTD XHTML 1.0 Transitional//EN"
    "http://www.w3.org/TR/xhtml1/DTD/xhtml1-transitional.dtd">
<html xmlns="http://www.w3.org/1999/xhtml" xml:lang="en" lang="en">
 <head>
  <title>
</title>
<meta http-equiv="Content-Type" content="text/html;charset=utf-8" />
  <meta name='ocr-system' content='tesseract 3.04.00' />
  <meta name='ocr-capabilities' content='ocr_page ocr_carea ocr_par ocr_line ocrx_word'/>
</head>
<body>
  <div class='ocr_page' id='page_1' title='image "./bullarumdiplomat23cath_0691.png"; bbox 0 0 2182 3137; ppageno 0'>
   <div class='ocr_carea' id='block_1_1' title="bbox 0 2413 21 3137">
    <p class='ocr_par' dir='ltr' id='par_1_1' title="bbox 0 2413 21 3137">
     <span class='ocr_line' id='line_1_1' title="bbox 0 2413 21 3137; baseline 0 0"><span class='ocrx_word' id='word_1_1' title='bbox 0 2413 21 3137; x_wconf 95' lang='lat' dir='ltr'> </span> 
     </span>
    </p>
   </div>
   <div class='ocr_carea' id='block_1_2' title="bbox 797 266 1119 292">
    <p class='ocr_par' dir='ltr' id='par_1_2' title="bbox 797 266 1119 292">
     <span class='ocr_line' id='line_1_2' title="bbox 797 266 1119 292; baseline 0 -1"><span class='ocrx_word' id='word_1_2' title='bbox 797 268 891 292; x_wconf 71' lang='lat' dir='ltr'>INDEX</span> <span class='ocrx_word' id='word_1_3' title='bbox 917 266 1119 292; x_wconf 66' lang='lat' dir='ltr'>nttsschnUM</span> 
     </span>
    </p>
   </div>
   <div class='ocr_carea' id='block_1_3' title="bbox 185 319 932 2703">
    <p class='ocr_par' dir='ltr' id='par_1_3' title="bbox 276 319 932 520">
     <span class='ocr_line' id='line_1_3' title="bbox 278 319 932 362; baseline 0.003 -12"><span class='ocrx_word' id='word_1_4' title='bbox 278 319 406 362; x_wconf 85' lang='lat' dir='ltr'>antiquo</span> <span class='ocrx_word' id='word_1_5' title='bbox 441 320 527 352; x_wconf 90' lang='lat' dir='ltr'>cultu</span> <span class='ocrx_word' id='word_1_6' title='bbox 560 321 591 353; x_wconf 89' lang='lat' dir='ltr'>in</span> <span class='ocrx_word' id='word_1_7' title='bbox 618 321 810 354; x_wconf 66' lang='lat' dir='ltr'>monasterio</span> <span class='ocrx_word' id='word_1_8' title='bbox 845 320 932 353; x_wconf 83' lang='lat' dir='ltr'>Sacri</span> 
     </span>
     <span class='ocr_line' id='line_1_4' title="bbox 277 371 932 416; baseline 0.008 -15"><span class='ocrx_word' id='word_1_9' title='bbox 277 371 393 415; x_wconf 70' lang='lat' dir='ltr'>Specus</span> <span class='ocrx_word' id='word_1_10' title='bbox 429 383 529 416; x_wconf 87' lang='lat' dir='ltr'>prope</span> <span class='ocrx_word' id='word_1_11' title='bbox 560 373 728 406; x_wconf 85' lang='lat' dir='ltr'>Sublacum</span> <span class='ocrx_word' id='word_1_12' title='bbox 754 372 932 416; x_wconf 75' lang='lat' dir='ltr'>Congrega-</span> 
     </span>
     <span class='ocr_line' id='line_1_5' title="bbox 278 425 932 461; baseline 0.003 -4"><span class='ocrx_word' id='word_1_13' title='bbox 278 425 370 457; x_wconf 73' lang='lat' dir='ltr'>tionis</span> <span class='ocrx_word' id='word_1_14' title='bbox 395 426 587 460; x_wconf 84' lang='lat' dir='ltr'>Cassinensis</span> <span class='ocrx_word' id='word_1_15' title='bbox 611 427 736 461; x_wconf 75' lang='lat' dir='ltr'>Ordinis</span> <span class='ocrx_word' id='word_1_16' title='bbox 761 428 859 460; x_wconf 81' lang='lat' dir='ltr'>sancti</span> <span class='ocrx_word' id='word_1_17' title='bbox 881 427 932 459; x_wconf 88' lang='lat' dir='ltr'>Be-</span> 
     </span>
     <span class='ocr_line' id='line_1_6' title="bbox 276 479 504 520; baseline 0.018 -11"><span class='ocrx_word' id='word_1_18' title='bbox 276 479 402 520; x_wconf 72' lang='lat' dir='ltr'>nedicti,</span> <span class='ocrx_word' id='word_1_19' title='bbox 427 479 504 513; x_wconf 80' lang='lat'><strong>308.</strong></span> 
     </span>
    </p>

    <p class='ocr_par' dir='ltr' id='par_1_4' title="bbox 189 531 931 567">
     <span class='ocr_line' id='line_1_7' title="bbox 189 531 931 567; baseline 0.003 -4"><span class='ocrx_word' id='word_1_20' title='bbox 189 531 249 564; x_wconf 90' lang='lat' dir='ltr'>LII.</span> <span class='ocrx_word' id='word_1_21' title='bbox 278 531 476 565; x_wconf 80' lang='lat' dir='ltr'>Revocantur</span> <span class='ocrx_word' id='word_1_22' title='bbox 494 534 634 567; x_wconf 77' lang='lat' dir='ltr'>diversae</span> <span class='ocrx_word' id='word_1_23' title='bbox 656 534 817 567; x_wconf 70' lang='lat' dir='ltr'>facultates</span> <span class='ocrx_word' id='word_1_24' title='bbox 838 544 854 566; x_wconf 92' lang='lat' dir='ltr'>a</span> <span class='ocrx_word' id='word_1_25' title='bbox 875 534 931 566; x_wconf 84' lang='lat' dir='ltr'>Ro-</span> 
     </span>
    </p>

    <p class='ocr_par' dir='ltr' id='par_1_5' title="bbox 279 585 930 630">
     <span class='ocr_line' id='line_1_8' title="bbox 279 585 930 630; baseline 0.002 -14"><span class='ocrx_word' id='word_1_26' title='bbox 279 585 378 617; x_wconf 82' lang='lat' dir='ltr'>manis</span> <span class='ocrx_word' id='word_1_27' title='bbox 403 585 606 619; x_wconf 79' lang='lat' dir='ltr'>Pontificibus</span> <span class='ocrx_word' id='word_1_28' title='bbox 631 597 686 630; x_wconf 88' lang='lat' dir='ltr'>per</span> <span class='ocrx_word' id='word_1_29' title='bbox 711 598 820 620; x_wconf 85' lang='lat' dir='ltr'>eorum</span> <span class='ocrx_word' id='word_1_30' title='bbox 844 586 930 619; x_wconf 71' lang='lat' dir='ltr'>vivae</span> 
     </span>
    </p>

    <p class='ocr_par' dir='ltr' id='par_1_6' title="bbox 278 638 931 684">
     <span class='ocr_line' id='line_1_9' title="bbox 278 638 931 684; baseline 0.003 -14"><span class='ocrx_word' id='word_1_31' title='bbox 278 638 362 670; x_wconf 84' lang='lat' dir='ltr'>vocis</span> <span class='ocrx_word' id='word_1_32' title='bbox 380 639 543 672; x_wconf 88' lang='lat' dir='ltr'>oraculum</span> <span class='ocrx_word' id='word_1_33' title='bbox 561 641 607 673; x_wconf 70' lang='lat' dir='ltr'>rel</span> <span class='ocrx_word' id='word_1_34' title='bbox 629 641 783 684; x_wconf 74' lang='lat' dir='ltr'>rescripta</span> <span class='ocrx_word' id='word_1_35' title='bbox 807 649 931 673; x_wconf 82' lang='lat' dir='ltr'>conces-</span> 
     </span>
    </p>

    <p class='ocr_par' dir='ltr' id='par_1_7' title="bbox 278 691 441 730">
     <span class='ocr_line' id='line_1_10' title="bbox 278 691 441 730; baseline 0.018 -9"><span class='ocrx_word' id='word_1_36' title='bbox 278 701 340 730; x_wconf 82' lang='lat' dir='ltr'>sae,</span> <span class='ocrx_word' id='word_1_37' title='bbox 366 691 441 725; x_wconf 67' lang='grc'>314.</span> 
     </span>
    </p>

    <p class='ocr_par' dir='ltr' id='par_1_8' title="bbox 294 744 930 789">
     <span class='ocr_line' id='line_1_11' title="bbox 294 744 930 789; baseline 0.002 -12"><span class='ocrx_word' id='word_1_38' title='bbox 294 744 465 778; x_wconf 84' lang='lat' dir='ltr'>Iubilacum</span> <span class='ocrx_word' id='word_1_39' title='bbox 483 757 541 789; x_wconf 89' lang='lat' dir='ltr'>pro</span> <span class='ocrx_word' id='word_1_40' title='bbox 558 745 814 779; x_wconf 81' lang='lat' dir='ltr'>christifidelibus</span> <span class='ocrx_word' id='word_1_41' title='bbox 831 746 930 779; x_wconf 86' lang='lat' dir='ltr'>almae</span> 
     </span>
    </p>

    <p class='ocr_par' dir='ltr' id='par_1_9' title="bbox 278 798 931 839">
     <span class='ocr_line' id='line_1_12' title="bbox 278 798 931 839; baseline 0.002 -8"><span class='ocrx_word' id='word_1_42' title='bbox 278 798 380 839; x_wconf 78' lang='lat' dir='ltr'>Urbis,</span> <span class='ocrx_word' id='word_1_43' title='bbox 406 799 511 832; x_wconf 88' lang='lat' dir='ltr'>Italiae</span> <span class='ocrx_word' id='word_1_44' title='bbox 537 804 567 832; x_wconf 89' lang='lat' dir='ltr'>et</span> <span class='ocrx_word' id='word_1_45' title='bbox 592 799 764 832; x_wconf 84' lang='lat' dir='ltr'>insularum</span> <span class='ocrx_word' id='word_1_46' title='bbox 791 800 931 833; x_wconf 80' lang='lat' dir='ltr'>adIacen-</span> 
     </span>
    </p>

    <p class='ocr_par' dir='ltr' id='par_1_10' title="bbox 278 852 930 896">
     <span class='ocr_line' id='line_1_13' title="bbox 278 852 930 896; baseline 0.002 -12"><span class='ocrx_word' id='word_1_47' title='bbox 278 852 354 884; x_wconf 88' lang='lat' dir='ltr'>tium</span> <span class='ocrx_word' id='word_1_48' title='bbox 386 852 522 885; x_wconf 74' lang='lat' dir='ltr'>divinam</span> <span class='ocrx_word' id='word_1_49' title='bbox 556 863 649 896; x_wconf 88' lang='lat' dir='ltr'>opem</span> <span class='ocrx_word' id='word_1_50' title='bbox 687 852 930 896; x_wconf 73' lang='lat' dir='ltr'>implorantibus</span> 
     </span>
    </p>

    <p class='ocr_par' dir='ltr' id='par_1_11' title="bbox 277 905 930 949">
     <span class='ocr_line' id='line_1_14' title="bbox 277 905 930 949; baseline 0.003 -12"><span class='ocrx_word' id='word_1_51' title='bbox 277 905 308 937; x_wconf 95' lang='lat' dir='ltr'>in</span> <span class='ocrx_word' id='word_1_52' title='bbox 333 905 551 949; x_wconf 80' lang='lat' dir='ltr'>praesentibus</span> <span class='ocrx_word' id='word_1_53' title='bbox 576 906 734 939; x_wconf 74' lang='lat' dir='ltr'>Ecclesiae</span> <span class='ocrx_word' id='word_1_54' title='bbox 763 906 930 939; x_wconf 84' lang='lat' dir='ltr'>necessita-</span> 
     </span>
    </p>

    <p class='ocr_par' dir='ltr' id='par_1_12' title="bbox 276 957 468 998">
     <span class='ocr_line' id='line_1_15' title="bbox 276 957 468 998; baseline 0.005 -8"><span class='ocrx_word' id='word_1_55' title='bbox 276 958 369 998; x_wconf 89' lang='lat' dir='ltr'>tibus,</span> <span class='ocrx_word' id='word_1_56' title='bbox 393 957 468 991; x_wconf 87' lang='lat'>318.</span> 
     </span>
    </p>

    <p class='ocr_par' dir='ltr' id='par_1_13' title="bbox 185 1010 931 1266">
     <span class='ocr_line' id='line_1_16' title="bbox 185 1010 930 1055; baseline 0.004 -13"><span class='ocrx_word' id='word_1_57' title='bbox 185 1010 259 1043; x_wconf 88' lang='lat' dir='ltr'>LIV.</span> <span class='ocrx_word' id='word_1_58' title='bbox 280 1011 446 1045; x_wconf 80' lang='lat' dir='ltr'>Concessio</span> <span class='ocrx_word' id='word_1_59' title='bbox 464 1011 687 1055; x_wconf 72' lang='lat' dir='ltr'>indulgentiae,</span> <span class='ocrx_word' id='word_1_60' title='bbox 704 1012 783 1046; x_wconf 89' lang='lat' dir='ltr'>sicut</span> <span class='ocrx_word' id='word_1_61' title='bbox 801 1013 831 1045; x_wconf 90' lang='lat' dir='ltr'>in</span> <span class='ocrx_word' id='word_1_62' title='bbox 848 1023 930 1046; x_wconf 88' lang='lat' dir='ltr'>anno</span> 
     </span>
     <span class='ocr_line' id='line_1_17' title="bbox 274 1064 931 1111; baseline 0.003 -14"><span class='ocrx_word' id='word_1_63' title='bbox 274 1064 414 1105; x_wconf 84' lang='lat' dir='ltr'>iubilaci,</span> <span class='ocrx_word' id='word_1_64' title='bbox 431 1076 489 1109; x_wconf 90' lang='lat' dir='ltr'>pro</span> <span class='ocrx_word' id='word_1_65' title='bbox 514 1066 700 1109; x_wconf 78' lang='lat' dir='ltr'>degentibus</span> <span class='ocrx_word' id='word_1_66' title='bbox 717 1066 749 1099; x_wconf 91' lang='lat' dir='ltr'>in</span> <span class='ocrx_word' id='word_1_67' title='bbox 767 1077 864 1111; x_wconf 82' lang='lat' dir='ltr'>regno</span> <span class='ocrx_word' id='word_1_68' title='bbox 882 1067 931 1099; x_wconf 86' lang='lat' dir='ltr'>IIi-</span> 
     </span>
     <span class='ocr_line' id='line_1_18' title="bbox 274 1117 929 1163; baseline 0.005 -14"><span class='ocrx_word' id='word_1_69' title='bbox 274 1117 414 1158; x_wconf 84' lang='lat' dir='ltr'>berniae,</span> <span class='ocrx_word' id='word_1_70' title='bbox 431 1119 558 1163; x_wconf 88' lang='lat' dir='ltr'>Dcoque</span> <span class='ocrx_word' id='word_1_71' title='bbox 582 1119 784 1163; x_wconf 81' lang='lat' dir='ltr'>precantibus</span> <span class='ocrx_word' id='word_1_72' title='bbox 802 1130 861 1163; x_wconf 90' lang='lat' dir='ltr'>pro</span> <span class='ocrx_word' id='word_1_73' title='bbox 879 1130 929 1152; x_wconf 88' lang='lat' dir='ltr'>re-</span> 
     </span>
     <span class='ocr_line' id='line_1_19' title="bbox 276 1172 929 1217; baseline 0.006 -14"><span class='ocrx_word' id='word_1_74' title='bbox 276 1172 329 1214; x_wconf 83' lang='lat' dir='ltr'>gni</span> <span class='ocrx_word' id='word_1_75' title='bbox 354 1172 494 1205; x_wconf 79' lang='lat' dir='ltr'>eiusdem</span> <span class='ocrx_word' id='word_1_76' title='bbox 520 1173 737 1217; x_wconf 78' lang='lat' dir='ltr'>spiritualibus</span> <span class='ocrx_word' id='word_1_77' title='bbox 762 1173 929 1207; x_wconf 84' lang='lat' dir='ltr'>necessita-</span> 
     </span>
     <span class='ocr_line' id='line_1_20' title="bbox 275 1223 467 1266; baseline 0.005 -10"><span class='ocrx_word' id='word_1_78' title='bbox 275 1223 368 1266; x_wconf 74' lang='lat' dir='ltr'>tibus,</span> <span class='ocrx_word' id='word_1_79' title='bbox 393 1224 467 1258; x_wconf 67' lang='lat'>321.</span> 
     </span>
    </p>

    <p class='ocr_par' dir='ltr' id='par_1_14' title="bbox 188 1277 930 1324">
     <span class='ocr_line' id='line_1_21' title="bbox 188 1277 930 1324; baseline 0.005 -15"><span class='ocrx_word' id='word_1_80' title='bbox 188 1277 248 1310; x_wconf 95' lang='lat' dir='ltr'>LV.</span> <span class='ocrx_word' id='word_1_81' title='bbox 277 1277 411 1311; x_wconf 76' lang='lat' dir='ltr'>Litterae</span> <span class='ocrx_word' id='word_1_82' title='bbox 436 1279 606 1312; x_wconf 84' lang='lat' dir='ltr'>nonnullae</span> <span class='ocrx_word' id='word_1_83' title='bbox 631 1280 821 1324; x_wconf 82' lang='lat' dir='ltr'>apostolicae</span> <span class='ocrx_word' id='word_1_84' title='bbox 846 1280 930 1313; x_wconf 82' lang='lat' dir='ltr'>Ordi-</span> 
     </span>
    </p>

    <p class='ocr_par' dir='ltr' id='par_1_15' title="bbox 276 1330 930 1374">
     <span class='ocr_line' id='line_1_22' title="bbox 276 1330 930 1374; baseline 0.005 -12"><span class='ocrx_word' id='word_1_85' title='bbox 276 1330 369 1363; x_wconf 86' lang='lat' dir='ltr'>nibus</span> <span class='ocrx_word' id='word_1_86' title='bbox 401 1332 600 1374; x_wconf 73' lang='lat' dir='ltr'>regularibus</span> <span class='ocrx_word' id='word_1_87' title='bbox 624 1338 655 1365; x_wconf 84' lang='lat' dir='ltr'>et</span> <span class='ocrx_word' id='word_1_88' title='bbox 680 1332 930 1365; x_wconf 72' lang='lat' dir='ltr'>mendicantibus</span> 
     </span>
    </p>

    <p class='ocr_par' dir='ltr' id='par_1_16' title="bbox 277 1384 931 1427">
     <span class='ocr_line' id='line_1_23' title="bbox 277 1384 931 1427; baseline 0.006 -12"><span class='ocrx_word' id='word_1_89' title='bbox 277 1394 294 1416; x_wconf 87' lang='lat' dir='ltr'>a</span> <span class='ocrx_word' id='word_1_90' title='bbox 318 1384 387 1427; x_wconf 84' lang='lat' dir='ltr'>piae</span> <span class='ocrx_word' id='word_1_91' title='bbox 406 1386 576 1418; x_wconf 79' lang='lat' dir='ltr'>memoriae</span> <span class='ocrx_word' id='word_1_92' title='bbox 591 1386 761 1419; x_wconf 80' lang='lat' dir='ltr'>Benedicto</span> <span class='ocrx_word' id='word_1_93' title='bbox 779 1386 842 1418; x_wconf 86' lang='lat' dir='ltr'>XIII</span> <span class='ocrx_word' id='word_1_94' title='bbox 861 1396 931 1419; x_wconf 90' lang='lat' dir='ltr'>con-</span> 
     </span>
    </p>

    <p class='ocr_par' dir='ltr' id='par_1_17' title="bbox 277 1439 930 1482">
     <span class='ocr_line' id='line_1_24' title="bbox 277 1439 930 1482; baseline 0.005 -12"><span class='ocrx_word' id='word_1_95' title='bbox 277 1448 393 1477; x_wconf 81' lang='lat' dir='ltr'>cessae,</span> <span class='ocrx_word' id='word_1_96' title='bbox 418 1439 544 1482; x_wconf 78' lang='lat' dir='ltr'>praevia</span> <span class='ocrx_word' id='word_1_97' title='bbox 569 1439 795 1482; x_wconf 82' lang='lat' dir='ltr'>moderatione,</span> <span class='ocrx_word' id='word_1_98' title='bbox 813 1440 850 1472; x_wconf 89' lang='lat' dir='ltr'>ad</span> <span class='ocrx_word' id='word_1_99' title='bbox 869 1446 930 1473; x_wconf 86' lang='lat' dir='ltr'>ter-</span> 
     </span>
    </p>

    <p class='ocr_par' dir='ltr' id='par_1_18' title="bbox 274 1491 930 1638">
     <span class='ocr_line' id='line_1_25' title="bbox 274 1491 930 1533; baseline 0.005 -10"><span class='ocrx_word' id='word_1_100' title='bbox 274 1491 377 1524; x_wconf 86' lang='lat' dir='ltr'>minos</span> <span class='ocrx_word' id='word_1_101' title='bbox 402 1491 479 1524; x_wconf 86' lang='lat' dir='ltr'>iuris</span> <span class='ocrx_word' id='word_1_102' title='bbox 504 1492 692 1533; x_wconf 89' lang='lat' dir='ltr'>communis,</span> <span class='ocrx_word' id='word_1_103' title='bbox 712 1493 839 1526; x_wconf 88' lang='lat' dir='ltr'>Concilii</span> <span class='ocrx_word' id='word_1_104' title='bbox 865 1493 930 1526; x_wconf 87' lang='lat' dir='ltr'>Tri-</span> 
     </span>
     <span class='ocr_line' id='line_1_26' title="bbox 274 1544 926 1591; baseline 0.005 -15"><span class='ocrx_word' id='word_1_105' title='bbox 274 1544 391 1577; x_wconf 88' lang='lat' dir='ltr'>dentini</span> <span class='ocrx_word' id='word_1_106' title='bbox 423 1550 453 1577; x_wconf 89' lang='lat' dir='ltr'>et</span> <span class='ocrx_word' id='word_1_107' title='bbox 484 1546 742 1580; x_wconf 84' lang='lat' dir='ltr'>constitutionum</span> <span class='ocrx_word' id='word_1_108' title='bbox 772 1547 926 1591; x_wconf 86' lang='lat' dir='ltr'>apostoli-</span> 
     </span>
     <span class='ocr_line' id='line_1_27' title="bbox 274 1598 715 1638; baseline 0.007 -10"><span class='ocrx_word' id='word_1_109' title='bbox 274 1607 382 1630; x_wconf 76' lang='lat' dir='ltr'>carum</span> <span class='ocrx_word' id='word_1_110' title='bbox 410 1598 614 1638; x_wconf 86' lang='lat' dir='ltr'>reducuntur,</span> <span class='ocrx_word' id='word_1_111' title='bbox 639 1599 715 1632; x_wconf 60' lang='lat'><strong>325³.</strong></span> 
     </span>
    </p>

    <p class='ocr_par' dir='ltr' id='par_1_19' title="bbox 287 1650 930 1696">
     <span class='ocr_line' id='line_1_28' title="bbox 287 1650 930 1696; baseline 0.005 -13"><span class='ocrx_word' id='word_1_112' title='bbox 287 1650 524 1684; x_wconf 79' lang='lat' dir='ltr'>Confirmantur</span> <span class='ocrx_word' id='word_1_113' title='bbox 542 1653 668 1696; x_wconf 80' lang='lat' dir='ltr'>regulae</span> <span class='ocrx_word' id='word_1_114' title='bbox 686 1659 716 1686; x_wconf 85' lang='lat' dir='ltr'>et</span> <span class='ocrx_word' id='word_1_115' title='bbox 736 1653 930 1686; x_wconf 87' lang='lat' dir='ltr'>constitutio—</span> 
     </span>
    </p>

    <p class='ocr_par' dir='ltr' id='par_1_20' title="bbox 274 1704 927 1747">
     <span class='ocr_line' id='line_1_29' title="bbox 274 1704 927 1747; baseline 0.006 -12"><span class='ocrx_word' id='word_1_116' title='bbox 274 1713 329 1736; x_wconf 87' lang='lat' dir='ltr'>nes</span> <span class='ocrx_word' id='word_1_117' title='bbox 367 1704 629 1747; x_wconf 79' lang='lat' dir='ltr'>Congregationis</span> <span class='ocrx_word' id='word_1_118' title='bbox 668 1707 805 1740; x_wconf 63' lang='lat' dir='ltr'>Montis*</span> <span class='ocrx_word' id='word_1_119' title='bbox 821 1707 927 1739; x_wconf 87' lang='lat' dir='ltr'>Libani</span> 
     </span>
    </p>

    <p class='ocr_par' dir='ltr' id='par_1_21' title="bbox 273 1757 928 1803">
     <span class='ocr_line' id='line_1_30' title="bbox 273 1757 928 1803; baseline 0.006 -14"><span class='ocrx_word' id='word_1_120' title='bbox 273 1757 502 1791; x_wconf 89' lang='lat' dir='ltr'>monachorum</span> <span class='ocrx_word' id='word_1_121' title='bbox 527 1758 677 1803; x_wconf 64' lang='lat' dir='ltr'>Syrorum</span> <span class='ocrx_word' id='word_1_122' title='bbox 704 1760 928 1793; x_wconf 79' lang='lat' dir='ltr'>Maronitarum</span> 
     </span>
    </p>

    <p class='ocr_par' dir='ltr' id='par_1_22' title="bbox 275 1809 928 1853">
     <span class='ocr_line' id='line_1_31' title="bbox 275 1809 928 1853; baseline 0.006 -11"><span class='ocrx_word' id='word_1_123' title='bbox 275 1809 400 1843; x_wconf 85' lang='lat' dir='ltr'>Ordinis</span> <span class='ocrx_word' id='word_1_124' title='bbox 424 1811 521 1844; x_wconf 86' lang='lat' dir='ltr'>sancti</span> <span class='ocrx_word' id='word_1_125' title='bbox 547 1811 675 1845; x_wconf 86' lang='lat' dir='ltr'>Antonii</span> <span class='ocrx_word' id='word_1_126' title='bbox 699 1812 829 1853; x_wconf 83' lang='lat' dir='ltr'>abbatis,</span> <span class='ocrx_word' id='word_1_127' title='bbox 854 1812 928 1846; x_wconf 69' lang='lat'><strong>327.</strong></span> 
     </span>
    </p>

    <p class='ocr_par' dir='ltr' id='par_1_23' title="bbox 185 1862 930 2228">
     <span class='ocr_line' id='line_1_32' title="bbox 185 1862 928 1911; baseline 0.008 -17"><span class='ocrx_word' id='word_1_128' title='bbox 185 1862 271 1895; x_wconf 85' lang='lat' dir='ltr'>LVII.</span> <span class='ocrx_word' id='word_1_129' title='bbox 288 1863 499 1897; x_wconf 83' lang='lat' dir='ltr'>Confirmatur</span> <span class='ocrx_word' id='word_1_130' title='bbox 516 1865 657 1899; x_wconf 79' lang='lat' dir='ltr'>fundatio</span> <span class='ocrx_word' id='word_1_131' title='bbox 670 1866 928 1911; x_wconf 84' lang='lat' dir='ltr'>Congrcgationis</span> 
     </span>
     <span class='ocr_line' id='line_1_33' title="bbox 272 1916 930 1961; baseline 0.009 -13"><span class='ocrx_word' id='word_1_132' title='bbox 272 1916 529 1961; x_wconf 73' lang='lat' dir='ltr'>presbyterorum</span> <span class='ocrx_word' id='word_1_133' title='bbox 549 1919 768 1960; x_wconf 77' lang='lat' dir='ltr'>saecularium,</span> <span class='ocrx_word' id='word_1_134' title='bbox 785 1920 849 1953; x_wconf 80' lang='lat' dir='ltr'>sive</span> <span class='ocrx_word' id='word_1_135' title='bbox 870 1921 930 1954; x_wconf 92' lang='lat' dir='ltr'>col-</span> 
     </span>
     <span class='ocr_line' id='line_1_34' title="bbox 274 1969 928 2012; baseline 0.011 -11"><span class='ocrx_word' id='word_1_136' title='bbox 274 1969 358 2012; x_wconf 81' lang='lat' dir='ltr'>legii,</span> <span class='ocrx_word' id='word_1_137' title='bbox 370 1970 428 2003; x_wconf 89' lang='lat' dir='ltr'>sub</span> <span class='ocrx_word' id='word_1_138' title='bbox 446 1971 535 2005; x_wconf 90' lang='lat' dir='ltr'>titulo</span> <span class='ocrx_word' id='word_1_139' title='bbox 550 1972 668 2006; x_wconf 79' lang='lat' dir='ltr'>Sacrae</span> <span class='ocrx_word' id='word_1_140' title='bbox 682 1973 846 2008; x_wconf 75' lang='lat' dir='ltr'>Familiae</span> <span class='ocrx_word' id='word_1_141' title='bbox 858 1975 928 2008; x_wconf 80' lang='lat' dir='ltr'>Iesu</span> 
     </span>
     <span class='ocr_line' id='line_1_35' title="bbox 277 2023 928 2069; baseline 0.005 -12"><span class='ocrx_word' id='word_1_142' title='bbox 277 2023 400 2057; x_wconf 76' lang='lat' dir='ltr'>Christi</span> <span class='ocrx_word' id='word_1_143' title='bbox 423 2024 556 2057; x_wconf 77' lang='lat' dir='ltr'>civitatis</span> <span class='ocrx_word' id='word_1_144' title='bbox 589 2026 811 2069; x_wconf 82' lang='lat' dir='ltr'>Neapolitanae</span> <span class='ocrx_word' id='word_1_145' title='bbox 844 2027 928 2061; x_wconf 78' lang='lat' dir='ltr'>iure-</span> 
     </span>
     <span class='ocr_line' id='line_1_36' title="bbox 272 2076 928 2122; baseline 0.009 -14"><span class='ocrx_word' id='word_1_146' title='bbox 272 2085 347 2109; x_wconf 87' lang='lat' dir='ltr'>num</span> <span class='ocrx_word' id='word_1_147' title='bbox 373 2076 552 2110; x_wconf 83' lang='lat' dir='ltr'>Sinensium</span> <span class='ocrx_word' id='word_1_148' title='bbox 586 2082 678 2122; x_wconf 87' lang='lat' dir='ltr'>atque</span> <span class='ocrx_word' id='word_1_149' title='bbox 707 2079 855 2113; x_wconf 81' lang='lat' dir='ltr'>Indorum</span> <span class='ocrx_word' id='word_1_150' title='bbox 882 2081 928 2114; x_wconf 89' lang='lat' dir='ltr'>in-</span> 
     </span>
     <span class='ocr_line' id='line_1_37' title="bbox 274 2130 928 2176; baseline 0.009 -14"><span class='ocrx_word' id='word_1_151' title='bbox 274 2130 498 2164; x_wconf 87' lang='lat' dir='ltr'>struendorum</span> <span class='ocrx_word' id='word_1_152' title='bbox 517 2131 553 2164; x_wconf 89' lang='lat' dir='ltr'>ad</span> <span class='ocrx_word' id='word_1_153' title='bbox 572 2132 816 2176; x_wconf 88' lang='lat' dir='ltr'>praedicandum</span> <span class='ocrx_word' id='word_1_154' title='bbox 834 2134 928 2168; x_wconf 81' lang='lat' dir='ltr'>Evan-</span> 
     </span>
     <span class='ocr_line' id='line_1_38' title="bbox 272 2183 680 2228; baseline 0.007 -12"><span class='ocrx_word' id='word_1_155' title='bbox 272 2183 388 2226; x_wconf 79' lang='lat' dir='ltr'>gelium</span> <span class='ocrx_word' id='word_1_156' title='bbox 416 2185 445 2217; x_wconf 93' lang='lat' dir='ltr'>in</span> <span class='ocrx_word' id='word_1_157' title='bbox 471 2185 581 2228; x_wconf 73' lang='lat' dir='ltr'>patria,</span> <span class='ocrx_word' id='word_1_158' title='bbox 606 2185 680 2219; x_wconf 78' lang='lat'>388.</span> 
     </span>
    </p>

    <p class='ocr_par' dir='ltr' id='par_1_24' title="bbox 185 2235 928 2703">
     <span class='ocr_line' id='line_1_39' title="bbox 185 2235 927 2286; baseline 0.008 -18"><span class='ocrx_word' id='word_1_159' title='bbox 185 2235 287 2270; x_wconf 87' lang='lat' dir='ltr'>LVIII.</span> <span class='ocrx_word' id='word_1_160' title='bbox 324 2237 367 2270; x_wconf 87' lang='lat' dir='ltr'>De</span> <span class='ocrx_word' id='word_1_161' title='bbox 397 2239 529 2272; x_wconf 87' lang='lat' dir='ltr'>consilio</span> <span class='ocrx_word' id='word_1_162' title='bbox 561 2249 668 2273; x_wconf 78' lang='lat' dir='ltr'>sacrae</span> <span class='ocrx_word' id='word_1_163' title='bbox 696 2241 927 2286; x_wconf 81' lang='lat' dir='ltr'>Congregatio-</span> 
     </span>
     <span class='ocr_line' id='line_1_40' title="bbox 271 2290 927 2336; baseline 0.009 -14"><span class='ocrx_word' id='word_1_164' title='bbox 271 2290 320 2323; x_wconf 88' lang='lat' dir='ltr'>nis</span> <span class='ocrx_word' id='word_1_165' title='bbox 337 2291 560 2336; x_wconf 81' lang='lat' dir='ltr'>cpiscoporum</span> <span class='ocrx_word' id='word_1_166' title='bbox 587 2298 617 2326; x_wconf 90' lang='lat' dir='ltr'>et</span> <span class='ocrx_word' id='word_1_167' title='bbox 641 2293 835 2336; x_wconf 81' lang='lat' dir='ltr'>regularium</span> <span class='ocrx_word' id='word_1_168' title='bbox 856 2306 927 2328; x_wconf 91' lang='lat' dir='ltr'>con-</span> 
     </span>
     <span class='ocr_line' id='line_1_41' title="bbox 272 2343 926 2392; baseline 0.008 -16"><span class='ocrx_word' id='word_1_169' title='bbox 272 2343 439 2378; x_wconf 80' lang='lat' dir='ltr'>firmantur</span> <span class='ocrx_word' id='word_1_170' title='bbox 471 2351 584 2379; x_wconf 86' lang='lat' dir='ltr'>statuta</span> <span class='ocrx_word' id='word_1_171' title='bbox 620 2352 650 2379; x_wconf 89' lang='lat' dir='ltr'>et</span> <span class='ocrx_word' id='word_1_172' title='bbox 681 2347 848 2392; x_wconf 74' lang='lat' dir='ltr'>privilegia</span> <span class='ocrx_word' id='word_1_173' title='bbox 872 2359 926 2381; x_wconf 90' lang='lat' dir='ltr'>au-</span> 
     </span>
     <span class='ocr_line' id='line_1_42' title="bbox 272 2398 928 2435; baseline 0.008 -5"><span class='ocrx_word' id='word_1_174' title='bbox 272 2398 415 2431; x_wconf 86' lang='lat' dir='ltr'>ctoritate</span> <span class='ocrx_word' id='word_1_175' title='bbox 442 2405 566 2433; x_wconf 84' lang='lat' dir='ltr'>sanctae</span> <span class='ocrx_word' id='word_1_176' title='bbox 602 2401 775 2434; x_wconf 84' lang='lat' dir='ltr'>memoriae</span> <span class='ocrx_word' id='word_1_177' title='bbox 800 2402 928 2435; x_wconf 74' lang='lat' dir='ltr'>Benedi-</span> 
     </span>
     <span class='ocr_line' id='line_1_43' title="bbox 272 2446 926 2497; baseline 0.008 -14"><span class='ocrx_word' id='word_1_178' title='bbox 272 2451 312 2484; x_wconf 87' lang='lat' dir='ltr'>cti</span> <span class='ocrx_word' id='word_1_179' title='bbox 345 2446 410 2485; x_wconf 85' lang='lat' dir='ltr'>XIII</span> <span class='ocrx_word' id='word_1_180' title='bbox 448 2453 531 2486; x_wconf 86' lang='lat' dir='ltr'>edita</span> <span class='ocrx_word' id='word_1_181' title='bbox 556 2464 573 2486; x_wconf 85' lang='lat' dir='ltr'>a</span> <span class='ocrx_word' id='word_1_182' title='bbox 599 2454 752 2497; x_wconf 80' lang='lat' dir='ltr'>magistro</span> <span class='ocrx_word' id='word_1_183' title='bbox 787 2456 926 2497; x_wconf 82' lang='lat' dir='ltr'>generali</span> 
     </span>
     <span class='ocr_line' id='line_1_44' title="bbox 272 2503 928 2551; baseline 0.011 -16"><span class='ocrx_word' id='word_1_184' title='bbox 272 2503 398 2537; x_wconf 87' lang='lat' dir='ltr'>Ordinis</span> <span class='ocrx_word' id='word_1_185' title='bbox 423 2504 682 2539; x_wconf 77' lang='lat' dir='ltr'>Praedicatorum</span> <span class='ocrx_word' id='word_1_186' title='bbox 702 2518 761 2551; x_wconf 91' lang='lat' dir='ltr'>pro</span> <span class='ocrx_word' id='word_1_187' title='bbox 779 2508 928 2542; x_wconf 63' lang='lat' dir='ltr'>cathedra</span> 
     </span>
     <span class='ocr_line' id='line_1_45' title="bbox 272 2556 928 2603; baseline 0.011 -15"><span class='ocrx_word' id='word_1_188' title='bbox 272 2556 302 2588; x_wconf 91' lang='lat' dir='ltr'>S.</span> <span class='ocrx_word' id='word_1_189' title='bbox 330 2557 469 2590; x_wconf 86' lang='lat' dir='ltr'>Thomae</span> <span class='ocrx_word' id='word_1_190' title='bbox 494 2559 678 2602; x_wconf 67' lang='lat' dir='ltr'>Aquinafis,</span> <span class='ocrx_word' id='word_1_191' title='bbox 704 2570 762 2603; x_wconf 88' lang='lat' dir='ltr'>per</span> <span class='ocrx_word' id='word_1_192' title='bbox 786 2561 928 2595; x_wconf 84' lang='lat' dir='ltr'>sacerdo-</span> 
     </span>
     <span class='ocr_line' id='line_1_46' title="bbox 273 2610 928 2659; baseline 0.009 -17"><span class='ocrx_word' id='word_1_193' title='bbox 273 2615 318 2643; x_wconf 85' lang='lat' dir='ltr'>tes</span> <span class='ocrx_word' id='word_1_194' title='bbox 342 2610 600 2655; x_wconf 82' lang='lat' dir='ltr'>Congregationis</span> <span class='ocrx_word' id='word_1_195' title='bbox 627 2612 660 2645; x_wconf 89' lang='lat' dir='ltr'>B.</span> <span class='ocrx_word' id='word_1_196' title='bbox 688 2613 803 2648; x_wconf 85' lang='lat' dir='ltr'>Mariae</span> <span class='ocrx_word' id='word_1_197' title='bbox 830 2614 928 2659; x_wconf 84' lang='lat' dir='ltr'>Virgi-</span> 
     </span>
     <span class='ocr_line' id='line_1_47' title="bbox 270 2664 925 2703; baseline 0.011 -7"><span class='ocrx_word' id='word_1_198' title='bbox 270 2664 320 2697; x_wconf 85' lang='lat' dir='ltr'>nis</span> <span class='ocrx_word' id='word_1_199' title='bbox 345 2670 372 2698; x_wconf 87' lang='lat' dir='ltr'>et</span> <span class='ocrx_word' id='word_1_200' title='bbox 390 2664 419 2699; x_wconf 86' lang='lat' dir='ltr'>S.</span> <span class='ocrx_word' id='word_1_201' title='bbox 442 2665 543 2700; x_wconf 81' lang='lat' dir='ltr'>Caroli</span> <span class='ocrx_word' id='word_1_202' title='bbox 562 2666 600 2700; x_wconf 87' lang='lat' dir='ltr'>ad</span> <span class='ocrx_word' id='word_1_203' title='bbox 618 2667 925 2703; x_wconf 85' lang='lat' dir='ltr'>commendationem</span> 
     </span>
    </p>
   </div>
   <div class='ocr_carea' id='block_1_4' title="bbox 188 743 266 777">
    <p class='ocr_par' dir='ltr' id='par_1_25' title="bbox 188 743 266 777">
     <span class='ocr_line' id='line_1_48' title="bbox 188 743 266 777; baseline 0.013 -1"><span class='ocrx_word' id='word_1_204' title='bbox 188 743 266 777; x_wconf 92' lang='lat' dir='ltr'>LIII.</span> 
     </span>
    </p>
   </div>
   <div class='ocr_carea' id='block_1_5' title="bbox 186 1649 259 1683">
    <p class='ocr_par' dir='ltr' id='par_1_26' title="bbox 186 1649 259 1683">
     <span class='ocr_line' id='line_1_49' title="bbox 186 1649 259 1683; baseline 0.014 -1"><span class='ocrx_word' id='word_1_205' title='bbox 186 1649 259 1683; x_wconf 87' lang='lat' dir='ltr'>LVI.</span> 
     </span>
    </p>
   </div>
   <div class='ocr_carea' id='block_1_6' title="bbox 951 426 960 2599">
    <p class='ocr_par' dir='ltr' id='par_1_27' title="bbox 951 426 960 2599">
     <span class='ocr_line' id='line_1_50' title="bbox 951 426 960 2599; baseline 0 0"><span class='ocrx_word' id='word_1_206' title='bbox 951 426 960 2599; x_wconf 95' lang='lat' dir='ltr'> </span> 
     </span>
    </p>
   </div>
   <div class='ocr_carea' id='block_1_7' title="bbox 1619 259 1683 294">
    <p class='ocr_par' dir='ltr' id='par_1_28' title="bbox 1619 259 1683 294">
     <span class='ocr_line' id='line_1_51' title="bbox 1619 259 1683 294; baseline 0.016 -1"><span class='ocrx_word' id='word_1_207' title='bbox 1619 259 1683 294; x_wconf 77' lang='lat'>569</span> 
     </span>
    </p>
   </div>
   <div class='ocr_carea' id='block_1_8' title="bbox 979 321 1729 2703">
    <p class='ocr_par' dir='ltr' id='par_1_29' title="bbox 1072 321 1729 469">
     <span class='ocr_line' id='line_1_52' title="bbox 1072 321 1728 365; baseline 0.005 -13"><span class='ocrx_word' id='word_1_208' title='bbox 1072 321 1234 352; x_wconf 78' lang='lat' dir='ltr'>doctiinae</span> <span class='ocrx_word' id='word_1_209' title='bbox 1267 326 1449 354; x_wconf 77' lang='lat' dir='ltr'>sanctorum</span> <span class='ocrx_word' id='word_1_210' title='bbox 1476 327 1600 365; x_wconf 75' lang='lat' dir='ltr'>patrum</span> <span class='ocrx_word' id='word_1_211' title='bbox 1625 325 1728 365; x_wconf 72' lang='lat' dir='ltr'>Augu-</span> 
     </span>
     <span class='ocr_line' id='line_1_53' title="bbox 1072 373 1729 409; baseline 0.006 -4"><span class='ocrx_word' id='word_1_212' title='bbox 1072 373 1143 405; x_wconf 80' lang='lat' dir='ltr'>stini</span> <span class='ocrx_word' id='word_1_213' title='bbox 1169 378 1199 405; x_wconf 87' lang='lat' dir='ltr'>et</span> <span class='ocrx_word' id='word_1_214' title='bbox 1222 373 1359 407; x_wconf 86' lang='lat' dir='ltr'>Thomae</span> <span class='ocrx_word' id='word_1_215' title='bbox 1385 374 1414 406; x_wconf 93' lang='lat' dir='ltr'>in</span> <span class='ocrx_word' id='word_1_216' title='bbox 1440 374 1642 408; x_wconf 78' lang='lat' dir='ltr'>universitate</span> <span class='ocrx_word' id='word_1_217' title='bbox 1667 376 1729 409; x_wconf 85' lang='lat' dir='ltr'>Mu-</span> 
     </span>
     <span class='ocr_line' id='line_1_54' title="bbox 1072 426 1576 469; baseline 0.006 -12"><span class='ocrx_word' id='word_1_218' title='bbox 1072 426 1185 458; x_wconf 85' lang='lat' dir='ltr'>tinensi</span> <span class='ocrx_word' id='word_1_219' title='bbox 1212 426 1334 469; x_wconf 82' lang='lat' dir='ltr'>pridem</span> <span class='ocrx_word' id='word_1_220' title='bbox 1361 430 1475 467; x_wconf 72' lang='lat' dir='ltr'>erecta,</span> <span class='ocrx_word' id='word_1_221' title='bbox 1500 427 1576 461; x_wconf 76' lang='lat'>390.</span> 
     </span>
    </p>

    <p class='ocr_par' dir='ltr' id='par_1_30' title="bbox 984 477 1728 892">
     <span class='ocr_line' id='line_1_55' title="bbox 984 477 1726 527; baseline 0.007 -17"><span class='ocrx_word' id='word_1_222' title='bbox 984 477 1062 511; x_wconf 79' lang='lat' dir='ltr'>le.</span> <span class='ocrx_word' id='word_1_223' title='bbox 1089 478 1300 513; x_wconf 74' lang='lat' dir='ltr'>Coum-matur</span> <span class='ocrx_word' id='word_1_224' title='bbox 1320 480 1480 514; x_wconf 72' lang='lat' dir='ltr'>decretum</span> <span class='ocrx_word' id='word_1_225' title='bbox 1499 481 1726 527; x_wconf 71' lang='lat' dir='ltr'>Congrogatio-</span> 
     </span>
     <span class='ocr_line' id='line_1_56' title="bbox 1072 532 1727 575; baseline 0.009 -12"><span class='ocrx_word' id='word_1_226' title='bbox 1072 532 1120 564; x_wconf 89' lang='lat' dir='ltr'>nis</span> <span class='ocrx_word' id='word_1_227' title='bbox 1145 532 1367 575; x_wconf 81' lang='lat' dir='ltr'>particularis,</span> <span class='ocrx_word' id='word_1_228' title='bbox 1391 545 1407 566; x_wconf 91' lang='lat' dir='ltr'>a</span> <span class='ocrx_word' id='word_1_229' title='bbox 1439 535 1638 568; x_wconf 73' lang='lat' dir='ltr'>sanctissimo</span> <span class='ocrx_word' id='word_1_230' title='bbox 1670 536 1727 569; x_wconf 92' lang='lat' dir='ltr'>do-</span> 
     </span>
     <span class='ocr_line' id='line_1_57' title="bbox 1072 585 1727 632; baseline 0.009 -16"><span class='ocrx_word' id='word_1_231' title='bbox 1072 585 1156 617; x_wconf 87' lang='lat' dir='ltr'>mino</span> <span class='ocrx_word' id='word_1_232' title='bbox 1175 591 1282 618; x_wconf 66' lang='lat' dir='ltr'>nostro</span> <span class='ocrx_word' id='word_1_233' title='bbox 1303 586 1479 630; x_wconf 58' lang='lat' dir='ltr'>deputatae,</span> <span class='ocrx_word' id='word_1_234' title='bbox 1501 599 1595 632; x_wconf 81' lang='lat' dir='ltr'>super</span> <span class='ocrx_word' id='word_1_235' title='bbox 1619 590 1727 622; x_wconf 83' lang='lat' dir='ltr'>obser-</span> 
     </span>
     <span class='ocr_line' id='line_1_58' title="bbox 1073 639 1728 684; baseline 0.011 -16"><span class='ocrx_word' id='word_1_236' title='bbox 1073 639 1173 670; x_wconf 75' lang='lat' dir='ltr'>vantia</span> <span class='ocrx_word' id='word_1_237' title='bbox 1202 640 1461 673; x_wconf 55' lang='lat' dir='ltr'>constitutionum</span> <span class='ocrx_word' id='word_1_238' title='bbox 1488 642 1673 684; x_wconf 78' lang='lat' dir='ltr'>AEgidianae</span> <span class='ocrx_word' id='word_1_239' title='bbox 1699 647 1728 676; x_wconf 82' lang='lat' dir='ltr'>et</span> 
     </span>
     <span class='ocr_line' id='line_1_59' title="bbox 1072 690 1727 734; baseline 0.009 -12"><span class='ocrx_word' id='word_1_240' title='bbox 1072 690 1247 734; x_wconf 77' lang='lat' dir='ltr'>Carpensis,</span> <span class='ocrx_word' id='word_1_241' title='bbox 1266 698 1294 724; x_wconf 92' lang='lat' dir='ltr'>et</span> <span class='ocrx_word' id='word_1_242' title='bbox 1319 694 1512 727; x_wconf 53' lang='lat' dir='ltr'>exhibitione</span> <span class='ocrx_word' id='word_1_243' title='bbox 1531 700 1559 728; x_wconf 91' lang='lat' dir='ltr'>et</span> <span class='ocrx_word' id='word_1_244' title='bbox 1576 696 1727 728; x_wconf 75' lang='lat' dir='ltr'>archiria-</span> 
     </span>
     <span class='ocr_line' id='line_1_60' title="bbox 1071 744 1727 791; baseline 0.009 -15"><span class='ocrx_word' id='word_1_245' title='bbox 1071 744 1154 777; x_wconf 89' lang='lat' dir='ltr'>tione</span> <span class='ocrx_word' id='word_1_246' title='bbox 1180 745 1460 780; x_wconf 79' lang='lat' dir='ltr'>instrumentorum</span> <span class='ocrx_word' id='word_1_247' title='bbox 1494 759 1552 791; x_wconf 83' lang='lat' dir='ltr'>pro</span> <span class='ocrx_word' id='word_1_248' title='bbox 1577 759 1727 782; x_wconf 88' lang='lat' dir='ltr'>commu-</span> 
     </span>
     <span class='ocr_line' id='line_1_61' title="bbox 1070 797 1727 846; baseline 0.011 -17"><span class='ocrx_word' id='word_1_249' title='bbox 1070 797 1220 831; x_wconf 84' lang='lat' dir='ltr'>nitatibus</span> <span class='ocrx_word' id='word_1_250' title='bbox 1254 804 1283 831; x_wconf 90' lang='lat' dir='ltr'>et</span> <span class='ocrx_word' id='word_1_251' title='bbox 1308 800 1564 834; x_wconf 74' lang='lat' dir='ltr'>universitatibus</span> <span class='ocrx_word' id='word_1_252' title='bbox 1596 803 1727 846; x_wconf 76' lang='lat' dir='ltr'>provin-</span> 
     </span>
     <span class='ocr_line' id='line_1_62' title="bbox 1071 851 1433 892; baseline 0.006 -9"><span class='ocrx_word' id='word_1_253' title='bbox 1071 852 1136 884; x_wconf 90' lang='lat' dir='ltr'>ciae</span> <span class='ocrx_word' id='word_1_254' title='bbox 1161 851 1335 892; x_wconf 76' lang='lat' dir='ltr'>lllarchiae,</span> <span class='ocrx_word' id='word_1_255' title='bbox 1359 852 1433 885; x_wconf 72' lang='lat'>395.</span> 
     </span>
    </p>

    <p class='ocr_par' dir='ltr' id='par_1_31' title="bbox 983 904 1727 1317">
     <span class='ocr_line' id='line_1_63' title="bbox 983 904 1727 941; baseline 0.005 -4"><span class='ocrx_word' id='word_1_256' title='bbox 983 904 1043 937; x_wconf 77' lang='lat' dir='ltr'>Lx.</span> <span class='ocrx_word' id='word_1_257' title='bbox 1071 904 1282 938; x_wconf 79' lang='lat' dir='ltr'>Confirmatur</span> <span class='ocrx_word' id='word_1_258' title='bbox 1311 905 1472 939; x_wconf 84' lang='lat' dir='ltr'>decretum</span> <span class='ocrx_word' id='word_1_259' title='bbox 1498 907 1536 939; x_wconf 86' lang='lat' dir='ltr'>ab</span> <span class='ocrx_word' id='word_1_260' title='bbox 1561 907 1672 940; x_wconf 80' lang='lat' dir='ltr'>abbate</span> <span class='ocrx_word' id='word_1_261' title='bbox 1697 914 1727 941; x_wconf 87' lang='lat' dir='ltr'>et</span> 
     </span>
     <span class='ocr_line' id='line_1_64' title="bbox 1071 958 1726 1002; baseline 0.006 -12"><span class='ocrx_word' id='word_1_262' title='bbox 1071 958 1261 991; x_wconf 80' lang='lat' dir='ltr'>ot&#39;ticialibus</span> <span class='ocrx_word' id='word_1_263' title='bbox 1286 959 1547 1002; x_wconf 86' lang='lat' dir='ltr'>Congregationis</span> <span class='ocrx_word' id='word_1_264' title='bbox 1579 961 1726 994; x_wconf 81' lang='lat' dir='ltr'>ecclesia-</span> 
     </span>
     <span class='ocr_line' id='line_1_65' title="bbox 1072 1012 1726 1048; baseline 0.006 -5"><span class='ocrx_word' id='word_1_265' title='bbox 1072 1012 1167 1044; x_wconf 83' lang='lat' dir='ltr'>sticae</span> <span class='ocrx_word' id='word_1_266' title='bbox 1202 1012 1259 1045; x_wconf 88' lang='lat' dir='ltr'>sub</span> <span class='ocrx_word' id='word_1_267' title='bbox 1291 1012 1489 1046; x_wconf 84' lang='lat' dir='ltr'>invocatione</span> <span class='ocrx_word' id='word_1_268' title='bbox 1517 1013 1548 1047; x_wconf 89' lang='lat' dir='ltr'>S.</span> <span class='ocrx_word' id='word_1_269' title='bbox 1577 1014 1657 1047; x_wconf 88' lang='lat' dir='ltr'>Petri</span> <span class='ocrx_word' id='word_1_270' title='bbox 1695 1015 1726 1048; x_wconf 91' lang='lat' dir='ltr'>in</span> 
     </span>
     <span class='ocr_line' id='line_1_66' title="bbox 1072 1065 1727 1100; baseline 0.006 -4"><span class='ocrx_word' id='word_1_271' title='bbox 1072 1071 1225 1098; x_wconf 89' lang='lat' dir='ltr'>conventu</span> <span class='ocrx_word' id='word_1_272' title='bbox 1250 1065 1302 1099; x_wconf 86' lang='lat' dir='ltr'>SS.</span> <span class='ocrx_word' id='word_1_273' title='bbox 1322 1066 1482 1099; x_wconf 85' lang='lat' dir='ltr'>Trinitatis</span> <span class='ocrx_word' id='word_1_274' title='bbox 1500 1066 1660 1100; x_wconf 76' lang='lat' dir='ltr'>lllexicano</span> <span class='ocrx_word' id='word_1_275' title='bbox 1677 1078 1727 1100; x_wconf 85' lang='lat' dir='ltr'>ca-</span> 
     </span>
     <span class='ocr_line' id='line_1_67' title="bbox 1071 1118 1726 1161; baseline 0.006 -11"><span class='ocrx_word' id='word_1_276' title='bbox 1071 1118 1183 1151; x_wconf 81' lang='lat' dir='ltr'>nonice</span> <span class='ocrx_word' id='word_1_277' title='bbox 1208 1124 1331 1152; x_wconf 82' lang='lat' dir='ltr'>erectae</span> <span class='ocrx_word' id='word_1_278' title='bbox 1355 1119 1490 1161; x_wconf 89' lang='lat' dir='ltr'>editum,</span> <span class='ocrx_word' id='word_1_279' title='bbox 1516 1130 1554 1153; x_wconf 87' lang='lat' dir='ltr'>ne</span> <span class='ocrx_word' id='word_1_280' title='bbox 1586 1121 1726 1154; x_wconf 87' lang='lat' dir='ltr'>mulieri-</span> 
     </span>
     <span class='ocr_line' id='line_1_68' title="bbox 1071 1171 1724 1218; baseline 0.005 -14"><span class='ocrx_word' id='word_1_281' title='bbox 1071 1171 1129 1204; x_wconf 85' lang='lat' dir='ltr'>bus</span> <span class='ocrx_word' id='word_1_282' title='bbox 1151 1172 1180 1204; x_wconf 94' lang='lat' dir='ltr'>in</span> <span class='ocrx_word' id='word_1_283' title='bbox 1206 1182 1317 1205; x_wconf 89' lang='lat' dir='ltr'>eorum</span> <span class='ocrx_word' id='word_1_284' title='bbox 1344 1173 1531 1217; x_wconf 81' lang='lat' dir='ltr'>collegium,</span> <span class='ocrx_word' id='word_1_285' title='bbox 1557 1174 1724 1218; x_wconf 79' lang='lat' dir='ltr'>hospitale⁷</span> 
     </span>
     <span class='ocr_line' id='line_1_69' title="bbox 1071 1224 1722 1271; baseline 0.006 -14"><span class='ocrx_word' id='word_1_286' title='bbox 1071 1224 1183 1258; x_wconf 81' lang='lat' dir='ltr'>domus</span> <span class='ocrx_word' id='word_1_287' title='bbox 1216 1231 1245 1258; x_wconf 87' lang='lat' dir='ltr'>et</span> <span class='ocrx_word' id='word_1_288' title='bbox 1281 1226 1491 1260; x_wconf 85' lang='lat' dir='ltr'>habitationes</span> <span class='ocrx_word' id='word_1_289' title='bbox 1527 1231 1629 1271; x_wconf 87' lang='lat' dir='ltr'>pateat</span> <span class='ocrx_word' id='word_1_290' title='bbox 1654 1228 1722 1261; x_wconf 85' lang='lat' dir='ltr'>adi-</span> 
     </span>
     <span class='ocr_line' id='line_1_70' title="bbox 1072 1278 1230 1317; baseline 0 -6"><span class='ocrx_word' id='word_1_291' title='bbox 1072 1281 1129 1317; x_wconf 87' lang='lat' dir='ltr'>tus,</span> <span class='ocrx_word' id='word_1_292' title='bbox 1154 1278 1230 1311; x_wconf 81' lang='lat'><strong>397.</strong></span> 
     </span>
    </p>

    <p class='ocr_par' dir='ltr' id='par_1_32' title="bbox 982 1329 1726 1746">
     <span class='ocr_line' id='line_1_71' title="bbox 982 1329 1724 1376; baseline 0.007 -14"><span class='ocrx_word' id='word_1_293' title='bbox 982 1329 1057 1363; x_wconf 81' lang='lat' dir='ltr'>LXI.</span> <span class='ocrx_word' id='word_1_294' title='bbox 1083 1330 1297 1364; x_wconf 82' lang='lat' dir='ltr'>Confirmatur</span> <span class='ocrx_word' id='word_1_295' title='bbox 1314 1331 1476 1365; x_wconf 87' lang='lat' dir='ltr'>decretum</span> <span class='ocrx_word' id='word_1_296' title='bbox 1495 1332 1724 1376; x_wconf 77' lang='lat' dir='ltr'>Congrcgatio-</span> 
     </span>
     <span class='ocr_line' id='line_1_72' title="bbox 1070 1384 1726 1430; baseline 0.006 -15"><span class='ocrx_word' id='word_1_297' title='bbox 1070 1384 1117 1415; x_wconf 87' lang='lat' dir='ltr'>nis</span> <span class='ocrx_word' id='word_1_298' title='bbox 1142 1384 1365 1428; x_wconf 86' lang='lat' dir='ltr'>episcoporum</span> <span class='ocrx_word' id='word_1_299' title='bbox 1391 1390 1421 1418; x_wconf 89' lang='lat' dir='ltr'>et</span> <span class='ocrx_word' id='word_1_300' title='bbox 1440 1386 1647 1428; x_wconf 84' lang='lat' dir='ltr'>regularium,</span> <span class='ocrx_word' id='word_1_301' title='bbox 1663 1397 1726 1430; x_wconf 82' lang='lat' dir='ltr'>quo</span> 
     </span>
     <span class='ocr_line' id='line_1_73' title="bbox 1070 1437 1725 1484; baseline 0.006 -15"><span class='ocrx_word' id='word_1_302' title='bbox 1070 1437 1278 1471; x_wconf 82' lang='lat' dir='ltr'>confirmatur</span> <span class='ocrx_word' id='word_1_303' title='bbox 1296 1439 1447 1472; x_wconf 89' lang='lat' dir='ltr'>resolutio</span> <span class='ocrx_word' id='word_1_304' title='bbox 1463 1440 1577 1483; x_wconf 91' lang='lat' dir='ltr'>nuperi</span> <span class='ocrx_word' id='word_1_305' title='bbox 1598 1440 1725 1484; x_wconf 87' lang='lat' dir='ltr'>capituli</span> 
     </span>
     <span class='ocr_line' id='line_1_74' title="bbox 1069 1491 1724 1534; baseline 0.005 -11"><span class='ocrx_word' id='word_1_306' title='bbox 1069 1491 1227 1534; x_wconf 86' lang='lat' dir='ltr'>generalis</span> <span class='ocrx_word' id='word_1_307' title='bbox 1263 1491 1389 1526; x_wconf 88' lang='lat' dir='ltr'>Ordinis</span> <span class='ocrx_word' id='word_1_308' title='bbox 1422 1492 1724 1527; x_wconf 83' lang='lat' dir='ltr'>Bethlehemitarum</span> 
     </span>
     <span class='ocr_line' id='line_1_75' title="bbox 1071 1544 1725 1587; baseline 0.006 -12"><span class='ocrx_word' id='word_1_309' title='bbox 1071 1544 1100 1575; x_wconf 89' lang='lat' dir='ltr'>iu</span> <span class='ocrx_word' id='word_1_310' title='bbox 1126 1544 1220 1576; x_wconf 86' lang='lat' dir='ltr'>Indiis</span> <span class='ocrx_word' id='word_1_311' title='bbox 1244 1545 1516 1587; x_wconf 81' lang='lat' dir='ltr'>occidentalilms⁷</span> <span class='ocrx_word' id='word_1_312' title='bbox 1542 1551 1575 1578; x_wconf 87' lang='lat' dir='ltr'>ut</span> <span class='ocrx_word' id='word_1_313' title='bbox 1606 1546 1725 1579; x_wconf 75' lang='lat' dir='ltr'>officia-</span> 
     </span>
     <span class='ocr_line' id='line_1_76' title="bbox 1070 1596 1726 1643; baseline 0.006 -15"><span class='ocrx_word' id='word_1_314' title='bbox 1070 1596 1145 1629; x_wconf 90' lang='lat' dir='ltr'>lium</span> <span class='ocrx_word' id='word_1_315' title='bbox 1171 1597 1282 1630; x_wconf 84' lang='lat' dir='ltr'>electio</span> <span class='ocrx_word' id='word_1_316' title='bbox 1304 1598 1334 1630; x_wconf 92' lang='lat' dir='ltr'>in</span> <span class='ocrx_word' id='word_1_317' title='bbox 1352 1600 1539 1642; x_wconf 70' lang='lat' dir='ltr'>unaquaque</span> <span class='ocrx_word' id='word_1_318' title='bbox 1557 1598 1652 1632; x_wconf 90' lang='lat' dir='ltr'>domo</span> <span class='ocrx_word' id='word_1_319' title='bbox 1669 1610 1726 1643; x_wconf 87' lang='lat' dir='ltr'>per</span> 
     </span>
     <span class='ocr_line' id='line_1_77' title="bbox 1069 1651 1725 1697; baseline 0.005 -15"><span class='ocrx_word' id='word_1_320' title='bbox 1069 1651 1262 1694; x_wconf 84' lang='lat' dir='ltr'>praesectum</span> <span class='ocrx_word' id='word_1_321' title='bbox 1282 1657 1311 1684; x_wconf 86' lang='lat' dir='ltr'>et</span> <span class='ocrx_word' id='word_1_322' title='bbox 1330 1658 1465 1696; x_wconf 79' lang='lat' dir='ltr'>quatuor</span> <span class='ocrx_word' id='word_1_323' title='bbox 1482 1653 1664 1686; x_wconf 76' lang='lat' dir='ltr'>definitores</span> <span class='ocrx_word' id='word_1_324' title='bbox 1678 1664 1725 1697; x_wconf 84' lang='lat' dir='ltr'>ge-</span> 
     </span>
     <span class='ocr_line' id='line_1_78' title="bbox 1069 1705 1378 1746; baseline 0.006 -10"><span class='ocrx_word' id='word_1_325' title='bbox 1069 1705 1191 1738; x_wconf 82' lang='lat' dir='ltr'>nerales</span> <span class='ocrx_word' id='word_1_326' title='bbox 1217 1705 1279 1746; x_wconf 80' lang='lat' dir='ltr'>fiai,</span> <span class='ocrx_word' id='word_1_327' title='bbox 1304 1705 1378 1739; x_wconf 65' lang='lat'><em>5308.</em></span> 
     </span>
    </p>

    <p class='ocr_par' dir='ltr' id='par_1_33' title="bbox 981 1757 1724 2067">
     <span class='ocr_line' id='line_1_79' title="bbox 981 1757 1724 1803; baseline 0.001 -13"><span class='ocrx_word' id='word_1_328' title='bbox 981 1757 1070 1790; x_wconf 84' lang='lat' dir='ltr'>LXII.</span> <span class='ocrx_word' id='word_1_329' title='bbox 1099 1758 1273 1792; x_wconf 84' lang='lat' dir='ltr'>Declaratio</span> <span class='ocrx_word' id='word_1_330' title='bbox 1297 1759 1380 1803; x_wconf 83' lang='lat' dir='ltr'>quod</span> <span class='ocrx_word' id='word_1_331' title='bbox 1407 1760 1587 1803; x_wconf 83' lang='lat' dir='ltr'>provinciae</span> <span class='ocrx_word' id='word_1_332' title='bbox 1609 1760 1724 1794; x_wconf 74' lang='lat' dir='ltr'>Galliae</span> 
     </span>
     <span class='ocr_line' id='line_1_80' title="bbox 1068 1813 1722 1847; baseline 0.005 -3"><span class='ocrx_word' id='word_1_333' title='bbox 1068 1822 1104 1845; x_wconf 87' lang='lat' dir='ltr'>ac</span> <span class='ocrx_word' id='word_1_334' title='bbox 1129 1818 1299 1845; x_wconf 79' lang='lat' dir='ltr'>conventus</span> <span class='ocrx_word' id='word_1_335' title='bbox 1317 1813 1349 1846; x_wconf 87' lang='lat' dir='ltr'>B.</span> <span class='ocrx_word' id='word_1_336' title='bbox 1370 1813 1485 1847; x_wconf 86' lang='lat' dir='ltr'>Mariae</span> <span class='ocrx_word' id='word_1_337' title='bbox 1502 1814 1722 1847; x_wconf 78' lang='lat' dir='ltr'>Miraculorum</span> 
     </span>
     <span class='ocr_line' id='line_1_81' title="bbox 1069 1866 1721 1901; baseline 0.002 -2"><span class='ocrx_word' id='word_1_338' title='bbox 1069 1866 1106 1899; x_wconf 84' lang='lat' dir='ltr'>de</span> <span class='ocrx_word' id='word_1_339' title='bbox 1132 1866 1214 1899; x_wconf 88' lang='lat' dir='ltr'>Urbe</span> <span class='ocrx_word' id='word_1_340' title='bbox 1240 1866 1334 1899; x_wconf 82' lang='lat' dir='ltr'>Tertii</span> <span class='ocrx_word' id='word_1_341' title='bbox 1361 1866 1486 1900; x_wconf 86' lang='lat' dir='ltr'>Ordinis</span> <span class='ocrx_word' id='word_1_342' title='bbox 1503 1868 1601 1900; x_wconf 81' lang='lat' dir='ltr'>sancti</span> <span class='ocrx_word' id='word_1_343' title='bbox 1620 1867 1721 1901; x_wconf 84' lang='lat' dir='ltr'>Fran-</span> 
     </span>
     <span class='ocr_line' id='line_1_82' title="bbox 1070 1919 1724 1963; baseline 0.003 -12"><span class='ocrx_word' id='word_1_344' title='bbox 1070 1919 1143 1952; x_wconf 79' lang='lat' dir='ltr'>cisci</span> <span class='ocrx_word' id='word_1_345' title='bbox 1169 1920 1480 1963; x_wconf 82' lang='lat' dir='ltr'>comprehendantur</span> <span class='ocrx_word' id='word_1_346' title='bbox 1497 1920 1527 1952; x_wconf 92' lang='lat' dir='ltr'>in</span> <span class='ocrx_word' id='word_1_347' title='bbox 1545 1920 1634 1953; x_wconf 77' lang='lat' dir='ltr'>Brevi</span> <span class='ocrx_word' id='word_1_348' title='bbox 1655 1931 1724 1953; x_wconf 77' lang='lat' dir='ltr'>san-</span> 
     </span>
     <span class='ocr_line' id='line_1_83' title="bbox 1070 1973 1723 2007; baseline 0.002 -1"><span class='ocrx_word' id='word_1_349' title='bbox 1070 1973 1200 2006; x_wconf 78' lang='lat' dir='ltr'>ctissimi</span> <span class='ocrx_word' id='word_1_350' title='bbox 1237 1973 1355 2006; x_wconf 91' lang='lat' dir='ltr'>domini</span> <span class='ocrx_word' id='word_1_351' title='bbox 1392 1974 1492 2007; x_wconf 85' lang='lat' dir='ltr'>nostri</span> <span class='ocrx_word' id='word_1_352' title='bbox 1529 1974 1613 2007; x_wconf 87' lang='lat' dir='ltr'>circa</span> <span class='ocrx_word' id='word_1_353' title='bbox 1645 1974 1723 2007; x_wconf 53' lang='lat' dir='ltr'>vias&lt;</span> 
     </span>
     <span class='ocr_line' id='line_1_84' title="bbox 1069 2026 1377 2067; baseline 0.003 -8"><span class='ocrx_word' id='word_1_354' title='bbox 1069 2027 1182 2067; x_wconf 63' lang='lat' dir='ltr'>crucis,</span> <span class='ocrx_word' id='word_1_355' title='bbox 1208 2032 1277 2067; x_wconf 58' lang='lat' dir='ltr'>etc„</span> <span class='ocrx_word' id='word_1_356' title='bbox 1303 2026 1377 2060; x_wconf 65' lang='lat'>400.</span> 
     </span>
    </p>

    <p class='ocr_par' dir='ltr' id='par_1_34' title="bbox 980 2080 1724 2497">
     <span class='ocr_line' id='line_1_85' title="bbox 980 2080 1724 2124; baseline 0.001 -11"><span class='ocrx_word' id='word_1_357' title='bbox 980 2080 1079 2114; x_wconf 74' lang='lat' dir='ltr'>LXIII.</span> <span class='ocrx_word' id='word_1_358' title='bbox 1107 2080 1318 2115; x_wconf 81' lang='lat' dir='ltr'>Confirmatur</span> <span class='ocrx_word' id='word_1_359' title='bbox 1351 2081 1513 2115; x_wconf 81' lang='lat' dir='ltr'>decretum</span> <span class='ocrx_word' id='word_1_360' title='bbox 1547 2081 1724 2124; x_wconf 76' lang='lat' dir='ltr'>Congrega—</span> 
     </span>
     <span class='ocr_line' id='line_1_86' title="bbox 1069 2134 1720 2178; baseline -0.002 -11"><span class='ocrx_word' id='word_1_361' title='bbox 1069 2134 1161 2167; x_wconf 87' lang='lat' dir='ltr'>tionis</span> <span class='ocrx_word' id='word_1_362' title='bbox 1196 2134 1420 2178; x_wconf 84' lang='lat' dir='ltr'>episcoporum</span> <span class='ocrx_word' id='word_1_363' title='bbox 1461 2139 1491 2166; x_wconf 82' lang='lat' dir='ltr'>et</span> <span class='ocrx_word' id='word_1_364' title='bbox 1526 2134 1720 2176; x_wconf 84' lang='lat' dir='ltr'>regularium</span> 
     </span>
     <span class='ocr_line' id='line_1_87' title="bbox 1068 2187 1722 2232; baseline -0.002 -12"><span class='ocrx_word' id='word_1_365' title='bbox 1068 2198 1163 2232; x_wconf 86' lang='lat' dir='ltr'>super</span> <span class='ocrx_word' id='word_1_366' title='bbox 1188 2187 1340 2220; x_wconf 84' lang='lat' dir='ltr'>divisione</span> <span class='ocrx_word' id='word_1_367' title='bbox 1372 2187 1555 2231; x_wconf 68' lang='lat' dir='ltr'>provinciae</span> <span class='ocrx_word' id='word_1_368' title='bbox 1580 2188 1722 2220; x_wconf 71' lang='lat' dir='ltr'>Austriae</span> 
     </span>
     <span class='ocr_line' id='line_1_88' title="bbox 1070 2240 1720 2274; baseline -0.002 -1"><span class='ocrx_word' id='word_1_369' title='bbox 1070 2241 1227 2274; x_wconf 78' lang='lat' dir='ltr'>inferioris</span> <span class='ocrx_word' id='word_1_370' title='bbox 1252 2240 1377 2274; x_wconf 86' lang='lat' dir='ltr'>Ordinis</span> <span class='ocrx_word' id='word_1_371' title='bbox 1407 2240 1539 2272; x_wconf 81' lang='lat' dir='ltr'>fratrum</span> <span class='ocrx_word' id='word_1_372' title='bbox 1566 2240 1720 2274; x_wconf 83' lang='lat' dir='ltr'>Minorum</span> 
     </span>
     <span class='ocr_line' id='line_1_89' title="bbox 1068 2294 1723 2328; baseline -0.002 -1"><span class='ocrx_word' id='word_1_373' title='bbox 1068 2295 1167 2328; x_wconf 82' lang='lat' dir='ltr'>sancti</span> <span class='ocrx_word' id='word_1_374' title='bbox 1185 2294 1342 2328; x_wconf 84' lang='lat' dir='ltr'>Francisci</span> <span class='ocrx_word' id='word_1_375' title='bbox 1361 2294 1619 2327; x_wconf 72' lang='lat' dir='ltr'>Conventualium</span> <span class='ocrx_word' id='word_1_376' title='bbox 1644 2304 1723 2327; x_wconf 90' lang='lat' dir='ltr'>nun-</span> 
     </span>
     <span class='ocr_line' id='line_1_90' title="bbox 1068 2348 1723 2392; baseline -0.003 -10"><span class='ocrx_word' id='word_1_377' title='bbox 1068 2354 1254 2392; x_wconf 87' lang='lat' dir='ltr'>cupatorum</span> <span class='ocrx_word' id='word_1_378' title='bbox 1281 2349 1312 2381; x_wconf 91' lang='lat' dir='ltr'>in</span> <span class='ocrx_word' id='word_1_379' title='bbox 1343 2348 1420 2381; x_wconf 87' lang='lat' dir='ltr'>duas</span> <span class='ocrx_word' id='word_1_380' title='bbox 1445 2348 1636 2392; x_wconf 76' lang='lat' dir='ltr'>provincias,</span> <span class='ocrx_word' id='word_1_381' title='bbox 1664 2349 1723 2380; x_wconf 86' lang='lat' dir='ltr'>Au-</span> 
     </span>
     <span class='ocr_line' id='line_1_91' title="bbox 1067 2401 1721 2441; baseline 0 -7"><span class='ocrx_word' id='word_1_382' title='bbox 1067 2402 1162 2434; x_wconf 87' lang='lat' dir='ltr'>striae</span> <span class='ocrx_word' id='word_1_383' title='bbox 1187 2401 1343 2434; x_wconf 77' lang='lat' dir='ltr'>inferioris</span> <span class='ocrx_word' id='word_1_384' title='bbox 1367 2412 1473 2441; x_wconf 87' lang='lat' dir='ltr'>unam,</span> <span class='ocrx_word' id='word_1_385' title='bbox 1490 2402 1621 2434; x_wconf 82' lang='lat' dir='ltr'>alteram</span> <span class='ocrx_word' id='word_1_386' title='bbox 1646 2411 1721 2434; x_wconf 88' lang='lat' dir='ltr'>vero</span> 
     </span>
     <span class='ocr_line' id='line_1_92' title="bbox 1068 2454 1540 2497; baseline -0.002 -9"><span class='ocrx_word' id='word_1_387' title='bbox 1068 2455 1195 2488; x_wconf 77' lang='lat' dir='ltr'>Silcsiae</span> <span class='ocrx_word' id='word_1_388' title='bbox 1220 2460 1249 2487; x_wconf 88' lang='lat' dir='ltr'>ct</span> <span class='ocrx_word' id='word_1_389' title='bbox 1274 2455 1438 2497; x_wconf 75' lang='lat' dir='ltr'>Illoraviae,</span> <span class='ocrx_word' id='word_1_390' title='bbox 1464 2454 1540 2487; x_wconf 59' lang='lat'>403.</span> 
     </span>
    </p>

    <p class='ocr_par' dir='ltr' id='par_1_35' title="bbox 979 2507 1721 2703">
     <span class='ocr_line' id='line_1_93' title="bbox 979 2507 1720 2543; baseline -0.003 -1"><span class='ocrx_word' id='word_1_391' title='bbox 979 2509 1079 2542; x_wconf 70' lang='lat' dir='ltr'>LXIV.</span> <span class='ocrx_word' id='word_1_392' title='bbox 1105 2509 1317 2543; x_wconf 76' lang='lat' dir='ltr'>Confirmatur</span> <span class='ocrx_word' id='word_1_393' title='bbox 1353 2508 1514 2541; x_wconf 77' lang='lat' dir='ltr'>decretum</span> <span class='ocrx_word' id='word_1_394' title='bbox 1549 2507 1720 2541; x_wconf 80' lang='lat' dir='ltr'>definitorii</span> 
     </span>
     <span class='ocr_line' id='line_1_94' title="bbox 1068 2561 1721 2605; baseline -0.002 -10"><span class='ocrx_word' id='word_1_395' title='bbox 1068 2567 1096 2595; x_wconf 78' lang='lat' dir='ltr'>et</span> <span class='ocrx_word' id='word_1_396' title='bbox 1111 2562 1264 2595; x_wconf 79' lang='lat' dir='ltr'>vocalium</span> <span class='ocrx_word' id='word_1_397' title='bbox 1284 2561 1409 2605; x_wconf 85' lang='lat' dir='ltr'>capituli</span> <span class='ocrx_word' id='word_1_398' title='bbox 1428 2561 1631 2604; x_wconf 83' lang='lat' dir='ltr'>provincialis</span> <span class='ocrx_word' id='word_1_399' title='bbox 1651 2572 1721 2604; x_wconf 84' lang='lat' dir='ltr'>pro-</span> 
     </span>
     <span class='ocr_line' id='line_1_95' title="bbox 1067 2614 1720 2658; baseline -0.003 -10"><span class='ocrx_word' id='word_1_400' title='bbox 1067 2616 1185 2649; x_wconf 83' lang='lat' dir='ltr'>vinciae</span> <span class='ocrx_word' id='word_1_401' title='bbox 1204 2615 1232 2648; x_wconf 83' lang='lat' dir='ltr'>S.</span> <span class='ocrx_word' id='word_1_402' title='bbox 1258 2615 1371 2648; x_wconf 85' lang='lat' dir='ltr'>Mariae</span> <span class='ocrx_word' id='word_1_403' title='bbox 1390 2614 1569 2658; x_wconf 79' lang='lat' dir='ltr'>llungariae</span> <span class='ocrx_word' id='word_1_404' title='bbox 1593 2614 1720 2647; x_wconf 87' lang='lat' dir='ltr'>Ordinis</span> 
     </span>
     <span class='ocr_line' id='line_1_96' title="bbox 1068 2667 1719 2703; baseline -0.002 -2"><span class='ocrx_word' id='word_1_405' title='bbox 1068 2669 1200 2703; x_wconf 81' lang='lat' dir='ltr'>fratrum</span> <span class='ocrx_word' id='word_1_406' title='bbox 1218 2668 1371 2702; x_wconf 70' lang='lat' dir='ltr'>Illinorum</span> <span class='ocrx_word' id='word_1_407' title='bbox 1394 2667 1490 2701; x_wconf 81' lang='lat' dir='ltr'>sancti</span> <span class='ocrx_word' id='word_1_408' title='bbox 1507 2667 1663 2702; x_wconf 80' lang='lat' dir='ltr'>Francisci</span> <span class='ocrx_word' id='word_1_409' title='bbox 1682 2667 1719 2700; x_wconf 79' lang='lat' dir='ltr'>dc</span> 
     </span>
    </p>
   </div>
  </div>
 </body>
</html>
