2182 3137
198 181 382 209 An.‹:.1730
427 173 491 207 194

391 230 543 269 hospitalis
575 229 741 259 academiae
774 229 930 269 persolvet.
972 229 1072 260 ltidem
1107 230 1131 260 si

391 278 584 308 conductores
606 277 743 307 damnum
766 278 884 317 aliquod
899 300 906 313 ,
931 278 1035 308 vitium
1050 302 1057 315 ‚
1083 283 1132 308 aut

390 327 532 356 iacturam
565 325 686 356 aedibus
719 326 895 362 intulerint,
930 327 1072 366 praestari
1096 327 1131 357 ab

390 375 449 405 illis
467 375 586 405 omnino
608 378 712 404 curent
734 375 945 405 aestimatores.

210 439 261 460 sm„
275 439 381 466 camena.
431 423 521 453 Nemo
538 423 600 452 sine
616 423 782 452 cancellarii
799 423 883 453 venia
900 424 1048 454 scholares
1064 433 1131 454 suas

196 466 380 512 {ic‘hfflr‘g'sffl‘fiffl
390 472 421 502 in
443 472 530 502 aedes
546 472 671 511 hospitio
693 472 819 511 excipiat
834 483 840 510 3
856 472 933 511 quod
951 476 1047 502 tamen
1067 482 1133 512 pro-

196 521 326 570 {ll‘g‘l'g'udss'w
349 520 551 550 re·t“essoribus
575 520 788 557 sacerdotibus,
805 520 1000 560 omnibusque
1020 521 1130 559 licebit,

391 569 442 608 qui
478 569 627 599 scholares
663 570 738 599 intra
776 575 910 609 quartum
948 570 1133 608 cognationis

391 619 513 657 gradum
538 617 593 647 sibi
616 618 788 648 coniunctos
810 619 942 657 accipere
966 618 1070 648 velint.

432 667 462 696 Si
485 666 653 703 academici,
675 671 703 696 et
735 667 754 696 ii
788 667 838 706 qui
872 668 932 696 soro
966 666 1133 696 academiae

391 725 449 746 non
472 715 600 754 gaudent
631 715 659 744 in
686 716 853 745 earumdem
880 715 995 744 aedium
1023 714 1132 744 condu-

392 765 488 795 ctione
504 768 690 799 concurrant,
705 763 861 793 academici
879 764 1092 802 praeferantur.

432 813 563 850 Singulis
585 822 700 851 quoque
723 812 807 841 annis
830 812 864 841 de
888 821 988 841 mense
1016 810 1133 849 augusti

393 861 481 891 iidem
511 861 713 890 aestimatores
743 869 840 890 coram
874 860 1051 889 cancellario
1082 859 1135 888 sti-

393 910 531 949 pendium
550 909 593 938 vel
610 913 791 938 menstruum
806 909 848 937 vel
871 917 1001 937 annuum
1018 917 1032 936 a
1050 908 1134 937 scho-

393 958 518 996 laribus,
536 957 585 997 qui
602 957 631 986 in
649 957 770 995 privatis
785 957 997 996 oppidanorum
1013 956 1134 986 aedibus

398 1007 584 1045 hospitantur
606 1009 634 1034 et
656 1004 799 1042 victitant,
817 1004 1042 1043 persolvendum
1060 1004 1135 1033 iudi-

395 1054 524 1091 cabunt,
554 1054 607 1083 hoc
630 1062 715 1089 vero,
739 1053 968 1083 circumstantiis
998 1052 1134 1082 omnibus

394 1103 450 1133 rite
472 1102 612 1141 inspectis
628 1106 655 1131 ct
671 1101 845 1138 observatis,
863 1111 913 1140 pro
935 1102 1052 1131 diversa
1074 1105 1135 1130 stu-

393 1151 523 1181 dentium
541 1150 709 1180 conditione
725 1150 920 1179 diversimode
937 1149 1132 1185 constituent,

395 1200 506 1239 primae
531 1199 676 1235 videlicet,
695 1199 840 1228 secundae
856 1203 883 1228 et
899 1198 1001 1227 tertiae
1018 1198 1132 1234 classim

395 1252 425 1278 et
447 1249 568 1278 ineunte
592 1257 691 1277 mense
714 1247 890 1286 septemb-ris
908 1246 1053 1276 eiusmodi
1071 1250 1134 1276 taxa

395 1297 569 1337 publicanda
593 1297 660 1326 erit.
678 1296 758 1331 Quod
781 1296 805 1325 si
829 1295 1050 1325 aestimatorum
1074 1295 1136 1333 opi-

393 1347 497 1375 niones
519 1346 698 1384 discrepant,
715 1354 765 1374 eas
787 1345 905 1374 dirimet
919 1346 973 1373 sna
989 1344 1134 1374 sententia

394 1395 598 1425 cancellarius.

435 1442 673 1474 AEstimatoribus
705 1446 734 1472 et
768 1442 882 1472 notario
915 1441 1072 1481 quotannis
1094 1441 1136 1470 vi-

398 1493 472 1531 ginti
495 1492 585 1521 librae
607 1501 643 1521 ex
664 1491 777 1520 aerario
799 1491 1015 1529 dependantur.

437 1541 467 1570 Si
498 1541 564 1580 quis
597 1540 765 1569 academiae
797 1539 1006 1569 baccalaureus
1035 1538 1138 1577 viginti

397 1590 528 1630 quinque
563 1598 707 1619 annorum
740 1588 849 1625 maior,
881 1588 958 1621 vita,
990 1587 1137 1623 moribus,

371 1637 552 1669 ‘honestate
588 1647 623 1667 ex
660 1639 785 1667 (luorum
821 1638 957 1676 propriae
993 1636 1139 1666 facultatis

400 1688 597 1727 professorum
626 1686 791 1716 testimonio
819 1686 972 1724 probatus,
996 1685 1140 1715 desideret

399 1737 480 1767 iuxta
514 1735 631 1773 collegii
664 1734 906 1764 consuetudinem
944 1739 972 1764 ct
1008 1743 1138 1763 normam

401 1785 518 1815 domum
551 1792 633 1813 suam
666 1783 700 1812 ad
731 1783 933 1821 suscipiendos
965 1787 992 1812 et
1022 1782 1140 1812 alendos

401 1833 586 1864 convictores
609 1832 755 1861 iustruere
772 1835 800 1860 et
819 1840 1001 1870 comparare,
1026 1831 1140 1860 veniam

400 1883 429 1912 in
453 1881 570 1920 scriptis
594 1890 608 1910 a
632 1880 808 1910 cancellario
841 1880 1033 1919 impetrabit,
1064 1881 1141 1919 quod

402 1931 466 1961 fieri
499 1929 604 1969 poterit
637 1940 651 1959 a
684 1930 756 1959 sesto
779 1929 942 1960 Nativitatis
976 1931 1005 1958 S.
1025 1929 1142 1959 loannis

402 1979 548 2018 Baptistae
572 1978 605 2007 ad
630 1982 723 2007 totum
746 1987 837 2016 usque
862 1987 989 2007 mensem
1013 1978 1140 2015 augusti.

404 2027 499 2066 thue
515 2027 649 2055 securius
666 2034 780 2055 morum
798 2025 955 2060 honestati,
979 2026 1142 2055 studiorum

403 2075 569 2115 progressui
592 2078 620 2103 et
643 2073 742 2112 pietati
775 2074 974 2103 convictorum
1009 2075 1144 2104 cousula-

404 2129 460 2158 tur,
485 2123 561 2163 quod
583 2124 619 2152 ea.
640 2123 674 2152 de
697 2131 727 2151 re
749 2123 914 2155 academiae
945 2123 1057 2160 legibus
1079 2132 1143 2153 san-

403 2174 494 2203 citum
509 2177 562 2210 est,
578 2181 608 2202 se
630 2172 749 2202 omnino
766 2179 950 2201 servaturum
966 2172 1141 2211 obstringet.

403 2222 546 2258 Quoniam
582 2230 649 2250 vero
680 2221 840 2259 plurimum
867 2221 1004 2250 conducit
1026 2221 1061 2250 ad
1084 2231 1145 2251 mo-

404 2281 470 2301 rum
492 2270 689 2309 disciplinam,
715 2273 746 2299 ut
780 2270 928 2299 scholares
961 2279 1018 2299 non
1049 2271 1142 2300 solum

406 2320 535 2359 publico,
559 2318 609 2349 sed
633 2319 722 2347 etiam
747 2319 859 2357 privato
888 2319 1030 2357 regimine
1053 2320 1145 2350 conti-

405 2372 552 2405 neantur,
591 2367 707 2397 assidue
742 2367 817 2406 apud
851 2367 983 2396 eumdem
1018 2372 1143 2397 tutorem

406 2417 504 2446 cibum
527 2420 643 2446 sument
665 2420 693 2445 et
716 2415 937 2455 pernoctabunt.
961 2420 1046 2454 atque
1069 2416 1146 2445 eius-

407 2465 473 2494 dem
496 2464 661 2494 auctoritati
684 2465 714 2494 in
737 2463 874 2494 omnihus
897 2464 1103 2494 subiacebunt.

446 2512 640 2542 Baccalaureo
663 2513 761 2551 plures
783 2522 870 2551 quam
893 2512 1047 2542 duodecim
1078 2522 1146 2542 con-

409 2561 536 2591 victores
558 2571 616 2591 non
639 2561 725 2591 liceat
748 2561 913 2598 admittere,
945 2570 1054 2601 eosque
1087 2572 1145 2592 non

228 1559 258 1579 De
275 1558 386 1588 baccalau-

202 1591 243 1606 reus
253 1588 386 1605 convictores

202 1611 316 1632 alentibus.

976 182 1159 206 BULLARIUM
1187 183 1343 207 ROMANUM

1928 189 1976 210 Αιι.
1993 185 2021 210 (i.
2045 183 2116 211 ¹730

1173 230 1355 261 diversarum
1393 231 1572 265 facultatum,
1595 231 1643 261 sed
1681 232 1725 261 vel
1758 231 1913 270 utriusque

1174 279 1265 317 iuris,
1290 280 1334 309 vel
1357 279 1542 318 theologiae,
1576 279 1638 309 sive
1671 279 1833 309 medicinae
1864 283 1914 309 aut

1174 328 1282 357 artium
1305 328 1465 363 studiosos,
1489 327 1533 358 vel
1557 336 1713 366 germanos
1735 331 1764 357 et
1785 327 1913 357 eiusdem

1175 376 1321 413 samiliae3
1356 386 1410 406 nec
1443 377 1553 406 famula.
1584 375 1639 412 uti,
1664 375 1720 404 nisi
1743 375 1859 404 veniam
1881 375 1916 405 de

1174 424 1285 463 scripto
1301 434 1315 453 a
1331 424 1507 454 cancellario
1520 424 1620 454 eiusve
1631 424 1729 453 iudice
1741 423 1916 462 impetrarit.

1215 474 1275 501 Pro
1308 472 1462 510 stipendiis
1494 472 1581 502 etiam
1605 481 1619 501 a
1642 471 1859 502 convictoribus
1887 471 1917 501 in

1178 529 1307 549 mensem
1331 525 1381 549 aut
1402 529 1511 549 annum
1534 519 1723 550 baccalaureo
1747 520 1833 549 tutori
1855 529 1918 558 per-

1176 568 1325 598 solvendis
1358 569 1559 597 aestimatores
1581 578 1595 597 a
1627 568 1801 598 cancellario
1829 568 1919 598 desti-

1176 616 1237 646 nati
1263 620 1362 646 taxam
1385 616 1551 645 conticieiil.

1216 664 1423 695 Universitatis
1438 674 1625 701 oeconomuS,
1642 665 1677 694 de
1695 665 1830 694 mandato
1846 673 1917 694 can·
1960 677 2112 698 naccaiaureis

1176 713 1287 743 cellarii
1312 722 1363 752 per
1385 713 1576 742 secretarium
1594 712 1775 750 subsignato,
1793 713 1917 750 singulis
1928 705 2112 755 ξῇἓζᾎῖξῖζζζῃῗῇ

1177 761 1385 795 baccalaureis,
1411 762 1460 800 qui
1491 761 1658 790 facultatem
1688 760 1723 790 de
1750 761 1860 799 scripto
1888 769 1918 789 a·
1929 756 2114 782 ‘¹³¹¹‘¹¹¹“¹·⁹‘³⁰·
2159 773 2166 780 ·

1928 783 2004 802 stitata
2105 792 2114 798 .

1177 811 1256 840 lendi
1278 814 1307 840 et
1339 810 1482 840 educandi
1506 810 1690 840 convictores
1723 787 2103 845 obtinuerintffionmmanca„

1177 859 1389 898 quinquaginta
1413 858 1502 888 libras
1519 868 1570 897 pro
1585 859 1703 887 annona
1721 857 1921 896 comparanda

1177 908 1384 946 impertietur3
1407 907 1542 936 cautione
1565 911 1660 936 tamen
1683 906 1719 936 ab
1741 906 1851 935 eisdem
1873 915 1921 935 ac-

1177 958 1273 995 cepta,
1297 965 1327 985 se
1350 956 1502 995 aequalem
1524 964 1669 985 summam
1692 955 1728 984 ad
1748 954 1920 993 praestituta

1178 1009 1310 1044 tempora
1333 1005 1363 1034 in
1387 1005 1534 1034 aerarium
1558 1004 1753 1042 repositurus:
1784 1003 1921 1033 videlicet

1177 1053 1283 1091 viginti
1306 1054 1436 1092 quinque
1466 1053 1557 1082 libras
1579 1053 1614 1082 ad
1636 1052 1768 1082 Natalem
1791 1052 1918 1089 Domini,

1177 1105 1205 1131 et
1227 1101 1356 1140 reliquas
1379 1101 1482 1139 viginti
1505 1101 1635 1140 quinque
1652 1099 1743 1130 libras
1762 1099 1798 1129 ad
1814 1100 1920 1129 festum

1176 1150 1205 1180 S.
1230 1150 1346 1180 Ioannis
1370 1151 1405 1180 de
1428 1159 1528 1180 mense
1552 1150 1639 1179 iunii.

1218 1199 1420 1229 Cancellarius
1442 1199 1634 1238 eiusdemque
1656 1198 1743 1228 iudex
1774 1197 1921 1227 convicto-

1178 1258 1243 1278 rum
1266 1248 1352 1277 aedes
1371 1248 1499 1277 invisent
1517 1252 1544 1277 et
1563 1247 1687 1276 sollicite
1707 1246 1876 1276 incumbent
1892 1249 1923 1276 ut

1178 1297 1318 1335 legitime,
1341 1297 1418 1336 quod
1440 1297 1584 1326 sancitum
1608 1300 1661 1330 est,
1685 1295 1872 1333 observetur3
1888 1304 1922 1325 ac

1179 1346 1349 1385 praecipue,
1372 1350 1404 1374 ut
1426 1346 1501 1375 infra
1531 1345 1779 1384 praescriptarum
1808 1344 1924 1381 regula-

1179 1404 1244 1425 rum
1269 1403 1372 1424 norma
1396 1394 1431 1423 ad
1454 1403 1582 1432 unguem
1605 1393 1748 1423 servanda
1779 1392 1924 1422 custodia-

1180 1448 1240 1473 tur.

1220 1501 1240 1521 1.
1266 1491 1478 1521 Baccalaureus
1501 1491 1685 1529 singulorum
1708 1490 1920 1528 convictorum,
1961 1507 2054 1532 tteguiae
2074 1512 2118 1527 50„-

1181 1550 1254 1579 quos
1277 1540 1423 1579 receperit
1447 1539 1590 1578 hospitio,
1615 1539 1733 1568 nomina
1748 1561 1755 1575 ‚
1780 1533 2050 1581 patriam‚{}¹.¹j¹¹j¹?0ss³
2062 1532 2119 1580 [2³:¹22
2139 1530 2142 1535 ”

1182 1594 1329 1628 parentes,
1349 1593 1399 1618 aut
1421 1588 1552 1627 ipsorum
1568 1592 1729 1624 curatores,
1747 1587 1777 1616 in
1793 1586 1924 1617 codicem
1936 1585 2118 1634 ffiJfflffl'fffflffl·

1182 1636 1340 1667 describat.

1222 1695 1252 1715 ιι.
1272 1685 1427 1715 Convictor
1448 1685 1553 1714 initum
1578 1683 1667 1714 semel
1689 1683 1719 1713 in
1741 1683 1926 1713 baccalaurei

1183 1734 1305 1764 aedibus
1327 1731 1507 1773 hospitium,
1532 1733 1650 1763 nonnisi
1674 1737 1737 1772 post
1759 1733 1925 1763 consectum

1183 1793 1293 1813 atinum
1322 1784 1489 1821 relinquet,
1519 1781 1677 1812 dummodo
1706 1791 1792 1811 causa
1826 1782 1928 1812 huius-

1185 1832 1263 1861 modi
1301 1841 1358 1861 non
1395 1831 1571 1867 intercedat,
1608 1839 1695 1869 quam
1731 1830 1925 1860 cancellarius

1185 1880 1290 1910 iustam
1314 1879 1526 1918 comprobarit.

1225 1939 1265 1959 ιιι.
1291 1929 1481 1958 Convictores
1496 1920 1652 1958 'consuetis
1674 1928 1756 1957 horis
1778 1927 1927 1957 communi

1186 1988 1303 2008 mensae
1335 1980 1395 2008 una
1427 1987 1493 2007 cum
1516 1977 1725 2011 bzmcalaureo,
1761 1976 1927 2006 valetudine

1186 2036 1242 2056 non
1267 2026 1416 2065 impedito,
1441 2025 1626 2055 accumbent.

1226 2083 1264 2105 iv.
1289 2075 1484 2105 Baccalaureo
1514 2075 1714 2104 convictorum
1746 2073 1865 2103 tutelam
1898 2077 1928 2103 et

1185 2124 1317 2161 regimen
1350 2123 1486 2152 deserere
1517 2132 1575 2152 non
1606 2122 1714 2159 liceat,
1750 2121 1821 2161 quin
1854 2121 1928 2151 duos

1186 2178 1253 2202 ante
1276 2181 1391 2202 menses
1413 2171 1467 2200 hac
1489 2171 1524 2200 de
1546 2180 1578 2200 re
1599 2170 1807 2200 cancellarium
1830 2170 1928 2200 admo-

1187 2222 1298 2257 nuerit,
1322 2221 1497 2258 veniamque
1531 2220 1567 2249 ab
1590 2229 1624 2249 eo
1647 2219 1779 2258 petierit·‚
1811 2219 1880 2258 qui,
1903 2219 1928 2249 si

1186 2280 1313 2310 acquum
1338 2269 1432 2299 visum
1455 2268 1556 2306 suerit,
1581 2267 1714 2307 petitioni
1744 2267 1812 2298 huic
1834 2268 1930 2298 indul-

1187 2320 1277 2359 gebit.

1226 2377 1254 2397 v.
1279 2367 1357 2397 Idem
1389 2376 1540 2406 nunquam
1571 2365 1607 2396 ab
1630 2366 1684 2395 hac
1715 2366 1833 2396 civitate
1866 2366 1929 2396 sine

1187 2416 1355 2446 cancellarii
1378 2416 1464 2445 venia
1486 2415 1699 2454 proficiscatur.

1228 2474 1266 2494 v1.
1290 2465 1314 2494 A
1336 2464 1382 2494 die
1406 2465 1435 2493 S.
1460 2464 1555 2494 Lucae
1584 2473 1676 2503 usque
1704 2463 1738 2493 ad
1771 2463 1848 2493 diem
1872 2463 1930 2501 pri-

1189 2523 1269 2543 mum
1305 2513 1415 2543 mensis
1446 2513 1545 2542 martii
1578 2516 1643 2551 post
1677 2512 1779 2542 horam
1817 2515 1928 2541 sextam

1189 2562 1386 2602 vespertinam
1418 2562 1629 2592 baccalaureus
1660 2561 1777 2591 ianuam
1813 2560 1930 2590 aedium
