<?xml version="1.0" encoding="UTF-8"?>
<!DOCTYPE html PUBLIC "-//W3C//DTD XHTML 1.0 Transitional//EN"
    "http://www.w3.org/TR/xhtml1/DTD/xhtml1-transitional.dtd">
<html xmlns="http://www.w3.org/1999/xhtml" xml:lang="en" lang="en">
 <head>
  <title>
</title>
<meta http-equiv="Content-Type" content="text/html;charset=utf-8" />
  <meta name='ocr-system' content='tesseract 3.04.00' />
  <meta name='ocr-capabilities' content='ocr_page ocr_carea ocr_par ocr_line ocrx_word'/>
</head>
<body>
  <div class='ocr_page' id='page_1' title='image "./bullarumdiplomat23cath_0178.png"; bbox 0 0 2182 3137; ppageno 0'>
   <div class='ocr_carea' id='block_1_1' title="bbox 208 160 1147 474">
    <p class='ocr_par' dir='ltr' id='par_1_1' title="bbox 208 160 1147 474">
     <span class='ocr_line' id='line_1_1' title="bbox 208 160 505 196; baseline -0.01 0"><span class='ocrx_word' id='word_1_1' title='bbox 208 170 258 196; x_wconf 70' lang='lat' dir='ltr'>An.</span> <span class='ocrx_word' id='word_1_2' title='bbox 279 169 395 196; x_wconf 81' lang='lat' dir='ltr'>c.173o</span> <span class='ocrx_word' id='word_1_3' title='bbox 441 160 505 194; x_wconf 84' lang='grc'>156</span> 
     </span>
     <span class='ocr_line' id='line_1_2' title="bbox 445 219 1147 262; baseline 0.001 -11"><span class='ocrx_word' id='word_1_4' title='bbox 445 229 518 262; x_wconf 73' lang='lat' dir='ltr'>rcqe</span> <span class='ocrx_word' id='word_1_5' title='bbox 542 219 700 251; x_wconf 69' lang='lat' dir='ltr'>catholico</span> <span class='ocrx_word' id='word_1_6' title='bbox 726 219 898 252; x_wconf 77' lang='lat' dir='ltr'>inslilulae</span> <span class='ocrx_word' id='word_1_7' title='bbox 914 246 921 259; x_wconf 84' lang='lat'>‚</span> <span class='ocrx_word' id='word_1_8' title='bbox 954 220 1147 252; x_wconf 73' lang='lat' dir='ltr'>auctoritate</span> 
     </span>
     <span class='ocr_line' id='line_1_3' title="bbox 446 272 1147 315; baseline 0.003 -12"><span class='ocrx_word' id='word_1_9' title='bbox 446 272 620 314; x_wconf 65' lang='lat' dir='ltr'>apostolica</span> <span class='ocrx_word' id='word_1_10' title='bbox 646 272 903 315; x_wconf 74' lang='lat' dir='ltr'>confirmantur,</span> <span class='ocrx_word' id='word_1_11' title='bbox 932 273 1086 305; x_wconf 74' lang='lat' dir='ltr'><em>concessis</em></span> <span class='ocrx_word' id='word_1_12' title='bbox 1106 273 1147 306; x_wconf 88' lang='grc' dir='ltr'>Α·</span> 
     </span>
     <span class='ocr_line' id='line_1_4' title="bbox 447 325 1147 369; baseline 0.003 -13"><span class='ocrx_word' id='word_1_13' title='bbox 447 325 608 357; x_wconf 75' lang='lat' dir='ltr'>cademiue</span> <span class='ocrx_word' id='word_1_14' title='bbox 634 325 825 358; x_wconf 75' lang='lat' dir='ltr'>huiusmodi</span> <span class='ocrx_word' id='word_1_15' title='bbox 849 326 1023 359; x_wconf 70' lang='lat' dir='ltr'><em>nonnullis</em></span> <span class='ocrx_word' id='word_1_16' title='bbox 1046 326 1147 369; x_wconf 79' lang='lat' dir='ltr'>privi-</span> 
     </span>
     <span class='ocr_line' id='line_1_5' title="bbox 448 377 553 420; baseline 0 -11"><span class='ocrx_word' id='word_1_17' title='bbox 448 377 553 420; x_wconf 68' lang='lat' dir='ltr'>leqiis.</span> 
     </span>
     <span class='ocr_line' id='line_1_6' title="bbox 604 440 936 474; baseline 0.003 -8"><span class='ocrx_word' id='word_1_18' title='bbox 604 441 739 467; x_wconf 78' lang='lat' dir='ltr'>Clemens</span> <span class='ocrx_word' id='word_1_19' title='bbox 761 440 841 474; x_wconf 84' lang='lat' dir='ltr'>Papa</span> <span class='ocrx_word' id='word_1_20' title='bbox 861 441 913 467; x_wconf 88' lang='lat' dir='ltr'>XII</span> <span class='ocrx_word' id='word_1_21' title='bbox 931 462 936 472; x_wconf 88' lang='lat'><strong><em>‚</em></strong></span> 
     </span>
    </p>
   </div>
   <div class='ocr_carea' id='block_1_2' title="bbox 520 486 1027 562">
    <p class='ocr_par' dir='ltr' id='par_1_2' title="bbox 520 486 1027 562">
     <span class='ocr_line' id='line_1_7' title="bbox 584 486 955 515; baseline 0.005 -5"><span class='ocrx_word' id='word_1_22' title='bbox 584 492 692 511; x_wconf 84' lang='lat' dir='ltr'>servus</span> <span class='ocrx_word' id='word_1_23' title='bbox 714 492 870 512; x_wconf 81' lang='lat' dir='ltr'>servorum</span> <span class='ocrx_word' id='word_1_24' title='bbox 892 486 955 515; x_wconf 82' lang='lat' dir='ltr'>Dei,</span> 
     </span>
     <span class='ocr_line' id='line_1_8' title="bbox 520 529 1027 562; baseline 0.004 -7"><span class='ocrx_word' id='word_1_25' title='bbox 520 531 556 555; x_wconf 89' lang='lat' dir='ltr'>ad</span> <span class='ocrx_word' id='word_1_26' title='bbox 571 532 754 562; x_wconf 79' lang='lat' dir='ltr'>perpetuam</span> <span class='ocrx_word' id='word_1_27' title='bbox 773 529 819 556; x_wconf 87' lang='lat' dir='ltr'>rei</span> <span class='ocrx_word' id='word_1_28' title='bbox 840 530 1027 557; x_wconf 83' lang='lat' dir='ltr'>memoriam.</span> 
     </span>
    </p>
   </div>
   <div class='ocr_carea' id='block_1_3' title="bbox 208 592 1144 652">
    <p class='ocr_par' dir='ltr' id='par_1_3' title="bbox 208 592 1144 652">
     <span class='ocr_line' id='line_1_9' title="bbox 208 592 1144 652; baseline 0.005 -32"><span class='ocrx_word' id='word_1_29' title='bbox 208 600 392 652; x_wconf 48' lang='lat' dir='ltr'>ffssffiffiig&#39;qnqffl‘ss]</span> <span class='ocrx_word' id='word_1_30' title='bbox 448 592 742 634; x_wconf 88' lang='lat' dir='ltr'>Imperscrutabilis</span> <span class='ocrx_word' id='word_1_31' title='bbox 753 592 938 626; x_wconf 86' lang='lat' dir='ltr'>divinorum</span> <span class='ocrx_word' id='word_1_32' title='bbox 950 593 1144 626; x_wconf 81' lang='lat' dir='ltr'>iudiciorum</span> 
     </span>
    </p>
   </div>
   <div class='ocr_carea' id='block_1_4' title="bbox 208 645 1152 2603">
    <p class='ocr_par' dir='ltr' id='par_1_4' title="bbox 209 645 1147 699">
     <span class='ocr_line' id='line_1_10' title="bbox 209 645 1147 699; baseline 0.002 -22"><span class='ocrx_word' id='word_1_33' title='bbox 209 655 251 690; x_wconf 55' lang='lat' dir='ltr'>tuni</span> <span class='ocrx_word' id='word_1_34' title='bbox 281 645 539 699; x_wconf 42' lang='lat' dir='ltr'>¹raige-unualtitudo</span> <span class='ocrx_word' id='word_1_35' title='bbox 565 646 671 678; x_wconf 88' lang='lat' dir='ltr'>statim</span> <span class='ocrx_word' id='word_1_36' title='bbox 704 652 800 688; x_wconf 75' lang='lat' dir='ltr'>atque</span> <span class='ocrx_word' id='word_1_37' title='bbox 840 646 1056 679; x_wconf 81' lang='lat' dir='ltr'>humilitatem</span> <span class='ocrx_word' id='word_1_38' title='bbox 1091 657 1147 679; x_wconf 91' lang='lat' dir='ltr'>no-</span> 
     </span>
    </p>

    <p class='ocr_par' dir='ltr' id='par_1_5' title="bbox 208 680 1146 753">
     <span class='ocr_line' id='line_1_11' title="bbox 208 680 1146 753; baseline 0 -21"><span class='ocrx_word' id='word_1_39' title='bbox 208 680 502 753; x_wconf 51' lang='grc' dir='ltr'>οετέιέξὲἒέξθὲιεινῑιη]</span> <span class='ocrx_word' id='word_1_40' title='bbox 530 698 568 730; x_wconf 88' lang='lat' dir='ltr'>ad</span> <span class='ocrx_word' id='word_1_41' title='bbox 593 698 731 731; x_wconf 83' lang='lat' dir='ltr'>sublime</span> <span class='ocrx_word' id='word_1_42' title='bbox 757 699 957 741; x_wconf 77' lang='lat' dir='ltr'>apostolicae</span> <span class='ocrx_word' id='word_1_43' title='bbox 979 700 1146 741; x_wconf 76' lang='lat' dir='ltr'>dignitatis</span> 
     </span>
    </p>

    <p class='ocr_par' dir='ltr' id='par_1_6' title="bbox 209 752 1152 2548">
     <span class='ocr_line' id='line_1_12' title="bbox 209 752 1147 791; baseline 0.006 -12"><span class='ocrx_word' id='word_1_44' title='bbox 209 760 325 780; x_wconf 71' lang='lat' dir='ltr'>conserant.</span> <span class='ocrx_word' id='word_1_45' title='bbox 404 753 532 784; x_wconf 89' lang='lat' dir='ltr'>culmen</span> <span class='ocrx_word' id='word_1_46' title='bbox 553 779 560 791; x_wconf 92' lang='lat'>,</span> <span class='ocrx_word' id='word_1_47' title='bbox 589 753 679 785; x_wconf 86' lang='lat' dir='ltr'>nullo</span> <span class='ocrx_word' id='word_1_48' title='bbox 705 752 781 784; x_wconf 90' lang='lat' dir='ltr'>licet</span> <span class='ocrx_word' id='word_1_49' title='bbox 806 752 997 784; x_wconf 87' lang='lat' dir='ltr'>meritorum</span> <span class='ocrx_word' id='word_1_50' title='bbox 1020 758 1147 785; x_wconf 88' lang='lat' dir='ltr'>nostro-</span> 
     </span>
     <span class='ocr_line' id='line_1_13' title="bbox 403 804 1145 848; baseline 0.003 -12"><span class='ocrx_word' id='word_1_51' title='bbox 403 815 475 837; x_wconf 88' lang='lat' dir='ltr'>rum</span> <span class='ocrx_word' id='word_1_52' title='bbox 501 804 665 846; x_wconf 75' lang='lat' dir='ltr'>suffragio,</span> <span class='ocrx_word' id='word_1_53' title='bbox 692 805 812 844; x_wconf 72' lang='lat' dir='ltr'>evexit,</span> <span class='ocrx_word' id='word_1_54' title='bbox 838 805 924 838; x_wconf 90' lang='lat' dir='ltr'>inter</span> <span class='ocrx_word' id='word_1_55' title='bbox 948 806 1145 848; x_wconf 69' lang='lat' dir='ltr'>multiplices</span> 
     </span>
     <span class='ocr_line' id='line_1_14' title="bbox 408 858 1146 900; baseline 0.003 -11"><span class='ocrx_word' id='word_1_56' title='bbox 408 863 439 890; x_wconf 87' lang='lat' dir='ltr'>et</span> <span class='ocrx_word' id='word_1_57' title='bbox 464 868 545 900; x_wconf 85' lang='lat' dir='ltr'>quae</span> <span class='ocrx_word' id='word_1_58' title='bbox 572 858 666 890; x_wconf 89' lang='lat' dir='ltr'>nobis</span> <span class='ocrx_word' id='word_1_59' title='bbox 698 864 910 890; x_wconf 85' lang='lat' dir='ltr'>occurrerunt</span> <span class='ocrx_word' id='word_1_60' title='bbox 946 860 1146 900; x_wconf 86' lang='lat' dir='ltr'>apostolatus</span> 
     </span>
     <span class='ocr_line' id='line_1_15' title="bbox 405 911 1146 954; baseline 0.003 -12"><span class='ocrx_word' id='word_1_61' title='bbox 405 911 549 943; x_wconf 86' lang='lat' dir='ltr'>universi</span> <span class='ocrx_word' id='word_1_62' title='bbox 576 921 668 943; x_wconf 86' lang='lat' dir='ltr'>curas</span> <span class='ocrx_word' id='word_1_63' title='bbox 693 912 731 943; x_wconf 91' lang='lat' dir='ltr'>ad</span> <span class='ocrx_word' id='word_1_64' title='bbox 767 912 999 954; x_wconf 84' lang='lat' dir='ltr'>propagandas</span> <span class='ocrx_word' id='word_1_65' title='bbox 1036 912 1146 944; x_wconf 77' lang='lat' dir='ltr'>conso-</span> 
     </span>
     <span class='ocr_line' id='line_1_16' title="bbox 404 964 1148 1007; baseline 0 -11"><span class='ocrx_word' id='word_1_66' title='bbox 404 965 592 1007; x_wconf 81' lang='lat' dir='ltr'>vendasque</span> <span class='ocrx_word' id='word_1_67' title='bbox 618 964 801 996; x_wconf 88' lang='lat' dir='ltr'>studiorum</span> <span class='ocrx_word' id='word_1_68' title='bbox 837 965 1040 1006; x_wconf 72' lang='lat' dir='ltr'>generalium</span> <span class='ocrx_word' id='word_1_69' title='bbox 1076 965 1148 996; x_wconf 93' lang='lat' dir='ltr'>uni-</span> 
     </span>
     <span class='ocr_line' id='line_1_17' title="bbox 404 1017 1147 1060; baseline -0.001 -10"><span class='ocrx_word' id='word_1_70' title='bbox 404 1017 588 1056; x_wconf 82' lang='lat' dir='ltr'>versitates,</span> <span class='ocrx_word' id='word_1_71' title='bbox 613 1027 671 1059; x_wconf 87' lang='lat' dir='ltr'>per</span> <span class='ocrx_word' id='word_1_72' title='bbox 697 1027 777 1060; x_wconf 81' lang='lat' dir='ltr'>quas</span> <span class='ocrx_word' id='word_1_73' title='bbox 801 1017 1025 1060; x_wconf 77' lang='lat' dir='ltr'>spiritualibus</span> <span class='ocrx_word' id='word_1_74' title='bbox 1051 1028 1147 1050; x_wconf 87' lang='lat' dir='ltr'>evan-</span> 
     </span>
     <span class='ocr_line' id='line_1_18' title="bbox 405 1070 1148 1112; baseline 0 -10"><span class='ocrx_word' id='word_1_75' title='bbox 405 1070 529 1112; x_wconf 84' lang='lat' dir='ltr'>gelicae</span> <span class='ocrx_word' id='word_1_76' title='bbox 580 1070 773 1112; x_wconf 85' lang='lat' dir='ltr'>disciplinae</span> <span class='ocrx_word' id='word_1_77' title='bbox 821 1071 916 1102; x_wconf 87' lang='lat' dir='ltr'>armis</span> <span class='ocrx_word' id='word_1_78' title='bbox 966 1070 1148 1102; x_wconf 78' lang='lat' dir='ltr'>invisibiles</span> 
     </span>
     <span class='ocr_line' id='line_1_19' title="bbox 406 1123 1147 1166; baseline 0 -11"><span class='ocrx_word' id='word_1_79' title='bbox 406 1123 572 1155; x_wconf 83' lang='lat' dir='ltr'>militantis</span> <span class='ocrx_word' id='word_1_80' title='bbox 609 1123 771 1155; x_wconf 77' lang='lat' dir='ltr'>Ecclesiae</span> <span class='ocrx_word' id='word_1_81' title='bbox 808 1123 919 1155; x_wconf 85' lang='lat' dir='ltr'>hostes</span> <span class='ocrx_word' id='word_1_82' title='bbox 957 1123 1147 1166; x_wconf 90' lang='lat' dir='ltr'>triumphali</span> 
     </span>
     <span class='ocr_line' id='line_1_20' title="bbox 404 1176 1149 1219; baseline -0.001 -10"><span class='ocrx_word' id='word_1_83' title='bbox 404 1176 581 1210; x_wconf 75' lang='lat' dir='ltr'>certamine</span> <span class='ocrx_word' id='word_1_84' title='bbox 606 1177 823 1219; x_wconf 78' lang='lat' dir='ltr'>profligantur</span> <span class='ocrx_word' id='word_1_85' title='bbox 842 1204 849 1216; x_wconf 78' lang='lat'>,</span> <span class='ocrx_word' id='word_1_86' title='bbox 877 1176 1032 1219; x_wconf 76' lang='lat' dir='ltr'>peculiari</span> <span class='ocrx_word' id='word_1_87' title='bbox 1060 1176 1149 1210; x_wconf 84' lang='lat' dir='ltr'>solli-</span> 
     </span>
     <span class='ocr_line' id='line_1_21' title="bbox 409 1229 1147 1263; baseline 0 -1"><span class='ocrx_word' id='word_1_88' title='bbox 409 1230 562 1263; x_wconf 82' lang='lat' dir='ltr'>citudinis</span> <span class='ocrx_word' id='word_1_89' title='bbox 597 1229 703 1262; x_wconf 89' lang='lat' dir='ltr'>studio</span> <span class='ocrx_word' id='word_1_90' title='bbox 735 1230 852 1261; x_wconf 89' lang='lat' dir='ltr'>mentis</span> <span class='ocrx_word' id='word_1_91' title='bbox 885 1235 1015 1262; x_wconf 86' lang='lat' dir='ltr'>nostrae</span> <span class='ocrx_word' id='word_1_92' title='bbox 1045 1230 1147 1262; x_wconf 85' lang='lat' dir='ltr'>aciem</span> 
     </span>
     <span class='ocr_line' id='line_1_22' title="bbox 405 1283 1150 1326; baseline 0 -10"><span class='ocrx_word' id='word_1_93' title='bbox 405 1285 475 1317; x_wconf 85' lang='lat' dir='ltr'>iure</span> <span class='ocrx_word' id='word_1_94' title='bbox 501 1284 626 1326; x_wconf 87' lang='lat' dir='ltr'>optimo</span> <span class='ocrx_word' id='word_1_95' title='bbox 652 1283 883 1316; x_wconf 81' lang='lat' dir='ltr'>convertimus.</span> <span class='ocrx_word' id='word_1_96' title='bbox 904 1283 986 1316; x_wconf 79' lang='lat' dir='ltr'>ilinc</span> <span class='ocrx_word' id='word_1_97' title='bbox 1004 1283 1057 1315; x_wconf 89' lang='lat' dir='ltr'>ubi</span> <span class='ocrx_word' id='word_1_98' title='bbox 1076 1294 1150 1325; x_wconf 86' lang='lat' dir='ltr'>ope-</span> 
     </span>
     <span class='ocr_line' id='line_1_23' title="bbox 405 1336 1149 1379; baseline -0.001 -10"><span class='ocrx_word' id='word_1_99' title='bbox 405 1347 480 1369; x_wconf 81' lang='lat' dir='ltr'>rosa</span> <span class='ocrx_word' id='word_1_100' title='bbox 505 1336 757 1369; x_wconf 82' lang='lat' dir='ltr'>christianorum</span> <span class='ocrx_word' id='word_1_101' title='bbox 783 1336 981 1379; x_wconf 84' lang='lat' dir='ltr'>principum,</span> <span class='ocrx_word' id='word_1_102' title='bbox 1002 1347 1149 1379; x_wconf 86' lang='lat' dir='ltr'>praeser-</span> 
     </span>
     <span class='ocr_line' id='line_1_24' title="bbox 407 1388 1150 1422; baseline 0 -1"><span class='ocrx_word' id='word_1_103' title='bbox 407 1389 463 1421; x_wconf 90' lang='lat' dir='ltr'>tim</span> <span class='ocrx_word' id='word_1_104' title='bbox 489 1389 647 1421; x_wconf 73' lang='lat' dir='ltr'>carissimi</span> <span class='ocrx_word' id='word_1_105' title='bbox 674 1389 706 1421; x_wconf 91' lang='lat' dir='ltr'>in</span> <span class='ocrx_word' id='word_1_106' title='bbox 732 1388 859 1421; x_wconf 85' lang='lat' dir='ltr'>Christo</span> <span class='ocrx_word' id='word_1_107' title='bbox 887 1388 941 1421; x_wconf 80' lang='lat' dir='ltr'>lilii</span> <span class='ocrx_word' id='word_1_108' title='bbox 962 1390 1063 1422; x_wconf 78' lang='lat' dir='ltr'>nostri</span> <span class='ocrx_word' id='word_1_109' title='bbox 1081 1389 1150 1421; x_wconf 88' lang='lat' dir='ltr'>Phi-</span> 
     </span>
     <span class='ocr_line' id='line_1_25' title="bbox 406 1443 1147 1486; baseline -0.003 -10"><span class='ocrx_word' id='word_1_110' title='bbox 406 1443 488 1486; x_wconf 88' lang='lat' dir='ltr'>lippi</span> <span class='ocrx_word' id='word_1_111' title='bbox 515 1443 537 1474; x_wconf 90' lang='lat' dir='ltr'>V</span> <span class='ocrx_word' id='word_1_112' title='bbox 572 1443 805 1485; x_wconf 79' lang='lat' dir='ltr'>Hispaniarum</span> <span class='ocrx_word' id='word_1_113' title='bbox 842 1443 928 1484; x_wconf 83' lang='lat' dir='ltr'>regis</span> <span class='ocrx_word' id='word_1_114' title='bbox 966 1443 1119 1475; x_wconf 81' lang='lat' dir='ltr'>catholici</span> <span class='ocrx_word' id='word_1_115' title='bbox 1140 1470 1147 1484; x_wconf 87' lang='lat'>,</span> 
     </span>
     <span class='ocr_line' id='line_1_26' title="bbox 408 1496 1149 1537; baseline 0 -9"><span class='ocrx_word' id='word_1_116' title='bbox 408 1496 548 1529; x_wconf 89' lang='lat' dir='ltr'>divinam</span> <span class='ocrx_word' id='word_1_117' title='bbox 563 1506 631 1528; x_wconf 85' lang='lat' dir='ltr'>rem</span> <span class='ocrx_word' id='word_1_118' title='bbox 651 1496 681 1527; x_wconf 93' lang='lat' dir='ltr'>in</span> <span class='ocrx_word' id='word_1_119' title='bbox 700 1506 810 1528; x_wconf 89' lang='lat' dir='ltr'>eorum</span> <span class='ocrx_word' id='word_1_120' title='bbox 828 1496 938 1537; x_wconf 84' lang='lat' dir='ltr'>regnis</span> <span class='ocrx_word' id='word_1_121' title='bbox 957 1507 1023 1528; x_wconf 88' lang='lat' dir='ltr'>non</span> <span class='ocrx_word' id='word_1_122' title='bbox 1044 1497 1149 1528; x_wconf 88' lang='lat' dir='ltr'>solum</span> 
     </span>
     <span class='ocr_line' id='line_1_27' title="bbox 405 1549 1148 1592; baseline -0.001 -10"><span class='ocrx_word' id='word_1_123' title='bbox 405 1550 513 1582; x_wconf 82' lang='lat' dir='ltr'>valido</span> <span class='ocrx_word' id='word_1_124' title='bbox 545 1549 775 1592; x_wconf 82' lang='lat' dir='ltr'>temporalium</span> <span class='ocrx_word' id='word_1_125' title='bbox 814 1559 998 1589; x_wconf 85' lang='lat' dir='ltr'>armorum,</span> <span class='ocrx_word' id='word_1_126' title='bbox 1036 1560 1148 1582; x_wconf 89' lang='lat' dir='ltr'>verum</span> 
     </span>
     <span class='ocr_line' id='line_1_28' title="bbox 408 1602 1151 1645; baseline -0.001 -11"><span class='ocrx_word' id='word_1_127' title='bbox 408 1602 505 1634; x_wconf 87' lang='lat' dir='ltr'>etiam</span> <span class='ocrx_word' id='word_1_128' title='bbox 530 1602 662 1634; x_wconf 83' lang='lat' dir='ltr'>caelesti</span> <span class='ocrx_word' id='word_1_129' title='bbox 687 1612 851 1634; x_wconf 88' lang='lat' dir='ltr'>sacrarum</span> <span class='ocrx_word' id='word_1_130' title='bbox 879 1602 1059 1634; x_wconf 88' lang='lat' dir='ltr'>litterarum</span> <span class='ocrx_word' id='word_1_131' title='bbox 1087 1602 1151 1645; x_wconf 80' lang='lat' dir='ltr'>cly-</span> 
     </span>
     <span class='ocr_line' id='line_1_29' title="bbox 407 1655 1150 1698; baseline 0.001 -11"><span class='ocrx_word' id='word_1_132' title='bbox 407 1665 470 1698; x_wconf 89' lang='lat' dir='ltr'>peo</span> <span class='ocrx_word' id='word_1_133' title='bbox 497 1655 580 1687; x_wconf 90' lang='lat' dir='ltr'>tueri</span> <span class='ocrx_word' id='word_1_134' title='bbox 606 1655 846 1696; x_wconf 77' lang='lat' dir='ltr'>satagentium,</span> <span class='ocrx_word' id='word_1_135' title='bbox 873 1655 999 1697; x_wconf 76' lang='lat' dir='ltr'>religio,</span> <span class='ocrx_word' id='word_1_136' title='bbox 1027 1655 1053 1687; x_wconf 91' lang='lat' dir='ltr'>si</span> <span class='ocrx_word' id='word_1_137' title='bbox 1072 1666 1150 1698; x_wconf 86' lang='lat' dir='ltr'>quas</span> 
     </span>
     <span class='ocr_line' id='line_1_30' title="bbox 408 1708 1150 1741; baseline 0.001 -1"><span class='ocrx_word' id='word_1_138' title='bbox 408 1708 636 1740; x_wconf 84' lang='lat' dir='ltr'>universitates</span> <span class='ocrx_word' id='word_1_139' title='bbox 663 1708 851 1741; x_wconf 82' lang='lat' dir='ltr'>huiusmodi</span> <span class='ocrx_word' id='word_1_140' title='bbox 884 1709 923 1741; x_wconf 90' lang='lat' dir='ltr'>ab</span> <span class='ocrx_word' id='word_1_141' title='bbox 961 1710 1150 1741; x_wconf 87' lang='lat' dir='ltr'>corumdem</span> 
     </span>
     <span class='ocr_line' id='line_1_31' title="bbox 406 1762 1150 1805; baseline 0.001 -12"><span class='ocrx_word' id='word_1_142' title='bbox 406 1762 594 1805; x_wconf 83' lang='lat' dir='ltr'>principum</span> <span class='ocrx_word' id='word_1_143' title='bbox 619 1762 777 1803; x_wconf 83' lang='lat' dir='ltr'>locupleti</span> <span class='ocrx_word' id='word_1_144' title='bbox 803 1772 914 1802; x_wconf 86' lang='lat' dir='ltr'>manu,</span> <span class='ocrx_word' id='word_1_145' title='bbox 935 1762 975 1794; x_wconf 83' lang='lat' dir='ltr'>ad</span> <span class='ocrx_word' id='word_1_146' title='bbox 993 1762 1150 1796; x_wconf 86' lang='lat' dir='ltr'>maiorem</span> 
     </span>
     <span class='ocr_line' id='line_1_32' title="bbox 406 1815 1151 1857; baseline 0 -10"><span class='ocrx_word' id='word_1_147' title='bbox 406 1815 462 1847; x_wconf 88' lang='lat' dir='ltr'>Dei</span> <span class='ocrx_word' id='word_1_148' title='bbox 481 1815 629 1857; x_wconf 79' lang='lat' dir='ltr'>gloriam,</span> <span class='ocrx_word' id='word_1_149' title='bbox 650 1825 763 1847; x_wconf 89' lang='lat' dir='ltr'>eorum</span> <span class='ocrx_word' id='word_1_150' title='bbox 783 1815 890 1855; x_wconf 76' lang='lat' dir='ltr'>regiae</span> <span class='ocrx_word' id='word_1_151' title='bbox 914 1815 1071 1857; x_wconf 76' lang='lat' dir='ltr'>largitatis</span> <span class='ocrx_word' id='word_1_152' title='bbox 1086 1815 1151 1848; x_wconf 88' lang='lat' dir='ltr'>lau-</span> 
     </span>
     <span class='ocr_line' id='line_1_33' title="bbox 409 1869 1152 1911; baseline 0.001 -11"><span class='ocrx_word' id='word_1_153' title='bbox 409 1869 500 1909; x_wconf 81' lang='lat' dir='ltr'>dem,</span> <span class='ocrx_word' id='word_1_154' title='bbox 528 1874 558 1901; x_wconf 88' lang='lat' dir='ltr'>et</span> <span class='ocrx_word' id='word_1_155' title='bbox 591 1869 790 1911; x_wconf 87' lang='lat' dir='ltr'>populorum</span> <span class='ocrx_word' id='word_1_156' title='bbox 817 1879 953 1901; x_wconf 86' lang='lat' dir='ltr'>suorum</span> <span class='ocrx_word' id='word_1_157' title='bbox 979 1880 1152 1901; x_wconf 86' lang='lat' dir='ltr'>ornamen-</span> 
     </span>
     <span class='ocr_line' id='line_1_34' title="bbox 409 1921 1150 1964; baseline 0.001 -11"><span class='ocrx_word' id='word_1_158' title='bbox 409 1927 491 1960; x_wconf 89' lang='lat' dir='ltr'>tum,</span> <span class='ocrx_word' id='word_1_159' title='bbox 518 1921 646 1954; x_wconf 84' lang='lat' dir='ltr'>noviter</span> <span class='ocrx_word' id='word_1_160' title='bbox 671 1927 819 1961; x_wconf 84' lang='lat' dir='ltr'>erectas,</span> <span class='ocrx_word' id='word_1_161' title='bbox 845 1927 877 1954; x_wconf 86' lang='lat' dir='ltr'>ct</span> <span class='ocrx_word' id='word_1_162' title='bbox 902 1922 1150 1964; x_wconf 85' lang='lat' dir='ltr'>approbationis</span> 
     </span>
     <span class='ocr_line' id='line_1_35' title="bbox 408 1975 1150 2017; baseline 0.001 -10"><span class='ocrx_word' id='word_1_163' title='bbox 408 1975 546 2017; x_wconf 84' lang='lat' dir='ltr'>aliisque</span> <span class='ocrx_word' id='word_1_164' title='bbox 572 1975 770 2016; x_wconf 85' lang='lat' dir='ltr'>apostolicae</span> <span class='ocrx_word' id='word_1_165' title='bbox 793 1981 924 2007; x_wconf 85' lang='lat' dir='ltr'>nostrae</span> <span class='ocrx_word' id='word_1_166' title='bbox 944 1975 1150 2009; x_wconf 72' lang='lat' dir='ltr'>liberalitatis</span> 
     </span>
     <span class='ocr_line' id='line_1_36' title="bbox 408 2028 1148 2070; baseline 0.004 -11"><span class='ocrx_word' id='word_1_167' title='bbox 408 2028 593 2070; x_wconf 80' lang='lat' dir='ltr'>insignibus</span> <span class='ocrx_word' id='word_1_168' title='bbox 622 2029 716 2061; x_wconf 88' lang='lat' dir='ltr'>nobis</span> <span class='ocrx_word' id='word_1_169' title='bbox 755 2029 888 2061; x_wconf 83' lang='lat' dir='ltr'>exbibet</span> <span class='ocrx_word' id='word_1_170' title='bbox 925 2030 1148 2070; x_wconf 84' lang='lat' dir='ltr'>decorandas,</span> 
     </span>
     <span class='ocr_line' id='line_1_37' title="bbox 409 2081 1151 2125; baseline 0.004 -13"><span class='ocrx_word' id='word_1_171' title='bbox 409 2081 506 2113; x_wconf 82' lang='lat' dir='ltr'>hilari</span> <span class='ocrx_word' id='word_1_172' title='bbox 524 2081 650 2123; x_wconf 84' lang='lat' dir='ltr'>paterni</span> <span class='ocrx_word' id='word_1_173' title='bbox 668 2081 770 2113; x_wconf 85' lang='lat' dir='ltr'>nostri</span> <span class='ocrx_word' id='word_1_174' title='bbox 789 2082 909 2114; x_wconf 86' lang='lat' dir='ltr'>amoris</span> <span class='ocrx_word' id='word_1_175' title='bbox 928 2083 1079 2125; x_wconf 82' lang='lat' dir='ltr'>amplexu</span> <span class='ocrx_word' id='word_1_176' title='bbox 1098 2093 1151 2115; x_wconf 86' lang='lat' dir='ltr'>eas</span> 
     </span>
     <span class='ocr_line' id='line_1_38' title="bbox 409 2133 1152 2178; baseline 0.003 -12"><span class='ocrx_word' id='word_1_177' title='bbox 409 2133 588 2177; x_wconf 85' lang='lat' dir='ltr'>excipimus</span> <span class='ocrx_word' id='word_1_178' title='bbox 605 2160 612 2174; x_wconf 84' lang='lat'>,</span> <span class='ocrx_word' id='word_1_179' title='bbox 640 2139 672 2166; x_wconf 88' lang='lat' dir='ltr'>et</span> <span class='ocrx_word' id='word_1_180' title='bbox 697 2135 836 2167; x_wconf 84' lang='lat' dir='ltr'>illustria</span> <span class='ocrx_word' id='word_1_181' title='bbox 862 2135 1058 2178; x_wconf 84' lang='lat' dir='ltr'>erigentium</span> <span class='ocrx_word' id='word_1_182' title='bbox 1080 2136 1152 2168; x_wconf 88' lang='lat' dir='ltr'>cha-</span> 
     </span>
     <span class='ocr_line' id='line_1_39' title="bbox 409 2187 1150 2231; baseline 0.005 -13"><span class='ocrx_word' id='word_1_183' title='bbox 409 2187 540 2220; x_wconf 85' lang='lat' dir='ltr'>rismata</span> <span class='ocrx_word' id='word_1_184' title='bbox 566 2188 746 2227; x_wconf 82' lang='lat' dir='ltr'>laudantes,</span> <span class='ocrx_word' id='word_1_185' title='bbox 774 2199 878 2231; x_wconf 83' lang='lat' dir='ltr'>eaque</span> <span class='ocrx_word' id='word_1_186' title='bbox 904 2190 1104 2222; x_wconf 83' lang='lat' dir='ltr'>aemulantes</span> <span class='ocrx_word' id='word_1_187' title='bbox 1118 2189 1150 2221; x_wconf 91' lang='lat' dir='ltr'>in</span> 
     </span>
     <span class='ocr_line' id='line_1_40' title="bbox 408 2241 1150 2284; baseline 0.001 -11"><span class='ocrx_word' id='word_1_188' title='bbox 408 2241 557 2280; x_wconf 90' lang='lat' dir='ltr'>Domino,</span> <span class='ocrx_word' id='word_1_189' title='bbox 587 2251 690 2284; x_wconf 86' lang='lat' dir='ltr'>aequo</span> <span class='ocrx_word' id='word_1_190' title='bbox 715 2241 823 2274; x_wconf 88' lang='lat' dir='ltr'>animo</span> <span class='ocrx_word' id='word_1_191' title='bbox 850 2247 879 2274; x_wconf 89' lang='lat' dir='ltr'>et</span> <span class='ocrx_word' id='word_1_192' title='bbox 900 2242 1035 2284; x_wconf 75' lang='lat' dir='ltr'>provida</span> <span class='ocrx_word' id='word_1_193' title='bbox 1053 2253 1150 2274; x_wconf 88' lang='lat' dir='ltr'>manu</span> 
     </span>
     <span class='ocr_line' id='line_1_41' title="bbox 410 2294 1149 2338; baseline 0.004 -13"><span class='ocrx_word' id='word_1_194' title='bbox 410 2294 520 2326; x_wconf 89' lang='lat' dir='ltr'>omnia</span> <span class='ocrx_word' id='word_1_195' title='bbox 546 2294 691 2336; x_wconf 86' lang='lat' dir='ltr'>desuper</span> <span class='ocrx_word' id='word_1_196' title='bbox 715 2295 934 2337; x_wconf 59' lang='lat' dir='ltr'>iz‘npartinuir,</span> <span class='ocrx_word' id='word_1_197' title='bbox 962 2306 1044 2338; x_wconf 86' lang='lat' dir='ltr'>quae</span> <span class='ocrx_word' id='word_1_198' title='bbox 1065 2296 1149 2328; x_wconf 80' lang='lat' dir='ltr'>sclici</span> 
     </span>
     <span class='ocr_line' id='line_1_42' title="bbox 411 2347 1151 2391; baseline 0.005 -14"><span class='ocrx_word' id='word_1_199' title='bbox 411 2347 554 2389; x_wconf 75' lang='lat' dir='ltr'>ipsarum</span> <span class='ocrx_word' id='word_1_200' title='bbox 582 2348 830 2379; x_wconf 64' lang='lat' dir='ltr'>universitatum</span> <span class='ocrx_word' id='word_1_201' title='bbox 856 2348 1021 2380; x_wconf 75' lang='lat' dir='ltr'>successui</span> <span class='ocrx_word' id='word_1_202' title='bbox 1043 2355 1074 2381; x_wconf 89' lang='lat' dir='ltr'>et</span> <span class='ocrx_word' id='word_1_203' title='bbox 1097 2360 1151 2391; x_wconf 89' lang='lat' dir='ltr'>pe-</span> 
     </span>
     <span class='ocr_line' id='line_1_43' title="bbox 411 2400 1150 2435; baseline 0.007 -5"><span class='ocrx_word' id='word_1_204' title='bbox 411 2400 502 2431; x_wconf 89' lang='lat' dir='ltr'>renni</span> <span class='ocrx_word' id='word_1_205' title='bbox 529 2410 664 2432; x_wconf 85' lang='lat' dir='ltr'>suorum</span> <span class='ocrx_word' id='word_1_206' title='bbox 698 2401 902 2433; x_wconf 65' lang='lat' dir='ltr'>fundatorum</span> <span class='ocrx_word' id='word_1_207' title='bbox 939 2408 1150 2435; x_wconf 85' lang='lat' dir='ltr'>monumento</span> 
     </span>
     <span class='ocr_line' id='line_1_44' title="bbox 411 2452 1152 2493; baseline 0.005 -10"><span class='ocrx_word' id='word_1_208' title='bbox 411 2452 632 2493; x_wconf 86' lang='lat' dir='ltr'>conspicimus</span> <span class='ocrx_word' id='word_1_209' title='bbox 670 2453 700 2485; x_wconf 89' lang='lat' dir='ltr'>in</span> <span class='ocrx_word' id='word_1_210' title='bbox 737 2453 875 2486; x_wconf 87' lang='lat' dir='ltr'>eodem¹</span> <span class='ocrx_word' id='word_1_211' title='bbox 901 2454 1038 2487; x_wconf 88' lang='lat' dir='ltr'>Domino</span> <span class='ocrx_word' id='word_1_212' title='bbox 1070 2456 1152 2487; x_wconf 86' lang='lat' dir='ltr'>salu-</span> 
     </span>
     <span class='ocr_line' id='line_1_45' title="bbox 411 2504 706 2548; baseline 0.01 -13"><span class='ocrx_word' id='word_1_213' title='bbox 411 2504 514 2536; x_wconf 85' lang='lat' dir='ltr'>briter</span> <span class='ocrx_word' id='word_1_214' title='bbox 540 2506 706 2548; x_wconf 84' lang='lat' dir='ltr'>expedire.</span> 
     </span>
    </p>

    <p class='ocr_par' dir='ltr' id='par_1_7' title="bbox 450 2566 977 2603">
     <span class='ocr_line' id='line_1_46' title="bbox 450 2566 977 2603; baseline 0.008 -12"><span class='ocrx_word' id='word_1_215' title='bbox 450 2568 458 2592; x_wconf 85' lang='grc'>1</span> <span class='ocrx_word' id='word_1_216' title='bbox 484 2566 554 2592; x_wconf 82' lang='lat' dir='ltr'>Edit.</span> <span class='ocrx_word' id='word_1_217' title='bbox 576 2567 648 2593; x_wconf 85' lang='lat' dir='ltr'>Main</span> <span class='ocrx_word' id='word_1_218' title='bbox 669 2567 732 2603; x_wconf 83' lang='lat' dir='ltr'>legit</span> <span class='ocrx_word' id='word_1_219' title='bbox 752 2568 851 2595; x_wconf 83' lang='lat' dir='ltr'>eadem</span> <span class='ocrx_word' id='word_1_220' title='bbox 872 2569 910 2603; x_wconf 76' lang='lat' dir='ltr'>(n.</span> <span class='ocrx_word' id='word_1_221' title='bbox 928 2572 977 2599; x_wconf 85' lang='lat' dir='ltr'>T.).</span> 
     </span>
    </p>
   </div>
   <div class='ocr_carea' id='block_1_5' title="bbox 999 172 1364 197">
    <p class='ocr_par' dir='ltr' id='par_1_8' title="bbox 999 172 1364 197">
     <span class='ocr_line' id='line_1_47' title="bbox 999 172 1364 197; baseline 0.008 -3"><span class='ocrx_word' id='word_1_222' title='bbox 999 172 1096 195; x_wconf 78' lang='lat' dir='ltr'><strong>BULLA</strong></span> <span class='ocrx_word' id='word_1_223' title='bbox 1105 173 1181 196; x_wconf 76' lang='lat' dir='ltr'>ntum</span> <span class='ocrx_word' id='word_1_224' title='bbox 1209 173 1364 197; x_wconf 80' lang='lat' dir='ltr'>ROMANUM</span> 
     </span>
    </p>
   </div>
   <div class='ocr_carea' id='block_1_6' title="bbox 1167 497 1174 1209">
    <p class='ocr_par' dir='ltr' id='par_1_9' title="bbox 1167 497 1174 1209">
     <span class='ocr_line' id='line_1_48' title="bbox 1167 497 1174 1209; baseline 0 0"><span class='ocrx_word' id='word_1_225' title='bbox 1167 497 1174 1209; x_wconf 95' lang='lat' dir='ltr'> </span> 
     </span>
    </p>
   </div>
   <div class='ocr_carea' id='block_1_7' title="bbox 1170 1376 1177 2468">
    <p class='ocr_par' dir='ltr' id='par_1_10' title="bbox 1170 1376 1177 2468">
     <span class='ocr_line' id='line_1_49' title="bbox 1170 1376 1177 2468; baseline 0 0"><span class='ocrx_word' id='word_1_226' title='bbox 1170 1376 1177 2468; x_wconf 95' lang='lat' dir='ltr'> </span> 
     </span>
    </p>
   </div>
   <div class='ocr_carea' id='block_1_8' title="bbox 1939 173 2129 204">
    <p class='ocr_par' dir='ltr' id='par_1_11' title="bbox 1939 173 2129 204">
     <span class='ocr_line' id='line_1_50' title="bbox 1939 173 2129 204; baseline 0.026 -5"><span class='ocrx_word' id='word_1_227' title='bbox 1939 174 1993 200; x_wconf 84' lang='lat' dir='ltr'>An.</span> <span class='ocrx_word' id='word_1_228' title='bbox 2014 173 2043 201; x_wconf 88' lang='lat' dir='ltr'>C.</span> <span class='ocrx_word' id='word_1_229' title='bbox 2061 176 2129 204; x_wconf 83' lang='lat'><strong>1730</strong></span> 
     </span>
    </p>
   </div>
   <div class='ocr_carea' id='block_1_9' title="bbox 1190 221 2128 393">
    <p class='ocr_par' dir='ltr' id='par_1_12' title="bbox 1190 221 2128 393">
     <span class='ocr_line' id='line_1_51' title="bbox 1234 221 2127 266; baseline 0.004 -13"><span class='ocrx_word' id='word_1_230' title='bbox 1234 221 1248 264; x_wconf 63' lang='lat' dir='ltr'>g</span> <span class='ocrx_word' id='word_1_231' title='bbox 1273 221 1304 254; x_wconf 82' lang='lat'>1.</span> <span class='ocrx_word' id='word_1_232' title='bbox 1332 222 1408 255; x_wconf 87' lang='lat' dir='ltr'>Cum</span> <span class='ocrx_word' id='word_1_233' title='bbox 1435 222 1544 265; x_wconf 83' lang='lat' dir='ltr'>itaque</span> <span class='ocrx_word' id='word_1_234' title='bbox 1565 249 1571 261; x_wconf 93' lang='lat'><em>‚</em></span> <span class='ocrx_word' id='word_1_235' title='bbox 1601 223 1684 255; x_wconf 87' lang='lat' dir='ltr'>sicut</span> <span class='ocrx_word' id='word_1_236' title='bbox 1719 223 1904 266; x_wconf 85' lang='lat' dir='ltr'>accepimus</span> <span class='ocrx_word' id='word_1_237' title='bbox 1924 235 2059 265; x_wconf 50' lang='lat' dir='ltr'>‚Ausdemsa</span> <span class='ocrx_word' id='word_1_238' title='bbox 2078 236 2127 257; x_wconf 68' lang='lat' dir='ltr'>eer-</span> 
     </span>
     <span class='ocr_line' id='line_1_52' title="bbox 1190 267 2127 319; baseline -0.001 -12"><span class='ocrx_word' id='word_1_239' title='bbox 1190 275 1377 307; x_wconf 85' lang='lat' dir='ltr'>carissimus</span> <span class='ocrx_word' id='word_1_240' title='bbox 1402 276 1434 308; x_wconf 90' lang='lat' dir='ltr'>in</span> <span class='ocrx_word' id='word_1_241' title='bbox 1461 275 1588 309; x_wconf 86' lang='lat' dir='ltr'>Christo</span> <span class='ocrx_word' id='word_1_242' title='bbox 1615 276 1698 308; x_wconf 79' lang='lat' dir='ltr'>filius</span> <span class='ocrx_word' id='word_1_243' title='bbox 1726 281 1837 308; x_wconf 88' lang='lat' dir='ltr'>noster</span> <span class='ocrx_word' id='word_1_244' title='bbox 1860 267 2127 319; x_wconf 54' lang='lat' dir='ltr'>Pl1i-l?52¹530?p1}3}31</span> 
     </span>
     <span class='ocr_line' id='line_1_53' title="bbox 1190 314 2128 393; baseline -0.002 -34"><span class='ocrx_word' id='word_1_245' title='bbox 1190 328 1298 371; x_wconf 90' lang='lat' dir='ltr'>lippus</span> <span class='ocrx_word' id='word_1_246' title='bbox 1324 328 1387 361; x_wconf 89' lang='lat' dir='ltr'>hoe</span> <span class='ocrx_word' id='word_1_247' title='bbox 1412 329 1544 362; x_wconf 82' lang='lat' dir='ltr'>nornine</span> <span class='ocrx_word' id='word_1_248' title='bbox 1570 329 1592 360; x_wconf 91' lang='lat' dir='ltr'>V</span> <span class='ocrx_word' id='word_1_249' title='bbox 1617 329 1844 372; x_wconf 85' lang='lat' dir='ltr'>Hispaniarum</span> <span class='ocrx_word' id='word_1_250' title='bbox 1878 339 1932 361; x_wconf 80' lang='lat' dir='ltr'>rex</span> <span class='ocrx_word' id='word_1_251' title='bbox 1945 314 2128 393; x_wconf 49' lang='lat' dir='ltr'>{fssvffiffiss&#39;</span> 
     </span>
    </p>

    <p class='ocr_par' dir='ltr' id='par_1_13' title="bbox 1989 374 2126 391">
     <span class='ocr_line' id='line_1_54' title="bbox 1989 374 2126 391; baseline 0.015 -4"><span class='ocrx_word' id='word_1_252' title='bbox 1989 383 1994 391; x_wconf 86' lang='lat'>,</span> <span class='ocrx_word' id='word_1_253' title='bbox 2102 374 2126 389; x_wconf 71' lang='lat' dir='ltr'>HS</span> 
     </span>
    </p>
   </div>
   <div class='ocr_carea' id='block_1_10' title="bbox 1191 381 2164 424">
    <p class='ocr_par' dir='ltr' id='par_1_14' title="bbox 1191 381 2164 424">
     <span class='ocr_line' id='line_1_55' title="bbox 1191 381 2164 424; baseline 0.002 -12"><span class='ocrx_word' id='word_1_254' title='bbox 1191 381 1371 414; x_wconf 81' lang='lat' dir='ltr'>catholicus</span> <span class='ocrx_word' id='word_1_255' title='bbox 1388 408 1395 421; x_wconf 84' lang='lat'><em>‚</em></span> <span class='ocrx_word' id='word_1_256' title='bbox 1422 382 1567 424; x_wconf 85' lang='lat' dir='ltr'>cupiens,</span> <span class='ocrx_word' id='word_1_257' title='bbox 1593 387 1691 424; x_wconf 88' lang='lat' dir='ltr'>prout</span> <span class='ocrx_word' id='word_1_258' title='bbox 1716 392 1792 414; x_wconf 91' lang='lat' dir='ltr'>vere</span> <span class='ocrx_word' id='word_1_259' title='bbox 1820 381 2128 418; x_wconf 75' lang='lat' dir='ltr'>catho-munaa‚acsa-</span> <span class='ocrx_word' id='word_1_260' title='bbox 2146 393 2164 418; x_wconf 53' lang='lat' dir='ltr'>,z</span> 
     </span>
    </p>
   </div>
   <div class='ocr_carea' id='block_1_11' title="bbox 1191 420 2129 476">
    <p class='ocr_par' dir='ltr' id='par_1_15' title="bbox 1191 420 2129 476">
     <span class='ocr_line' id='line_1_56' title="bbox 1191 420 2129 476; baseline 0.002 -11"><span class='ocrx_word' id='word_1_261' title='bbox 1191 434 1286 466; x_wconf 88' lang='lat' dir='ltr'>licum</span> <span class='ocrx_word' id='word_1_262' title='bbox 1313 434 1405 466; x_wconf 90' lang='lat' dir='ltr'>decet</span> <span class='ocrx_word' id='word_1_263' title='bbox 1431 445 1541 476; x_wconf 83' lang='lat' dir='ltr'>regem</span> <span class='ocrx_word' id='word_1_264' title='bbox 1561 462 1568 474; x_wconf 89' lang='lat'>,</span> <span class='ocrx_word' id='word_1_265' title='bbox 1598 441 1631 466; x_wconf 93' lang='lat' dir='ltr'>ut</span> <span class='ocrx_word' id='word_1_266' title='bbox 1655 435 1687 467; x_wconf 89' lang='lat' dir='ltr'>in</span> <span class='ocrx_word' id='word_1_267' title='bbox 1714 434 1850 476; x_wconf 83' lang='lat' dir='ltr'>singulis</span> <span class='ocrx_word' id='word_1_268' title='bbox 1884 420 2129 468; x_wconf 59' lang='lat' dir='ltr'>1·e-¹n⁰22³55‘ssl¹;&#39;t²iu?.“</span> 
     </span>
    </p>
   </div>
   <div class='ocr_carea' id='block_1_12' title="bbox 1191 487 1939 2606">
    <p class='ocr_par' dir='ltr' id='par_1_16' title="bbox 1191 487 1938 1589">
     <span class='ocr_line' id='line_1_57' title="bbox 1191 487 1934 530; baseline 0.003 -12"><span class='ocrx_word' id='word_1_269' title='bbox 1191 487 1262 528; x_wconf 75' lang='lat' dir='ltr'>gnis</span> <span class='ocrx_word' id='word_1_270' title='bbox 1288 492 1319 519; x_wconf 88' lang='lat' dir='ltr'>et</span> <span class='ocrx_word' id='word_1_271' title='bbox 1338 487 1577 529; x_wconf 86' lang='lat' dir='ltr'>principatibus</span> <span class='ocrx_word' id='word_1_272' title='bbox 1598 488 1707 530; x_wconf 82' lang='lat' dir='ltr'>regiae</span> <span class='ocrx_word' id='word_1_273' title='bbox 1721 499 1798 520; x_wconf 85' lang='lat' dir='ltr'>suae</span> <span class='ocrx_word' id='word_1_274' title='bbox 1817 487 1934 520; x_wconf 88' lang='lat' dir='ltr'>ditioni</span> 
     </span>
     <span class='ocr_line' id='line_1_58' title="bbox 1191 539 1935 583; baseline 0.003 -12"><span class='ocrx_word' id='word_1_275' title='bbox 1191 539 1346 572; x_wconf 79' lang='lat' dir='ltr'>subiectis</span> <span class='ocrx_word' id='word_1_276' title='bbox 1371 550 1437 572; x_wconf 90' lang='lat' dir='ltr'>non</span> <span class='ocrx_word' id='word_1_277' title='bbox 1463 541 1568 573; x_wconf 87' lang='lat' dir='ltr'>solum</span> <span class='ocrx_word' id='word_1_278' title='bbox 1597 540 1796 583; x_wconf 89' lang='lat' dir='ltr'>temporalis,</span> <span class='ocrx_word' id='word_1_279' title='bbox 1822 551 1935 573; x_wconf 90' lang='lat' dir='ltr'>verum</span> 
     </span>
     <span class='ocr_line' id='line_1_59' title="bbox 1191 592 1935 636; baseline 0.001 -12"><span class='ocrx_word' id='word_1_280' title='bbox 1191 592 1287 625; x_wconf 84' lang='lat' dir='ltr'>etiam</span> <span class='ocrx_word' id='word_1_281' title='bbox 1312 593 1491 636; x_wconf 82' lang='lat' dir='ltr'>spiritualis</span> <span class='ocrx_word' id='word_1_282' title='bbox 1517 604 1569 625; x_wconf 88' lang='lat' dir='ltr'>res</span> <span class='ocrx_word' id='word_1_283' title='bbox 1594 594 1633 625; x_wconf 82' lang='lat' dir='ltr'>ad</span> <span class='ocrx_word' id='word_1_284' title='bbox 1659 593 1758 626; x_wconf 89' lang='lat' dir='ltr'>divini</span> <span class='ocrx_word' id='word_1_285' title='bbox 1794 593 1935 626; x_wconf 86' lang='lat' dir='ltr'>nominis</span> 
     </span>
     <span class='ocr_line' id='line_1_60' title="bbox 1191 646 1936 689; baseline 0.001 -12"><span class='ocrx_word' id='word_1_286' title='bbox 1191 646 1328 687; x_wconf 81' lang='lat' dir='ltr'>gloriam</span> <span class='ocrx_word' id='word_1_287' title='bbox 1355 651 1387 678; x_wconf 84' lang='lat' dir='ltr'>et</span> <span class='ocrx_word' id='word_1_288' title='bbox 1412 647 1654 679; x_wconf 89' lang='lat' dir='ltr'>ecclesiastieae</span> <span class='ocrx_word' id='word_1_289' title='bbox 1670 646 1863 689; x_wconf 85' lang='lat' dir='ltr'>disciplinae</span> <span class='ocrx_word' id='word_1_290' title='bbox 1881 657 1936 678; x_wconf 85' lang='lat' dir='ltr'>au-</span> 
     </span>
     <span class='ocr_line' id='line_1_61' title="bbox 1191 699 1935 741; baseline 0.003 -11"><span class='ocrx_word' id='word_1_291' title='bbox 1191 705 1356 741; x_wconf 86' lang='lat' dir='ltr'>gmentum</span> <span class='ocrx_word' id='word_1_292' title='bbox 1382 699 1564 732; x_wconf 84' lang='lat' dir='ltr'>efflorescat</span> <span class='ocrx_word' id='word_1_293' title='bbox 1596 700 1627 731; x_wconf 91' lang='lat' dir='ltr'>in</span> <span class='ocrx_word' id='word_1_294' title='bbox 1660 700 1749 739; x_wconf 88' lang='lat' dir='ltr'>dies,</span> <span class='ocrx_word' id='word_1_295' title='bbox 1776 704 1808 732; x_wconf 89' lang='lat' dir='ltr'>et</span> <span class='ocrx_word' id='word_1_296' title='bbox 1832 704 1935 732; x_wconf 87' lang='lat' dir='ltr'>atten-</span> 
     </span>
     <span class='ocr_line' id='line_1_62' title="bbox 1191 751 1934 794; baseline 0 -10"><span class='ocrx_word' id='word_1_297' title='bbox 1191 751 1271 784; x_wconf 85' lang='lat' dir='ltr'>dens</span> <span class='ocrx_word' id='word_1_298' title='bbox 1309 758 1466 794; x_wconf 82' lang='lat' dir='ltr'>quantun]</span> <span class='ocrx_word' id='word_1_299' title='bbox 1503 753 1543 785; x_wconf 87' lang='lat' dir='ltr'>ad</span> <span class='ocrx_word' id='word_1_300' title='bbox 1579 753 1610 785; x_wconf 91' lang='lat' dir='ltr'>id</span> <span class='ocrx_word' id='word_1_301' title='bbox 1643 751 1793 784; x_wconf 86' lang='lat' dir='ltr'>utilitatis</span> <span class='ocrx_word' id='word_1_302' title='bbox 1818 751 1934 784; x_wconf 72' lang='lat' dir='ltr'>afferre</span> 
     </span>
     <span class='ocr_line' id='line_1_63' title="bbox 1191 805 1935 847; baseline 0 -11"><span class='ocrx_word' id='word_1_303' title='bbox 1191 805 1319 837; x_wconf 84' lang='lat' dir='ltr'>soleant</span> <span class='ocrx_word' id='word_1_304' title='bbox 1344 805 1543 847; x_wconf 84' lang='lat' dir='ltr'>approbatae</span> <span class='ocrx_word' id='word_1_305' title='bbox 1581 805 1764 838; x_wconf 85' lang='lat' dir='ltr'>studiorum</span> <span class='ocrx_word' id='word_1_306' title='bbox 1798 814 1935 846; x_wconf 82' lang='lat' dir='ltr'>genera-</span> 
     </span>
     <span class='ocr_line' id='line_1_64' title="bbox 1191 858 1935 900; baseline 0.001 -11"><span class='ocrx_word' id='word_1_307' title='bbox 1191 858 1271 890; x_wconf 91' lang='lat' dir='ltr'>lium</span> <span class='ocrx_word' id='word_1_308' title='bbox 1296 858 1524 891; x_wconf 84' lang='lat' dir='ltr'>universitates</span> <span class='ocrx_word' id='word_1_309' title='bbox 1544 886 1551 898; x_wconf 90' lang='lat'>,</span> <span class='ocrx_word' id='word_1_310' title='bbox 1576 870 1673 891; x_wconf 87' lang='lat' dir='ltr'>unam</span> <span class='ocrx_word' id='word_1_311' title='bbox 1699 858 1798 891; x_wconf 88' lang='lat' dir='ltr'>studii</span> <span class='ocrx_word' id='word_1_312' title='bbox 1835 867 1935 900; x_wconf 81' lang='lat' dir='ltr'>gene-</span> 
     </span>
     <span class='ocr_line' id='line_1_65' title="bbox 1192 912 1936 944; baseline 0 -1"><span class='ocrx_word' id='word_1_313' title='bbox 1192 912 1268 943; x_wconf 87' lang='lat' dir='ltr'>ralis</span> <span class='ocrx_word' id='word_1_314' title='bbox 1295 912 1480 944; x_wconf 89' lang='lat' dir='ltr'>huiusmodi</span> <span class='ocrx_word' id='word_1_315' title='bbox 1508 912 1757 944; x_wconf 84' lang='lat' dir='ltr'>universitatem</span> <span class='ocrx_word' id='word_1_316' title='bbox 1795 912 1826 943; x_wconf 90' lang='lat' dir='ltr'>in</span> <span class='ocrx_word' id='word_1_317' title='bbox 1859 921 1936 943; x_wconf 84' lang='lat' dir='ltr'>con—</span> 
     </span>
     <span class='ocr_line' id='line_1_66' title="bbox 1192 964 1935 1008; baseline 0.001 -12"><span class='ocrx_word' id='word_1_318' title='bbox 1192 964 1303 1006; x_wconf 88' lang='lat' dir='ltr'>spicuo</span> <span class='ocrx_word' id='word_1_319' title='bbox 1328 970 1360 997; x_wconf 89' lang='lat' dir='ltr'>et</span> <span class='ocrx_word' id='word_1_320' title='bbox 1384 965 1444 997; x_wconf 85' lang='lat' dir='ltr'>sibi</span> <span class='ocrx_word' id='word_1_321' title='bbox 1471 970 1623 1008; x_wconf 83' lang='lat' dir='ltr'>pergrato</span> <span class='ocrx_word' id='word_1_322' title='bbox 1650 965 1773 1008; x_wconf 90' lang='lat' dir='ltr'>oppido</span> <span class='ocrx_word' id='word_1_323' title='bbox 1806 964 1935 997; x_wconf 85' lang='lat' dir='ltr'>civitate</span> 
     </span>
     <span class='ocr_line' id='line_1_67' title="bbox 1192 1018 1936 1061; baseline 0.003 -12"><span class='ocrx_word' id='word_1_324' title='bbox 1192 1024 1381 1061; x_wconf 87' lang='lat' dir='ltr'>nuncupato</span> <span class='ocrx_word' id='word_1_325' title='bbox 1407 1019 1588 1058; x_wconf 60' lang='lat' dir='ltr'>Cervarffle,</span> <span class='ocrx_word' id='word_1_326' title='bbox 1614 1018 1820 1051; x_wconf 86' lang='lat' dir='ltr'>Celsonensis</span> <span class='ocrx_word' id='word_1_327' title='bbox 1848 1019 1936 1051; x_wconf 84' lang='lat' dir='ltr'>dioe-</span> 
     </span>
     <span class='ocr_line' id='line_1_68' title="bbox 1192 1071 1936 1114; baseline 0.001 -12"><span class='ocrx_word' id='word_1_328' title='bbox 1192 1071 1284 1111; x_wconf 79' lang='lat' dir='ltr'>cesis,</span> <span class='ocrx_word' id='word_1_329' title='bbox 1312 1072 1398 1114; x_wconf 87' lang='lat' dir='ltr'>quod</span> <span class='ocrx_word' id='word_1_330' title='bbox 1418 1072 1622 1104; x_wconf 73' lang='lat' dir='ltr'>nobilissima</span> <span class='ocrx_word' id='word_1_331' title='bbox 1641 1072 1838 1104; x_wconf 88' lang='lat' dir='ltr'>amoenitate</span> <span class='ocrx_word' id='word_1_332' title='bbox 1863 1081 1936 1104; x_wconf 82' lang='lat' dir='ltr'>cae-</span> 
     </span>
     <span class='ocr_line' id='line_1_69' title="bbox 1192 1124 1935 1167; baseline 0.001 -11"><span class='ocrx_word' id='word_1_333' title='bbox 1192 1124 1214 1156; x_wconf 93' lang='lat' dir='ltr'>li</span> <span class='ocrx_word' id='word_1_334' title='bbox 1241 1130 1272 1157; x_wconf 87' lang='lat' dir='ltr'>et</span> <span class='ocrx_word' id='word_1_335' title='bbox 1307 1124 1369 1157; x_wconf 88' lang='lat' dir='ltr'>soli</span> <span class='ocrx_word' id='word_1_336' title='bbox 1402 1125 1552 1157; x_wconf 86' lang='lat' dir='ltr'>ubertate</span> <span class='ocrx_word' id='word_1_337' title='bbox 1587 1135 1686 1167; x_wconf 88' lang='lat' dir='ltr'>supra</span> <span class='ocrx_word' id='word_1_338' title='bbox 1717 1125 1853 1165; x_wconf 88' lang='lat' dir='ltr'>collem,</span> <span class='ocrx_word' id='word_1_339' title='bbox 1881 1124 1935 1167; x_wconf 84' lang='lat' dir='ltr'>qui</span> 
     </span>
     <span class='ocr_line' id='line_1_70' title="bbox 1193 1177 1936 1219; baseline 0.001 -10"><span class='ocrx_word' id='word_1_340' title='bbox 1193 1178 1391 1219; x_wconf 78' lang='lat' dir='ltr'>cognomine</span> <span class='ocrx_word' id='word_1_341' title='bbox 1427 1177 1524 1210; x_wconf 92' lang='lat' dir='ltr'>ssuvio</span> <span class='ocrx_word' id='word_1_342' title='bbox 1563 1178 1711 1218; x_wconf 87' lang='lat' dir='ltr'>alluitur,</span> <span class='ocrx_word' id='word_1_343' title='bbox 1738 1178 1775 1210; x_wconf 89' lang='lat' dir='ltr'>ad</span> <span class='ocrx_word' id='word_1_344' title='bbox 1806 1177 1936 1210; x_wconf 89' lang='lat' dir='ltr'>umbili-</span> 
     </span>
     <span class='ocr_line' id='line_1_71' title="bbox 1193 1231 1936 1274; baseline 0.001 -12"><span class='ocrx_word' id='word_1_345' title='bbox 1193 1241 1265 1263; x_wconf 89' lang='lat' dir='ltr'>cum</span> <span class='ocrx_word' id='word_1_346' title='bbox 1286 1231 1352 1263; x_wconf 81' lang='lat' dir='ltr'>sere</span> <span class='ocrx_word' id='word_1_347' title='bbox 1370 1231 1556 1274; x_wconf 87' lang='lat' dir='ltr'>provinciae</span> <span class='ocrx_word' id='word_1_348' title='bbox 1574 1231 1778 1264; x_wconf 84' lang='lat' dir='ltr'>Catalauniae</span> <span class='ocrx_word' id='word_1_349' title='bbox 1793 1231 1936 1274; x_wconf 89' lang='lat' dir='ltr'>positum</span> 
     </span>
     <span class='ocr_line' id='line_1_72' title="bbox 1194 1283 1936 1327; baseline 0 -11"><span class='ocrx_word' id='word_1_350' title='bbox 1194 1283 1326 1323; x_wconf 79' lang='lat' dir='ltr'>existit,</span> <span class='ocrx_word' id='word_1_351' title='bbox 1353 1284 1499 1317; x_wconf 77' lang='lat' dir='ltr'>maximis</span> <span class='ocrx_word' id='word_1_352' title='bbox 1526 1285 1710 1327; x_wconf 84' lang='lat' dir='ltr'>quibusque</span> <span class='ocrx_word' id='word_1_353' title='bbox 1735 1295 1801 1317; x_wconf 91' lang='lat' dir='ltr'>non</span> <span class='ocrx_word' id='word_1_354' title='bbox 1827 1284 1936 1327; x_wconf 83' lang='lat' dir='ltr'>dispa-</span> 
     </span>
     <span class='ocr_line' id='line_1_73' title="bbox 1193 1337 1937 1377; baseline -0.001 -7"><span class='ocrx_word' id='word_1_355' title='bbox 1193 1348 1262 1370; x_wconf 89' lang='lat' dir='ltr'>rem</span> <span class='ocrx_word' id='word_1_356' title='bbox 1283 1365 1289 1377; x_wconf 91' lang='lat'>,</span> <span class='ocrx_word' id='word_1_357' title='bbox 1318 1344 1350 1370; x_wconf 86' lang='lat' dir='ltr'>et</span> <span class='ocrx_word' id='word_1_358' title='bbox 1374 1337 1460 1371; x_wconf 87' lang='lat' dir='ltr'>inter</span> <span class='ocrx_word' id='word_1_359' title='bbox 1485 1348 1599 1371; x_wconf 89' lang='lat' dir='ltr'>omnes</span> <span class='ocrx_word' id='word_1_360' title='bbox 1627 1338 1852 1370; x_wconf 85' lang='lat' dir='ltr'>universitates</span> <span class='ocrx_word' id='word_1_361' title='bbox 1878 1339 1937 1370; x_wconf 75' lang='lat' dir='ltr'>liu-</span> 
     </span>
     <span class='ocr_line' id='line_1_74' title="bbox 1193 1390 1938 1434; baseline -0.001 -11"><span class='ocrx_word' id='word_1_362' title='bbox 1193 1391 1334 1423; x_wconf 88' lang='lat' dir='ltr'>iusmodi</span> <span class='ocrx_word' id='word_1_363' title='bbox 1359 1390 1508 1434; x_wconf 89' lang='lat' dir='ltr'>Europae</span> <span class='ocrx_word' id='word_1_364' title='bbox 1534 1391 1566 1423; x_wconf 90' lang='lat' dir='ltr'>in</span> <span class='ocrx_word' id='word_1_365' title='bbox 1594 1391 1661 1423; x_wconf 89' lang='lat' dir='ltr'>eius</span> <span class='ocrx_word' id='word_1_366' title='bbox 1696 1391 1833 1423; x_wconf 78' lang='lat' dir='ltr'>aedilicii</span> <span class='ocrx_word' id='word_1_367' title='bbox 1871 1401 1938 1422; x_wconf 84' lang='lat' dir='ltr'>ma-</span> 
     </span>
     <span class='ocr_line' id='line_1_75' title="bbox 1194 1443 1935 1487; baseline 0 -11"><span class='ocrx_word' id='word_1_368' title='bbox 1194 1444 1366 1486; x_wconf 87' lang='lat' dir='ltr'>gnitudine</span> <span class='ocrx_word' id='word_1_369' title='bbox 1392 1445 1552 1477; x_wconf 87' lang='lat' dir='ltr'>aemulam</span> <span class='ocrx_word' id='word_1_370' title='bbox 1579 1455 1639 1487; x_wconf 87' lang='lat' dir='ltr'>pro</span> <span class='ocrx_word' id='word_1_371' title='bbox 1657 1443 1935 1483; x_wconf 84' lang='lat' dir='ltr'>adolescentibus,</span> 
     </span>
     <span class='ocr_line' id='line_1_76' title="bbox 1194 1496 1938 1540; baseline 0.003 -12"><span class='ocrx_word' id='word_1_372' title='bbox 1194 1497 1387 1539; x_wconf 87' lang='lat' dir='ltr'>praesertim</span> <span class='ocrx_word' id='word_1_373' title='bbox 1429 1508 1466 1530; x_wconf 84' lang='lat' dir='ltr'>ex</span> <span class='ocrx_word' id='word_1_374' title='bbox 1504 1497 1691 1540; x_wconf 85' lang='lat' dir='ltr'>principatu</span> <span class='ocrx_word' id='word_1_375' title='bbox 1731 1496 1938 1530; x_wconf 84' lang='lat' dir='ltr'>Catalauniae</span> 
     </span>
     <span class='ocr_line' id='line_1_77' title="bbox 1194 1550 1865 1589; baseline -0.001 -6"><span class='ocrx_word' id='word_1_376' title='bbox 1194 1550 1369 1589; x_wconf 85' lang='lat' dir='ltr'>oriundis,</span> <span class='ocrx_word' id='word_1_377' title='bbox 1750 1551 1755 1555; x_wconf 84' lang='lat'>&#39;</span> <span class='ocrx_word' id='word_1_378' title='bbox 1786 1550 1791 1555; x_wconf 85' lang='grc'><em>“</em></span> <span class='ocrx_word' id='word_1_379' title='bbox 1822 1550 1827 1555; x_wconf 76' lang='grc'><strong>”</strong></span> <span class='ocrx_word' id='word_1_380' title='bbox 1860 1550 1865 1555; x_wconf 81' lang='grc'><em>’</em></span> 
     </span>
    </p>

    <p class='ocr_par' dir='ltr' id='par_1_17' title="bbox 1194 1604 1939 2606">
     <span class='ocr_line' id='line_1_78' title="bbox 1194 1604 1939 1646; baseline 0.003 -11"><span class='ocrx_word' id='word_1_381' title='bbox 1194 1604 1361 1643; x_wconf 80' lang='lat' dir='ltr'>canonici,</span> <span class='ocrx_word' id='word_1_382' title='bbox 1390 1604 1576 1646; x_wconf 79' lang='lat' dir='ltr'>theologiae</span> <span class='ocrx_word' id='word_1_383' title='bbox 1606 1604 1808 1646; x_wconf 88' lang='lat' dir='ltr'>aliarumque</span> <span class='ocrx_word' id='word_1_384' title='bbox 1838 1605 1939 1637; x_wconf 85' lang='lat' dir='ltr'>eccle-</span> 
     </span>
     <span class='ocr_line' id='line_1_79' title="bbox 1195 1657 1937 1699; baseline 0 -11"><span class='ocrx_word' id='word_1_385' title='bbox 1195 1657 1397 1689; x_wconf 83' lang='lat' dir='ltr'>siasticarum</span> <span class='ocrx_word' id='word_1_386' title='bbox 1423 1657 1636 1689; x_wconf 83' lang='lat' dir='ltr'>scientiarum</span> <span class='ocrx_word' id='word_1_387' title='bbox 1662 1662 1693 1689; x_wconf 90' lang='lat' dir='ltr'>et</span> <span class='ocrx_word' id='word_1_388' title='bbox 1720 1657 1937 1699; x_wconf 85' lang='lat' dir='ltr'>ingenuarum</span> 
     </span>
     <span class='ocr_line' id='line_1_80' title="bbox 1195 1709 1938 1753; baseline -0.001 -11"><span class='ocrx_word' id='word_1_389' title='bbox 1195 1711 1311 1742; x_wconf 90' lang='lat' dir='ltr'>artium</span> <span class='ocrx_word' id='word_1_390' title='bbox 1337 1711 1452 1743; x_wconf 84' lang='lat' dir='ltr'>studiis</span> <span class='ocrx_word' id='word_1_391' title='bbox 1478 1710 1668 1742; x_wconf 89' lang='lat' dir='ltr'>incumbere</span> <span class='ocrx_word' id='word_1_392' title='bbox 1700 1709 1911 1753; x_wconf 88' lang='lat' dir='ltr'>cupientibus</span> <span class='ocrx_word' id='word_1_393' title='bbox 1931 1735 1938 1749; x_wconf 88' lang='lat'><em>‚</em></span> 
     </span>
     <span class='ocr_line' id='line_1_81' title="bbox 1195 1763 1937 1806; baseline -0.001 -10"><span class='ocrx_word' id='word_1_394' title='bbox 1195 1775 1267 1796; x_wconf 87' lang='lat' dir='ltr'>cum</span> <span class='ocrx_word' id='word_1_395' title='bbox 1293 1774 1441 1806; x_wconf 73' lang='lat' dir='ltr'>congruo</span> <span class='ocrx_word' id='word_1_396' title='bbox 1469 1765 1629 1796; x_wconf 86' lang='lat' dir='ltr'>lectorum</span> <span class='ocrx_word' id='word_1_397' title='bbox 1649 1790 1656 1803; x_wconf 88' lang='lat'>,</span> <span class='ocrx_word' id='word_1_398' title='bbox 1682 1763 1937 1805; x_wconf 83' lang='lat' dir='ltr'>magistrorum,</span> 
     </span>
     <span class='ocr_line' id='line_1_82' title="bbox 1195 1817 1939 1861; baseline 0 -12"><span class='ocrx_word' id='word_1_399' title='bbox 1195 1824 1446 1861; x_wconf 87' lang='lat' dir='ltr'>praeceptorum</span> <span class='ocrx_word' id='word_1_400' title='bbox 1469 1823 1501 1850; x_wconf 89' lang='lat' dir='ltr'>ct</span> <span class='ocrx_word' id='word_1_401' title='bbox 1519 1818 1691 1850; x_wconf 85' lang='lat' dir='ltr'>doctorum</span> <span class='ocrx_word' id='word_1_402' title='bbox 1717 1817 1765 1849; x_wconf 91' lang='lat' dir='ltr'>ius</span> <span class='ocrx_word' id='word_1_403' title='bbox 1783 1827 1820 1849; x_wconf 87' lang='lat' dir='ltr'>ac</span> <span class='ocrx_word' id='word_1_404' title='bbox 1844 1817 1939 1849; x_wconf 88' lang='lat' dir='ltr'>theo-</span> 
     </span>
     <span class='ocr_line' id='line_1_83' title="bbox 1196 1870 1938 1913; baseline -0.001 -11"><span class='ocrx_word' id='word_1_405' title='bbox 1196 1871 1325 1913; x_wconf 83' lang='lat' dir='ltr'>logiam,</span> <span class='ocrx_word' id='word_1_406' title='bbox 1353 1881 1480 1903; x_wconf 85' lang='lat' dir='ltr'>necnon</span> <span class='ocrx_word' id='word_1_407' title='bbox 1509 1870 1664 1902; x_wconf 79' lang='lat' dir='ltr'>scientias</span> <span class='ocrx_word' id='word_1_408' title='bbox 1686 1876 1718 1902; x_wconf 87' lang='lat' dir='ltr'>ct</span> <span class='ocrx_word' id='word_1_409' title='bbox 1742 1874 1826 1902; x_wconf 89' lang='lat' dir='ltr'>artes</span> <span class='ocrx_word' id='word_1_410' title='bbox 1845 1880 1938 1912; x_wconf 84' lang='lat' dir='ltr'>prae-</span> 
     </span>
     <span class='ocr_line' id='line_1_84' title="bbox 1196 1922 1939 1966; baseline -0.001 -10"><span class='ocrx_word' id='word_1_411' title='bbox 1196 1925 1276 1956; x_wconf 79' lang='lat' dir='ltr'>fatas</span> <span class='ocrx_word' id='word_1_412' title='bbox 1304 1924 1482 1966; x_wconf 85' lang='lat' dir='ltr'>legentium</span> <span class='ocrx_word' id='word_1_413' title='bbox 1509 1928 1541 1956; x_wconf 89' lang='lat' dir='ltr'>et</span> <span class='ocrx_word' id='word_1_414' title='bbox 1566 1923 1766 1962; x_wconf 84' lang='lat' dir='ltr'>docentium,</span> <span class='ocrx_word' id='word_1_415' title='bbox 1793 1923 1872 1955; x_wconf 85' lang='lat' dir='ltr'>illuc</span> <span class='ocrx_word' id='word_1_416' title='bbox 1892 1922 1939 1955; x_wconf 91' lang='lat' dir='ltr'>in-</span> 
     </span>
     <span class='ocr_line' id='line_1_85' title="bbox 1196 1976 1939 2018; baseline -0.001 -9"><span class='ocrx_word' id='word_1_417' title='bbox 1196 1977 1423 2009; x_wconf 87' lang='lat' dir='ltr'>troductorum</span> <span class='ocrx_word' id='word_1_418' title='bbox 1441 2003 1447 2016; x_wconf 90' lang='lat'>‚</span> <span class='ocrx_word' id='word_1_419' title='bbox 1481 1976 1679 2009; x_wconf 85' lang='lat' dir='ltr'>bidellorum</span> <span class='ocrx_word' id='word_1_420' title='bbox 1699 2003 1706 2015; x_wconf 94' lang='lat'>,</span> <span class='ocrx_word' id='word_1_421' title='bbox 1731 1976 1939 2018; x_wconf 88' lang='lat' dir='ltr'>aliorumque</span> 
     </span>
     <span class='ocr_line' id='line_1_86' title="bbox 1195 2029 1939 2063; baseline 0 -1"><span class='ocrx_word' id='word_1_422' title='bbox 1195 2031 1416 2063; x_wconf 87' lang='lat' dir='ltr'>ministrorum</span> <span class='ocrx_word' id='word_1_423' title='bbox 1454 2030 1560 2063; x_wconf 88' lang='lat' dir='ltr'>eidem</span> <span class='ocrx_word' id='word_1_424' title='bbox 1596 2029 1797 2063; x_wconf 83' lang='lat' dir='ltr'>universitati</span> <span class='ocrx_word' id='word_1_425' title='bbox 1837 2029 1939 2062; x_wconf 84' lang='lat' dir='ltr'>inscr-</span> 
     </span>
     <span class='ocr_line' id='line_1_87' title="bbox 1196 2082 1939 2126; baseline -0.003 -11"><span class='ocrx_word' id='word_1_426' title='bbox 1196 2083 1351 2116; x_wconf 87' lang='lat' dir='ltr'>vientium</span> <span class='ocrx_word' id='word_1_427' title='bbox 1377 2094 1536 2123; x_wconf 87' lang='lat' dir='ltr'>numero,</span> <span class='ocrx_word' id='word_1_428' title='bbox 1562 2083 1705 2126; x_wconf 83' lang='lat' dir='ltr'>propriis</span> <span class='ocrx_word' id='word_1_429' title='bbox 1731 2082 1830 2124; x_wconf 76' lang='lat' dir='ltr'>regiis</span> <span class='ocrx_word' id='word_1_430' title='bbox 1855 2082 1939 2114; x_wconf 88' lang='lat' dir='ltr'>eius-</span> 
     </span>
     <span class='ocr_line' id='line_1_88' title="bbox 1196 2134 1938 2180; baseline -0.004 -11"><span class='ocrx_word' id='word_1_431' title='bbox 1196 2137 1269 2169; x_wconf 88' lang='lat' dir='ltr'>dem</span> <span class='ocrx_word' id='word_1_432' title='bbox 1296 2136 1439 2180; x_wconf 85' lang='lat' dir='ltr'>Philippi</span> <span class='ocrx_word' id='word_1_433' title='bbox 1465 2136 1551 2178; x_wconf 83' lang='lat' dir='ltr'>regis</span> <span class='ocrx_word' id='word_1_434' title='bbox 1576 2135 1760 2178; x_wconf 86' lang='lat' dir='ltr'>sumptibus</span> <span class='ocrx_word' id='word_1_435' title='bbox 1798 2134 1938 2167; x_wconf 84' lang='lat' dir='ltr'>erexerit</span> 
     </span>
     <span class='ocr_line' id='line_1_89' title="bbox 1196 2189 1938 2232; baseline -0.003 -10"><span class='ocrx_word' id='word_1_436' title='bbox 1196 2196 1228 2222; x_wconf 83' lang='lat' dir='ltr'>et</span> <span class='ocrx_word' id='word_1_437' title='bbox 1254 2190 1463 2229; x_wconf 73' lang='lat' dir='ltr'>fundaverit,</span> <span class='ocrx_word' id='word_1_438' title='bbox 1492 2199 1629 2232; x_wconf 85' lang='lat' dir='ltr'>eamque</span> <span class='ocrx_word' id='word_1_439' title='bbox 1655 2189 1701 2221; x_wconf 88' lang='lat' dir='ltr'>sic</span> <span class='ocrx_word' id='word_1_440' title='bbox 1727 2193 1868 2221; x_wconf 83' lang='lat' dir='ltr'>erectam</span> <span class='ocrx_word' id='word_1_441' title='bbox 1906 2193 1938 2221; x_wconf 91' lang='lat' dir='ltr'>et</span> 
     </span>
     <span class='ocr_line' id='line_1_90' title="bbox 1196 2241 1936 2286; baseline -0.003 -11"><span class='ocrx_word' id='word_1_442' title='bbox 1196 2243 1361 2275; x_wconf 83' lang='lat' dir='ltr'>fundatam</span> <span class='ocrx_word' id='word_1_443' title='bbox 1387 2253 1448 2286; x_wconf 87' lang='lat' dir='ltr'>pro</span> <span class='ocrx_word' id='word_1_444' title='bbox 1474 2242 1560 2275; x_wconf 88' lang='lat' dir='ltr'>illius</span> <span class='ocrx_word' id='word_1_445' title='bbox 1581 2270 1587 2282; x_wconf 92' lang='lat'>‚</span> <span class='ocrx_word' id='word_1_446' title='bbox 1613 2252 1741 2275; x_wconf 89' lang='lat' dir='ltr'>necnon</span> <span class='ocrx_word' id='word_1_447' title='bbox 1768 2241 1936 2280; x_wconf 88' lang='lat' dir='ltr'>iuvenum,</span> 
     </span>
     <span class='ocr_line' id='line_1_91' title="bbox 1196 2297 1938 2340; baseline 0 -11"><span class='ocrx_word' id='word_1_448' title='bbox 1196 2308 1231 2329; x_wconf 86' lang='lat' dir='ltr'>ac</span> <span class='ocrx_word' id='word_1_449' title='bbox 1257 2298 1434 2336; x_wconf 86' lang='lat' dir='ltr'>lectorum,</span> <span class='ocrx_word' id='word_1_450' title='bbox 1463 2297 1693 2339; x_wconf 85' lang='lat' dir='ltr'>magistrorum</span> <span class='ocrx_word' id='word_1_451' title='bbox 1710 2323 1717 2336; x_wconf 94' lang='lat'>‚</span> <span class='ocrx_word' id='word_1_452' title='bbox 1743 2302 1938 2340; x_wconf 87' lang='lat' dir='ltr'>praecepto-</span> 
     </span>
     <span class='ocr_line' id='line_1_92' title="bbox 1196 2351 1937 2394; baseline 0.003 -12"><span class='ocrx_word' id='word_1_453' title='bbox 1196 2361 1275 2389; x_wconf 90' lang='lat' dir='ltr'>rum,</span> <span class='ocrx_word' id='word_1_454' title='bbox 1302 2351 1482 2389; x_wconf 88' lang='lat' dir='ltr'>doctorum,</span> <span class='ocrx_word' id='word_1_455' title='bbox 1508 2351 1705 2384; x_wconf 87' lang='lat' dir='ltr'>bidellorum</span> <span class='ocrx_word' id='word_1_456' title='bbox 1731 2351 1937 2394; x_wconf 86' lang='lat' dir='ltr'>aliorumque</span> 
     </span>
     <span class='ocr_line' id='line_1_93' title="bbox 1195 2403 1939 2447; baseline 0.001 -11"><span class='ocrx_word' id='word_1_457' title='bbox 1195 2403 1418 2436; x_wconf 83' lang='lat' dir='ltr'>ministrorum</span> <span class='ocrx_word' id='word_1_458' title='bbox 1445 2404 1524 2436; x_wconf 88' lang='lat' dir='ltr'>inibi</span> <span class='ocrx_word' id='word_1_459' title='bbox 1550 2404 1794 2437; x_wconf 85' lang='lat' dir='ltr'>inservientium</span> <span class='ocrx_word' id='word_1_460' title='bbox 1816 2404 1939 2447; x_wconf 83' lang='lat' dir='ltr'>praesa-</span> 
     </span>
     <span class='ocr_line' id='line_1_94' title="bbox 1197 2457 1939 2498; baseline 0.001 -10"><span class='ocrx_word' id='word_1_461' title='bbox 1197 2462 1303 2489; x_wconf 87' lang='lat' dir='ltr'>torum</span> <span class='ocrx_word' id='word_1_462' title='bbox 1330 2458 1475 2498; x_wconf 67' lang='lat' dir='ltr'>congrua</span> <span class='ocrx_word' id='word_1_463' title='bbox 1500 2457 1746 2490; x_wconf 85' lang='lat' dir='ltr'>manutentione</span> <span class='ocrx_word' id='word_1_464' title='bbox 1765 2466 1796 2490; x_wconf 88' lang='lat' dir='ltr'>ct</span> <span class='ocrx_word' id='word_1_465' title='bbox 1812 2463 1939 2489; x_wconf 85' lang='lat' dir='ltr'>susten-</span> 
     </span>
     <span class='ocr_line' id='line_1_95' title="bbox 1198 2509 1938 2552; baseline 0.001 -11"><span class='ocrx_word' id='word_1_466' title='bbox 1198 2509 1318 2542; x_wconf 86' lang='lat' dir='ltr'>tatione</span> <span class='ocrx_word' id='word_1_467' title='bbox 1344 2509 1526 2542; x_wconf 84' lang='lat' dir='ltr'>redditibus</span> <span class='ocrx_word' id='word_1_468' title='bbox 1553 2509 1651 2552; x_wconf 84' lang='lat' dir='ltr'>regiis</span> <span class='ocrx_word' id='word_1_469' title='bbox 1683 2509 1866 2549; x_wconf 86' lang='lat' dir='ltr'>dotaverit,</span> <span class='ocrx_word' id='word_1_470' title='bbox 1902 2519 1938 2542; x_wconf 84' lang='lat' dir='ltr'>ac</span> 
     </span>
     <span class='ocr_line' id='line_1_96' title="bbox 1198 2562 1939 2606; baseline -0.001 -11"><span class='ocrx_word' id='word_1_471' title='bbox 1198 2562 1293 2595; x_wconf 85' lang='lat' dir='ltr'>etiam</span> <span class='ocrx_word' id='word_1_472' title='bbox 1321 2562 1425 2595; x_wconf 85' lang='lat' dir='ltr'>ditare</span> <span class='ocrx_word' id='word_1_473' title='bbox 1448 2562 1586 2595; x_wconf 87' lang='lat' dir='ltr'>voluerit</span> <span class='ocrx_word' id='word_1_474' title='bbox 1605 2589 1612 2603; x_wconf 91' lang='lat'>,</span> <span class='ocrx_word' id='word_1_475' title='bbox 1640 2563 1804 2606; x_wconf 85' lang='lat' dir='ltr'>variisque</span> <span class='ocrx_word' id='word_1_476' title='bbox 1841 2562 1939 2605; x_wconf 89' lang='lat' dir='ltr'>privi-</span> 
     </span>
    </p>
   </div>
   <div class='ocr_carea' id='block_1_13' title="bbox 2132 0 2164 112">
    <p class='ocr_par' dir='ltr' id='par_1_18' title="bbox 2132 0 2164 112">
     <span class='ocr_line' id='line_1_97' title="bbox 2132 0 2164 68; baseline 0 -6"><span class='ocrx_word' id='word_1_477' title='bbox 2132 0 2164 68; x_wconf 55' lang='lat' dir='ltr'>f}</span> 
     </span>
     <span class='ocr_line' id='line_1_98' title="bbox 2159 79 2164 112; baseline 0 0"><span class='ocrx_word' id='word_1_478' title='bbox 2159 79 2164 112; x_wconf 73' lang='lat' dir='ltr'>&#39;l</span> 
     </span>
    </p>
   </div>
   <div class='ocr_carea' id='block_1_14' title="bbox 2159 0 2182 1876">
    <p class='ocr_par' dir='ltr' id='par_1_19' title="bbox 2159 0 2182 1876">
     <span class='ocr_line' id='line_1_99' title="bbox 2159 0 2182 1876; baseline 0 0"><span class='ocrx_word' id='word_1_479' title='bbox 2159 0 2182 1876; x_wconf 95' lang='lat' dir='ltr'> </span> 
     </span>
    </p>
   </div>
   <div class='ocr_carea' id='block_1_15' title="bbox 2161 171 2168 342">
    <p class='ocr_par' dir='ltr' id='par_1_20' title="bbox 2161 171 2168 342">
     <span class='ocr_line' id='line_1_100' title="bbox 2161 171 2168 342; baseline 0 -11"><span class='ocrx_word' id='word_1_480' title='bbox 2161 171 2168 342; x_wconf 57' lang='lat' dir='ltr'>l</span> 
     </span>
    </p>
   </div>
   <div class='ocr_carea' id='block_1_16' title="bbox 2165 349 2168 382">
    <p class='ocr_par' dir='ltr' id='par_1_21' title="bbox 2165 349 2168 382">
     <span class='ocr_line' id='line_1_101' title="bbox 2165 349 2168 382; baseline 0 0"><span class='ocrx_word' id='word_1_481' title='bbox 2165 349 2168 382; x_wconf 81' lang='lat' dir='ltr'>l</span> 
     </span>
    </p>
   </div>
  </div>
 </body>
</html>
