2182 3137
210 154 261 180 An.
278 153 306 181 c.
329 153 397 181 1730
443 145 507 178 186

404 212 454 232 rea
477 202 644 231 huiusmodi
666 201 762 231 officio
778 202 859 240 fungi
879 202 998 241 poterit,
1016 202 1147 232 sedulam

403 251 491 280 rebus
513 250 648 280 onmibus
678 259 778 280 curam
796 250 967 289 impendat,
992 259 1025 280 ac
1041 260 1148 281 munus

404 309 490 328 suum
513 303 647 328 accurate
663 308 695 328 ac
718 299 841 328 solerter
864 299 994 338 impleat,
1015 299 1148 338 nihilque

403 357 516 385 eorum,
540 357 613 386 quae
637 357 689 386 pro
711 347 878 377 academiae
901 347 978 377 bono
994 348 1057 377 eius
1081 348 1148 378 [idei

405 397 559 426 commissa
582 400 663 433 sunt,
688 396 826 433 negligat,
849 400 899 425 aut
923 396 1005 434 parvi
1028 397 1145 435 pendat.

444 444 545 474 Libros
582 453 682 473 omnes
718 442 769 473 566
803 444 918 473 60111665
951 444 985 473 011
1018 444 1147 473 osticium

404 502 489 522 suum
513 496 679 531 spectantes
701 492 860 529 diligenter
882 492 1011 528 reserat,
1035 493 1148 531 digerat

405 545 433 570 61
455 541 607 578 obsignet,
633 545 663 570 ut
686 540 800 578 singula
824 541 887 570 suis
910 541 981 570 10615
1003 545 1069 580 apte
1091 541 1148 571 ‹lis-

405 590 510 628 posita,
536 589 670 627 nihilque
687 589 715 618 in
740 589 863 627 regestis
879 590 1044 619 academiae
1067 599 1149 628 prae-

404 642 553 677 posterum
576 642 625 667 aut
648 638 856 667 inconcinnum
880 638 1055 676 reperiatur.
1065 637 1082 649 ²

445 686 659 716 Collationibns
681 687 825 723 graduum
848 686 1086 716 baccalaureatus
1106 686 1148 715 in—

404 736 505 773 tersit,
530 744 601 774 quas
624 735 744 773 (codice
775 735 809 764 ad
839 735 867 764 id
891 735 1078 773 peculiariter
1099 735 1148 764 de-

404 785 529 823 stinato)
552 784 623 814 actis
646 784 708 822 ipse
731 783 902 821 consignet,
929 783 963 812 ab
982 783 1147 822 antiquiore

404 832 603 861 examinatore
625 831 822 870 subscriptas3
851 831 875 860 si
909 831 980 860 haec
1013 832 1042 860 in
1078 831 1149 860 alie—

403 890 473 911 num
508 881 636 910 codicem
670 880 829 918 retulerit,
853 886 979 919 quatuor
1001 880 1147 918 regalibus

404 930 539 968 hospitali
562 930 748 967 assignandis
762 929 931 958 mulctetur.
950 929 1087 966 Singulos
1105 929 1148 957 in-

404 987 492 1016 super
514 978 627 1007 codices
650 986 701 1016 pro
724 978 899 1015 unaquaque
932 977 1068 1005 facultate
1099 985 1148 1014 pa-

403 1031 481 1056 ratos
504 1025 609 1054 habeat
631 1026 666 1054 ad
695 1034 835 1054 cursuum
867 1024 1065 1062 probationes.
1091 1024 1148 1053 1105

404 1078 499 1103 autem
526 1073 595 1102 alibi
618 1077 735 1102 exactos
759 1082 810 1111 per
832 1082 862 1101 se
885 1072 947 1111 ipse
970 1082 1028 1101 non
1045 1071 1149 1101 admit-

406 1126 458 1159 tat,
482 1123 552 1160 quin
577 1121 770 1151 cancellarius
792 1122 824 1150 ea
847 1121 883 1149 de
911 1129 942 1149 re
965 1120 1146 1157 consulatur,

404 1176 441 1206 111,
462 1171 546 1200 1111110
575 1180 632 1200 xxti
663 1169 890 1209 praescribitur.
914 1170 943 1199 Si
967 1179 1050 1198 secus
1074 1170 1149 1198 fece-

403 1220 451 1256 rit,
476 1223 540 1249 octo
562 1219 705 1256 regalium
729 1218 868 1247 mulctam
892 1217 1007 1247 subeat.

443 1268 504 1304 Qua
535 1277 586 1306 par
618 1272 661 1296 est
684 1268 755 1296 cura
787 1272 815 1296 et
848 1267 1020 1296 assiduitate
1056 1266 1148 1295 archi-

405 1318 483 1347 vium
507 1317 708 1346 nniversitatis
733 1316 895 1352 custodiat,
919 1320 947 1344 et
969 1315 1147 1354 diplomata,

405 1366 602 1395 instrumenta
626 1365 809 1401 authentica,
834 1365 922 1402 idque
956 1373 1049 1401 genus
1071 1364 1147 1402 alia,

406 1424 482 1453 quae
516 1423 604 1453 penes
637 1413 816 1443 academiam
850 1418 933 1449 sunt,
957 1413 1018 1442 sive
1050 1413 1080 1442 111
1104 1421 1151 1442 01-

406 1464 491 1493 6111νο
506 1487 513 1501 ,
538 1463 598 1492 sive
621 1463 650 1492 in
685 1462 846 1491 secretaria
878 1462 1036 1499 diligenter
1058 1471 1149 1491 asser-

405 1517 462 1542 vet.
488 1512 597 1541 Horum
621 1511 752 1540 omnium
776 1511 911 1540 conficiat
935 1510 1147 1549 repertorium,

406 1565 434 1590 et
456 1561 582 1599 singula,
607 1569 672 1589 cum
696 1559 809 1589 occasio
832 1559 944 1596 tulerit,
963 1563 1057 1588 sarcta
1075 1563 1148 1588 tecta

407 1609 546 1639 exhibere
570 1614 725 1645 teneatur3
748 1609 884 1647 idemque
907 1608 941 1637 de
964 1609 1062 1637 cetera
1084 1608 1150 1637 uni-

407 1659 557 1688 versitatis
580 1657 772 1697 supellectili,
797 1657 853 1696 ipsi
876 1657 919 1686 vel
942 1657 1008 1686 aliis
1030 1666 1150 1686 concre—

407 1707 481 1744 dita,
506 1706 658 1736 delinitur.

447 1754 564 1784 Duabus
586 1754 736 1783 archivum
755 1753 886 1782 clavibus
902 1753 1063 1789 obseretur,
1081 1762 1151 1791 qua—

407 1812 472 1832 rum
506 1803 597 1831 altera
630 1802 668 1831 sit
701 1810 790 1840 penes
823 1802 1035 1838 secretarium,
1059 1801 1148 1830 altera

408 1860 498 1889 penes
507 1851 655 1879 iuniorem
666 1850 901 1879 ratiocinatorem
917 1849 1150 1888 proprietarium,

408 1909 462 1929 nec
484 1908 608 1938 usquam
626 1899 787 1937 aperiatur,
802 1898 857 1927 nisi
871 1898 958 1927 simul
975 1899 1152 1928 conveniant

409 1949 567 1978 archivista
591 1952 619 1977 et
641 1947 829 1977 secretarius.

448 1997 520 2026 Illuc
545 1996 738 2026 asservandae
760 1996 925 2025 inserantur
947 1995 1046 2025 Bullae
1079 1996 1153 2025 Pon-

411 2046 544 2085 11116106,
569 2045 727 2083 diplomata
751 2045 830 2082 regia
846 2067 853 2080 ,
878 2044 1101 2074 constitutiones
1123 2054 1152 2073 a—

410 2094 560 2124 cademiae
583 2098 611 2123 et
633 2093 661 2122 id
685 2102 777 2131 genus
800 2093 973 2122 documenta
997 2093 1065 2122 alia.
1096 2093 1152 2123 llo-

410 2153 474 2173 rum
507 2146 604 2172 autem
627 2142 805 2180 exemplaria
843 2151 877 2171 ex
912 2142 1081 2180 archetypis
1103 2152 1153 2171 au-

410 2191 539 2221 thentice
569 2191 744 2229 transcripta
777 2191 805 2219 in
829 2190 1003 2219 secretariae
1036 2191 1152 2220 scriniis

410 2240 446 2268 ad
468 2239 709 2278 opportuniorem
726 2247 811 2268 usum
828 2238 1020 2275 collocentur3
1037 2248 1152 2268 necnon

411 2289 570 2326 quotannis
592 2287 659 2317 libri
692 2287 865 2323 01111165,111
898 2287 1004 2325 quibus
1037 2287 1152 2317 decreta

411 2336 586 2372 academica,
601 2335 784 2371 matriculae,
798 2335 981 2376 visitatiopes
994 2340 1022 2365 et
1038 2336 1152 2365 decreta

411 2386 489 2423 regia
510 2385 711 2414 continentur.

450 2433 480 2462 Si
516 2433 680 2472 oportuerit
716 2432 925 2462 documentum
962 2432 1081 2470 aliquod
1117 2442 1151 2462 ex

412 2482 531 2512 archivo
554 2482 638 2511 educi
673 2491 724 2511 seu
754 2481 873 2518 efferri,
897 2481 997 2511 notula
1020 2481 1147 2518 ibidem,

986 155 1165 178 BULLARIUM
1191 155 1345 179 ROMANUM

1191 203 1258 232 erit.
1283 203 1401 233 Curabit
1424 208 1521 233 tamen
1545 204 1755 243 scholasticus,
1782 210 1833 242 ut,
1857 206 1933 245 quod

1192 250 1349 280 deductum
1373 256 1593 289 exportatutnve
1616 253 1715 290 suerit,
1739 254 1821 283 ocius
1844 254 1873 283 in
1890 263 1933 283 ar-

1192 299 1309 329 chivum
1333 301 1490 329 reseratur.
1924 335 1926 337 .

1232 348 1362 386 Singulis
1381 358 1496 387 quoque
1520 349 1712 379 semestribus
1727 351 1850 380 archivii
1867 351 1934 380 visi-

1192 400 1314 426 tatorem
1335 397 1363 425 111
1388 397 1539 426 academia
1561 398 1734 436 deptnabit,
1758 399 1808 437 qui
1831 400 1932 429 sedulo

1192 445 1335 483 inquirat,
1353 454 1435 482 num,
1453 455 1526 483 quae
1549 446 1583 475 de
1607 448 1708 476 eodem
1728 448 1838 477 sancita
1853 453 1930 483 sunt,

1192 493 1321 529 legitime
1343 493 1545 532 impleantur3
1564 499 1591 524 et
1607 495 1630 524 si
1650 496 1725 534 quod
1748 497 1932 526 animadver-

1191 542 1274 571 sione
1296 542 1415 579 dignum
1440 543 1634 581 compererit,
1659 544 1835 573 scholastico
1858 545 1932 574 indi-

1192 590 1289 625 cabit,
1314 594 1345 620 111
1369 600 1420 629 111-0
1443 591 1484 620 161
1513 592 1730 629 opportunitate
1765 593 1865 622 utilius
1888 602 1932 623 re·

1191 639 1319 667 medium
1342 639 1526 668 incommodo
1548 640 1697 669 afferatur.

1231 687 1415 716 Secretarius
1437 687 1466 716 in
1491 689 1685 726 repertorium
1716 689 1792 727 quod
1816 689 1934 719 univer-

1191 744 1239 764 sae
1263 735 1455 773 supellectilis
1486 736 1548 765 sive
1582 736 1733 765 mobilium
1767 737 1934 767 academiae

1191 783 1339 821 conficiet,
1360 783 1383 812 si
1413 783 1482 822 quid
1506 784 1592 813 6110111
1616 785 1758 814 eiusmodi
1784 789 1934 823 praeterea

1191 831 1341 860 academia
1358 833 1584 870 comparaverit,
1598 832 1707 861 referre
1723 832 1844 868 debeam
1862 833 1935 862 alias

1191 880 1387 909 cancellarius
1409 890 1463 909 nec
1494 881 1580 918 pretii
1610 881 1741 910 solvendi
1765 881 1934 911 mandatum

1191 929 1342 966 decernat,
1367 939 1419 958 nec
1445 929 1516 958 illud
1544 929 1731 966 subscribat,
1756 930 1877 968 eiusque
1899 929 1936 959 sit

1191 977 1315 1006 sollicite
1338 987 1458 1013 curare,
1483 982 1514 1006 ut
1538 978 1609 1007 haec
1633 988 1646 1006 a
1671 979 1830 1007 secretario
1853 979 1934 1008 iuxta

1192 1034 1323 1053 normam
1347 1025 1394 1054 hic
1418 1026 1630 1063 praescriptam
1647 1025 1853 1055 observentur.

1233 1073 1376 1106 Litteras,
1408 1082 1441 1101 ex
1472 1073 1632 1102 academici
1664 1074 1783 1103 concilii
1817 1074 1935 1104 decreto

1191 1120 1421 1150 conscribendas
1436 1145 1443 1158 ,
1467 1121 1586 1150 nonnisi
1609 1122 1766 1159 diligenter
1787 1122 1934 1160 inspectas

1192 1169 1368 1198 secretarius
1391 1169 1586 1207 subsignabit,
1604 1179 1676 1208 quas
1692 1170 1716 1199 si
1732 1170 1848 1200 decreto
1866 1180 1934 1200 con-

1191 1217 1297 1246 ciliarii
1310 1218 1523 1247 dissentientes
1537 1223 1709 1256 comperiet,
1724 1219 1934 1249 cancellarium

1192 1266 1271 1295 illico
1294 1266 1484 1303 admonebit,
1508 1271 1540 1296 ut
1563 1267 1597 1296 ad
1633 1271 1757 1296 1116111661
1791 1268 1932 1306 concilii,

1193 1315 1269 1354 quod
1283 1316 1425 1354 scriptum
1442 1320 1496 1352 est,
1515 1316 1683 1345 confirmari
1704 1316 1840 1354 imperet3
1857 1317 1935 1355 quod

1193 1363 1280 1392 etiam
1298 1363 1327 1392 in
1345 1363 1611 1392 consultationibus
1627 1368 1676 1392 aut
1692 1364 1884 1394 relationibus
1899 1363 1935 1394 ab

1193 1411 1344 1440 academia
1368 1412 1510 1440 faciendis
1533 1412 1741 1450 praestandum
1765 1413 1831 1442 erit.

1233 1460 1386 1489 Laureatis
1409 1461 1485 1489 intra
1509 1459 1643 1497 biduum,
1662 1460 1705 1489 vel
1722 1461 1809 1490 citius
1825 1461 1849 1490 51
1867 1470 1934 1490 mox

1194 1508 1354 1538 discessuri
1378 1508 1448 1544 sint,
1469 1509 1595 1548 diploma
1613 1509 1720 1546 gradus
1738 1510 1842 1546 tradet,
1866 1509 1934 1540 bac-

1195 1557 1339 1586 calaureis
1361 1557 1478 1595 quidem
1510 1557 1616 1586 minori
1649 1557 1835 1595 obsignatum
1868 1567 1933 1588 aca-

1194 1606 1307 1635 demiae
1339 1606 1454 1643 sigillo,
1479 1606 1582 1634 maiori
1604 1615 1692 1643 vero,
1717 1616 1782 1635 cmn
1805 1616 1934 1645 appenso

1195 1654 1315 1692 plumbo
1338 1663 1370 1683 ex
1396 1654 1497 1683 sericis
1520 1654 1658 1683 funiculis
1682 1655 1828 1684 facultatis
1846 1660 1936 1684 stem-

1195 1703 1265 1732 mati
1288 1702 1509 1739 concoloribnS,
1535 1702 1694 1732 licentiatis
1716 1707 1745 1731 et
1766 1703 1935 1733 doctoribus

1195 1760 1245 1780 5611
1269 1751 1428 1788 magistris.

1235 1800 1266 1831 ln
1290 1799 1382 1829 titulis
1406 1803 1557 1838 praeterea
1573 1799 1635 1828 sive
1658 1800 1821 1838 privilegiis
1836 1800 1935 1830 cuius-

1196 1858 1321 1887 cumque
1343 1848 1469 1885 gradus,
1493 1852 1672 1886 comparatis
1695 1849 1751 1877 rite
1773 1849 1933 1887 suffragiis,

1195 1896 1320 1925 laureati
1353 1895 1595 1934 approbationem
1629 1897 1778 1926 consuetis
1800 1897 1935 1927 formulis

1196 1945 1360 1983 exprimere
1377 1944 1491 1981 debeat,
1511 1944 1662 1973 videlicet:
1678 1944 1722 1973 An
1746 1945 1861 1975 nemine
1877 1946 1937 1975 dis-

1196 1997 1358 2032 crepante,
1388 2002 1424 2021 an
1458 1992 1561 2021 maiori
1595 1996 1678 2031 parte
1712 1996 1934 2029 consentiente,

1197 2041 1372 2071 scrutinium
1390 2051 1440 2070 5611
1458 2041 1588 2079 probatio
1605 2046 1722 2080 peracta
1741 2043 1837 2072 tuerit.
1854 2042 1937 2077 Quod

1196 2090 1220 2119 si
1244 2090 1485 2129 praetermiserit,
1502 2091 1598 2128 prima
1619 2090 1682 2119 vice
1706 2090 1808 2128 viginti
1833 2090 1933 2129 libras,

1196 2139 1290 2168 altera
1314 2139 1507 2178 quadraginta
1533 2138 1664 2168 subsidio
1694 2139 1846 2177 hospitalis
1870 2148 1936 2178 per-

1197 2187 1300 2224 solvet,
1325 2188 1411 2217 161110
1428 2196 1495 2216 vero
1519 2196 1565 2216 res
1586 2188 1752 2216 huiusmodi
1775 2189 1810 2217 ad
1833 2188 1936 2218 acade-

1197 2237 1272 2266 miae
1295 2240 1489 2275 protectorem
1513 2236 1668 2265 deferenda
1692 2237 1760 2265 6111.

1237 2284 1267 2314 Si
1289 2285 1436 2314 laureatus
1451 2284 1578 2323 diploma
1601 2285 1707 2322 gradus
1730 2285 1883 2324 deperdat,
1900 2286 1936 2316 it-

1196 2334 1246 2363 lud
1268 2342 1385 2362 rursum
1408 2333 1493 2362 edere
1522 2334 1700 2362 secretarius
1723 2338 1877 2371 teneatur,
1908 2339 1936 2366 61

1195 2386 1307 2421 septem
1323 2383 1472 2412 dumtaxat
1495 2382 1604 2420 regalia
1620 2382 1742 2412 huiusce
1758 2382 1867 2412 laboris
1885 2393 1936 2413 no-

1196 2432 1273 2460 mine
1296 2431 1404 2471 exiget.

1235 2480 1447 2518 Praescriptam
1470 2489 1588 2519 quoque
1607 2480 1750 2518 regulam,
1767 2480 1828 2510 sive
1844 2481 1935 2511 ratio—

412 2530 554 2560 eiusmodi
586 2531 771 2560 eductionem
804 2530 938 2560 indicans
952 2554 961 2568 ,
984 2530 1152 2569 reponenda
1195 2528 1312 2559 narium
1335 2529 1572 2568 stipendiorum,
1597 2538 1671 2568 quae
1693 2529 1748 2568 ipsi
1771 2529 1861 2559 officii
1884 2540 1935 2560 no-

1942 159 1992 185 An.
2009 159 2039 186 C.
2060 160 2130 190 1730

1971 362 2070 384 Quolibet
2095 368 2128 384 se-

1944 389 2014 408 mestri
2046 388 2128 410 archivi
2147 404 2151 406 v

1946 416 2042 435 visitator
2061 415 2130 441 110116-
2148 418 2151 427 ›
2173 425 2175 433 t

1945 441 2030 461 taturus.
2173 442 2174 445 ’

2144 599 2164 676 «ἴῃ-’φ’
2144 510 2165 590 „kt->⁴⁴³
2150 489 2155 492 ·
2147 440 2154 459 ⁴·

1970 700 2043 731 Mania
2058 707 2130 724 sect-e-
2150 699 2177 729 ¹'j

1945 729 2001 748 tat-ii.

2150 1095 2173 1322 1

2153 1326 2182 1470 {33
