2182 3137
92 2101 109 2122 Α
123 2106 173 2127 quo,
185 2101 262 2128 quibus

79 2127 106 2148 da
129 2128 215 2152 causis,
243 2131 261 2148 et

82 2157 185 2180 quomodo
208 2155 260 2175 iuni>

81 2180 149 2205 ganda
180 2187 261 2202 exeom-

83 2207 203 2228 muntcatio.

81 221 133 246 nn.
157 221 188 246 C.
209 219 277 246 1732

894 221 1040 245 CLEMENS

279 272 336 298 tem
369 268 554 298 infirmorum
588 269 710 298 fratrum
745 268 906 305 excogitata
930 271 1044 305 sunt,'

279 317 308 346 in
333 327 433 347 eorum
456 317 571 346 ruinam
595 321 624 346 et
645 317 765 347 exitium
791 321 957 346 vertantur.

318 375 359 396 111.
380 366 516 405 Apostata
536 366 572 395 ab
594 365 704 396 Ordine
727 365 899 400 monastice,
917 365 961 394 vel
979 366 1021 394 fu-
1042 345 1044 377 Ι

279 415 400 454 gitivus,
424 415 484 445 sive
508 416 667 444 monachus
691 415 778 444 fuerit
799 415 860 443 sive
883 414 982 450 abbas,
1006 424 1021 443 a
1042 426 1044 439 ι

280 465 362 494 nullo
393 464 504 494 absolvi
538 468 656 503 potest,
681 473 734 493 nec
755 464 785 493 in
808 463 1020 492 monasterium

280 513 384 552 recipi,
402 517 606 552 praeterquam
629 512 664 542 ab
688 513 793 542 abbate
817 512 968 550 generali,
986 512 1020 541 ad

280 571 366 600 quem
401 561 522 600 proinde
554 561 749 591 remittendus
778 560 834 590 erit
856 569 945 597 reus,
976 561 1020 590 vel

279 611 382 640 saltem
404 610 602 640 scribendum.
626 610 696 640 Cum
718 614 815 639 autem
831 609 920 639 abbas
935 619 1022 647 gene-

281 659 351 689 ralis
387 659 556 689 facultatem
594 668 676 688 suam
714 658 813 688 abbati
850 659 1020 687 monasterii
1042 694 1044 702 A

279 708 479 745 commiserit,
503 713 587 745 tunc,
621 709 779 737 convocata
811 706 1020 736 monachorum
1042 708 1044 729 ἓ

278 758 523 795 congregatione,
561 757 733 795 genuflexus
768 765 836 786 reus
871 756 1022 785 humiliter

279 806 395 845 culpam
418 815 499 835 suam
522 805 617 843 dicat,
642 809 670 834 et
693 805 783 834 abbas
806 805 922 834 intonat
945 805 1021 844 psal-

280 864 358 884 mum
381 863 407 884 L1
429 855 560 884 Miserere
588 855 641 883 mei
672 854 762 892 Deus,
798 863 884 893 quem
918 855 1021 884 fratres

277 902 444 932 alternatim
479 907 720 941 prosequuntur,
756 903 893 942 dictoque
927 903 1044 935 Gloria.

276 952 367 987 Patri,
391 951 479 981 abbas
502 951 585 981 illum
608 951 745 989 absolvit,
769 952 891 982 diceus:

315 1001 389 1030 Deus
410 1001 577 1029 misereatur
598 1001 651 1036 tui,
674 1005 699 1029 et
721 1001 842 1030 dimittat
858 1001 1019 1038 debilitata,
1042 1014 1043 1039 i

275 1055 301 1079 et
315 1059 371 1088 eya,
388 1051 549 1079 auctoritate
571 1050 660 1089 ipsius
682 1056 707 1079 et
730 1051 954 1080 revereinlissinii
969 1061 1021 1090 pa·

275 1099 328 1128 tris
348 1100 437 1128 nostri
454 1099 558 1128 abbatis
577 1099 727 1137 generalis,
745 1099 852 1128 absolvo
875 1105 900 1129 te
922 1111 938 1129 a
960 1101 1021 1129 rin-

275 1148 337 1177 culo
360 1148 662 1184 exconmnztnicationis,
687 1151 716 1177 in
733 1158 814 1187 quam
828 1153 942 1187 propter
957 1159 1021 1188 apo·
1041 1161 1043 1163 ·

275 1198 388 1226 alasiam
410 1197 454 1226 vel
482 1198 577 1235 fayam
610 1207 645 1226 ea:
678 1197 782 1226 Ordine
804 1198 971 1232 incurristi,
996 1202 1020 1226 rt

274 1247 389 1275 restituo
410 1251 435 1274 te
455 1246 642 1275 communioni
663 1251 688 1275 et
710 1247 807 1275 unioni
828 1246 949 1284 fidelium
965 1271 971 1281 ,
996 1251 1020 1275 et

273 1295 486 1334 participationi
511 1299 670 1324 sanctorum
697 1295 836 1324 Ecclesiae
862 1306 1018 1325 sacramen-
1041 1292 1042 1322 l

275 1349 377 1373 lorum.
404 1344 434 1373 In
467 1345 576 1373 nomine
596 1346 614 1379 †
637 1344 729 1373 Patris
756 1347 781 1373 et
807 1344 877 1374 Filii
903 1349 928 1373 et
954 1344 1020 1383 Spi-
1041 1344 1042 1356 ³

273 1394 348 1422 ritus
369 1393 474 1423 Sancti.
496 1393 595 1422 Amen.

355 1442 408 1471 Sed
439 1442 463 1471 si
493 1442 581 1471 suerit
608 1441 697 1471 abbas
725 1442 887 1480 generalis,
912 1443 1015 1472 dicat:

276 1490 349 1520 Deus
375 1491 540 1520 misereatur
569 1492 625 1527 tui,
649 1496 674 1520 et
696 1492 816 1520 dimittat
837 1491 926 1520 debita
949 1497 995 1520 tna
1009 1514 1016 1528 ‚

275 1543 301 1568 et
322 1549 383 1577 eqo,
408 1540 569 1568 anctoritate
592 1540 697 1578 ipsiizs,
722 1540 827 1568 absolvo
849 1544 883 1574 te,
908 1545 963 1569 etc.
1039 1576 1040 1579 Ἴ

315 1589 396 1618 Tunc
418 1589 554 1626 iniungat
575 1588 601 1617 ei
625 1589 847 1627 poenitentiam,
869 1593 899 1618 ut
917 1599 1015 1628 supra.
1039 1595 1041 1623 :1

315 1646 353 1667 lv,
371 1637 497 1677 Tempus
513 1637 676 1675 apostasiae
699 1637 743 1666 vel
763 1637 848 1675 fugae
865 1647 923 1667 non
940 1648 1018 1667 com-

275 1692 395 1726 putatur
414 1687 557 1717 monacho
573 1687 651 1716 iuter
666 1696 757 1716 annos
774 1688 975 1717 monachatus.

314 1745 341 1765 v.
365 1736 443 1765 Idem
468 1736 625 1765 dicendum
648 1741 692 1766 est
714 1737 749 1766 de
765 1737 914 1775 apostasia
929 1747 943 1766 a
962 1737 1017 1766 side

273 1843 334 1863 sma
350 1858 358 1872 ,
387 1838 436 1863 aut
458 1834 621 1864 infidelium
654 1839 781 1871 sectam,
807 1834 883 1874 quod
906 1835 1017 1864 dictum

273 1887 318 1913 est
348 1883 383 1913 de
415 1884 563 1923 apostasia
594 1894 609 1913 a
639 1884 821 1923 professione
844 1884 1015 1914 monastiea.

274 1931 317 1961 Ab
340 1941 374 1961 eo
397 1936 493 1962 tamen
516 1942 585 1962 casu
615 1932 725 1962 absolvi
754 1933 873 1972 nequit,
897 1933 954 1962 nisi
982 1932 1017 1962 ab
1038 1946 1040 1975 ᾗ

274 1979 429 2011 Ordinario
452 1985 648 2020 competente.

352 2031 421 2060 Car.
446 2030 492 2059 xl.
516 2049 555 2054 —
584 2031 623 2060 lle
645 2032 936 2061 earconnnuntentione.

353 2080 438 2109 Solus
471 2079 562 2109 abbas
593 2081 740 2117 generalis
768 2085 861 2119 potest
892 2090 1038 2119 poenam!

272 2129 586 2158 excommunicationis
618 2129 753 2167 infligere
785 2130 957 2164 monachis
986 2130 1014 2160 id

273 2182 369 2208 tamen
389 2187 455 2208 raro
477 2179 634 2208 admodum
658 2179 718 2214 fiat,
736 2183 764 2208 et
787 2188 820 2208 ex
845 2180 1015 2217 urgentissi—

272 2228 321 2256 ma
342 2227 539 2256 necessitate:
564 2232 592 2256 et
616 2228 710 2266 primo
733 2228 852 2266 quidem
868 2238 902 2257 ex
919 2228 1015 2257 consi-

275 2276 314 2306 lio
336 2280 364 2305 et
387 2276 599 2305 deliberatione
618 2277 855 2314 congregationis
878 2278 1016 2316 hegume-

274 2334 393 2363 norum3
410 2325 549 2362 secundo,
563 2325 599 2355 ob
616 2335 702 2355 unam
718 2335 751 2355 ex
769 2326 863 2365 culpis
878 2327 1016 2364 gravissi-

275 2375 342 2411 mis,
366 2385 440 2414 quae
463 2385 550 2414 supra
574 2385 638 2414 cap.
659 2385 685 2405 ri
702 2380 729 2406 et
753 2385 790 2405 vu
812 2381 1014 2413 recensentur,

274 2424 380 2458 tertio¹
406 2429 470 2462 post
505 2425 610 2453 sactum
635 2425 774 2454 canonice
798 2435 965 2463 processum
989 2431 1016 2455 et

274 2473 437 2512 praemissit
453 2473 529 2502 trina
545 2473 705 2502 monitione
718 2474 861 2503 canonica
875 2485 939 2504 cum
953 2485 1014 2505 cer-

274 2522 310 2551 tis
333 2522 507 2558 intervallis,
525 2527 626 2560 utpote
643 2522 729 2551 unius
746 2523 791 2552 vel
808 2523 934 2562 plurium
956 2525 1016 2553 die-

274 2579 358 2608 rum,
381 2575 431 2599 aut
452 2571 539 2599 etiam
564 2571 721 2607 horarum,
745 2572 769 2600 si
793 2573 955 2610 periculum
979 2574 1016 2602 sit

274 2619 304 2649 in
327 2621 431 2656 mora,
465 2623 590 2658 quarto,
615 2619 756 2657 affigenda
788 2621 845 2649 erit
871 2623 1013 2651 sententia

1065 222 1109 245 xu
1133 224 1183 247 pr.
1711 216 1777 250 383

1065 273 1382 303 excommunicationis
1404 274 1494 303 cellae
1515 274 1596 311 eius,
1621 274 1670 313 qui
1694 282 1809 304 excom-

1042 319 1249 355 imunicatur,
1281 325 1330 350 aut
1364 322 1484 360 legenda
1518 322 1546 352 in
1582 322 1807 361 congregatione

1065 368 1288 404 monachorum,
1305 370 1365 400 sive
1380 371 1650 401 excommunicatus
1667 381 1807 410 praesens

1065 414 1126 443 sive
1148 415 1253 446 absens
1276 419 1387 456 suerit3
1412 420 1524 458 quinto,
1548 420 1725 458 vulgandum
1749 421 1807 450 erit

1065 463 1127 492 eius
1145 474 1249 494 nomen
1270 467 1407 497 omnibus
1423 468 1502 498 illius
1518 469 1687 499 monasterii
1701 474 1729 498 et
1743 478 1811 508 pro—

1066 512 1178 542 vinciae
1202 515 1363 552 monachis,
1381 520 1412 545 ut
1433 516 1469 546 ah
1491 517 1627 547 omnibus
1648 517 1804 547 devitetur.

1145 560 1294 592 Sententia
1320 573 1388 593 vero
1411 566 1724 596 excommunicationis
1739 576 1808 596 con-

1065 608 1193 647 cipietur
1215 611 1244 640 in
1268 612 1346 641 hunc
1369 614 1505 642 modum:

1145 659 1201 696 1390
1222 659 1257 689 N.
1283 660 1363 689 abbas
1382 663 1521 699 generalis
1535 687 1542 700 ,
1567 664 1657 693 halant
1680 665 1807 702 heyume-

1065 716 1165 735 norum
1186 708 1218 737 N
1243 708 1278 737 N.
1303 709 1336 738 N.
1360 710 1394 738 λ’.
1416 713 1642 749 congregatione,
1665 723 1716 751 per
1739 714 1809 742 lianc

1065 757 1229 785 sententiam
1244 781 1251 794 ,
1276 767 1358 795 qnam
1380 759 1408 787 in
1430 760 1542 798 seriptis
1562 764 1738 798 pronuncia,
1762 772 1811 791 au-

1065 807 1189 833 ctoritate
1211 805 1265 835 Dei·
1296 808 1489 845 omnipotentis
1503 830 1510 844 ,
1535 809 1627 838 Patris
1649 815 1673 839 e!
1697 810 1766 840 Filii
1787 816 1810 839 et

1042 859 1044 899 J
1064 852 1189 892 Spiritus
1210 855 1325 893 Saticli,
1349 861 1373 885 cl
1396 858 1521 894 eziyente
1552 861 1726 888 contumacia
1750 862 1812 898 fra-

1065 903 1116 931 tris
1138 902 1170 932 N
1188 903 1224 933 N.
1243 904 1273 932 ol)
1290 905 1344 933 lale
1358 905 1488 934 delictum
1504 906 1594 945 (quod
1611 906 1699 937 debet
1717 909 1811 938 omni-

1042 950 1043 988 }
1066 960 1102 980 uo
1124 953 1270 991 exprimi)
1295 954 1387 992 ipsum
1409 956 1624 993 excommunico,
1645 961 1669 985 et
1688 966 1740 995 pro
1762 967 1809 986 ez-

1064 1002 1262 1031 cammunicalo
1284 1002 1378 1032 haberi
1399 1003 1527 1038 declaro:
1549 1009 1574 1033 et
1596 1006 1701 1034 tamdiu
1720 1006 1811 1044 ipsum

1066 1051 1207 1078 vitandum
1228 1051 1383 1089 denuncio,
1406 1053 1489 1082 donec
1519 1054 1711 1092 adimpleverit
1740 1058 1810 1094 quor!

1042 1114 1043 1134 1
1065 1099 1223 1128 mandatur.

1145 1146 1172 1176 Si
1208 1147 1298 1177 abbas
1331 1150 1501 1180 monasterii
1534 1152 1578 1181 vel
1612 1152 1746 1182 visitator
1774 1163 1806 1183 ex

1041 1198 1272 1237 3c0mmissi0ne
1306 1198 1421 1229 abbatis
1452 1201 1598 1238 generalis
1632 1202 1806 1232 sententiam

1064 1248 1378 1277 exconuuuuicatiouis
1402 1250 1587 1287 pronunciet,
1611 1250 1710 1280 dicat:

1144 1296 1205 1332 Eyo
1227 1296 1260 1325 N.
1284 1296 1362 1325 abbas
1384 1299 1545 1327 monasterii
1567 1299 1620 1335 N.‚
1645 1299 1690 1328 vel
1712 1301 1810 1329 visita·

1063 1347 1105 1371 tor
1136 1347 1294 1374 monasterii
1316 1349 1366 1375 aut
1395 1348 1557 1384 provinciae
1580 1348 1629 1385 N.,
1651 1350 1808 1387 specialiter

1040 1393 1094 1421 ³ab
1127 1393 1219 1422 abbate
1249 1395 1373 1431 generali
1403 1400 1427 1424 et
1460 1396 1618 1434 Izeyumeais
1649 1399 1806 1437 deputatus,

1060 1452 1111 1480 per
1133 1443 1205 1471 lianc
1226 1446 1410 1481 sententiam,
1434 1455 1516 1483 qaam
1549 1446 1579 1475 in
1610 1447 1721 1485 scriptis
1743 1458 1804 1486 pro-

1040 1506 1041 1515 i
1062 1492 1170 1525 nuncio,
1193 1496 1244 1520 etc.

1143 1541 1216 1569 Cum
1233 1540 1288 1570 erit
1303 1540 1511 1580 absolvendus,
1530 1546 1628 1572 utatur
1643 1543 1733 1573 abbas
1750 1545 1807 1575 sor-

1063 1588 1153 1624 mula,
1179 1598 1256 1628 quae
1280 1599 1367 1629 supra
1391 1590 1536 1630 descripta
1561 1596 1604 1621 est
1626 1602 1690 1631 cap.
1716 1603 1743 1622 x.

1142 1637 1244 1667 Omnis
1263 1640 1537 1669 excommunicatus
1553 1650 1739 1681 quacumque
1758 1652 1808 1672 ex-

1061 1688 1339 1725 communicatione,
1364 1689 1425 1718 sive
1448 1699 1463 1717 a
1486 1699 1597 1719 canone
1619 1691 1680 1720 sive
1703 1692 1739 1721 ab
1756 1692 1807 1721 lio-

1039 1737 1040 1745 *
1062 1736 1152 1773 mine,
1177 1740 1235 1765 tam
1260 1746 1274 1765 a
1299 1737 1431 1775 praelato
1450 1738 1649 1768 ecclesiastico
1690 1750 1754 1769 uam
1771 1742 1806 1770 ab

246 1784 250 1788 '
273 1784 434 1814 christiana
456 1785 501 1814 vel
523 1785 668 1814 catholica
691 1785 725 1814 ad
751 1786 917 1823 haeresim,
942 1785 1019 1814 sclii-
1039 1778 1040 1789 ¹
1668 1750 1684 1779 q

1061 1785 1166 1815 abbate
1189 1786 1319 1824 generali
1334 1810 1341 1820 ,
1367 1797 1424 1817 non
1449 1788 1630 1826 ingrediatur
1652 1790 1805 1820 ecclesiam

1061 1835 1105 1864 vel
1129 1836 1271 1871 eliorum3
1292 1845 1387 1875 neque
1410 1836 1444 1865 ad
1461 1846 1646 1867 communem
1664 1848 1730 1868 cum
1749 1840 1805 1869 fra-

1038 1884 1157 1928 ¹tribus
1192 1894 1322 1913 mensam
1355 1885 1551 1922 admittatur,
1584 1896 1679 1926 neque
1711 1889 1807 1918 officio

1061 1933 1120 1962 ullo
1144 1937 1192 1962 aut
1215 1933 1355 1971 dignitate
1388 1934 1526 1972 fungatur
1548 1935 1577 1964 in
1608 1938 1805 1975 monasterio,

1060 1992 1155 2021 neque
1179 1992 1277 2011 vocem
1302 1983 1427 2012 activam
1451 1988 1500 2012 aut
1523 1984 1668 2022 passivam
1701 1986 1805 2016 habeat

1059 2031 1089 2060 in
1112 2031 1322 2067 electionibus;
1346 2032 1491 2070 quinimo,
1515 2033 1654 2071 quamdiu
1684 2034 1726 2064 sic
1749 2040 1806 2065 ste—

1060 2081 1139 2116 terit,
1164 2080 1198 2109 ab
1221 2080 1356 2110 erunibus
1379 2081 1517 2118 evitetur,
1541 2082 1632 2111 donec
1648 2083 1805 2122 resipiscat

1036 2125 1038 2134 ⁴
1058 2134 1087 2158 et
1102 2138 1116 2158 a
1134 2129 1263 2166 legitimo
1279 2129 1430 2169 superiore
1452 2129 1631 2169 absolvatur,
1649 2136 1803 2171 postquam

1058 2178 1106 2215 id,
1137 2178 1214 2217 quod
1238 2183 1427 2217 praeceptum
1450 2183 1516 2214 est,
1542 2180 1761 2219 adimpleverit.

1107 2228 1176 2257 Car.
1201 2227 1262 2257 Xll.
1290 2246 1321 2249 —
1347 2228 1387 2257 De
1406 2229 1564 2267 privatione
1586 2232 1667 2263 voci&
1692 2230 1756 2268 Ioci,

1281 2277 1386 2306 cuculli
1407 2282 1431 2305 et
1452 2288 1578 2307 coronae.

1098 2335 1116 2355 i.
1141 2325 1195 2361 Qui
1230 2325 1362 2364 privatur
1396 2335 1465 2355 voce
1498 2327 1637 2365 passiva,
1669 2337 1720 2366 per
1749 2328 1805 2359 hoc

1059 2375 1190 2404 redditur
1213 2374 1352 2404 inhabilis
1368 2375 1402 2403 ad
1416 2375 1525 2404 maiora
1545 2376 1639 2405 oslicia
1657 2377 1685 2406 iu
1703 2383 1804 2407 nostro

1058 2424 1185 2459 Ordino3
1210 2424 1321 2453 minora
1345 2428 1440 2453 tamen
1466 2429 1561 2463 potest
1591 2435 1748 2462 exercere,
1773 2432 1805 2457 ut

1059 2479 1127 2503 sunt
1151 2473 1318 2509 infirmarii,
1344 2473 1497 2509 ianitoris,
1521 2475 1607 2513 coqui
1631 2480 1659 2504 ct
1681 2475 1801 2506 similia.

1060 2526 1192 2554 l'rivatus
1215 2529 1311 2553 autem
1335 2534 1404 2553 voce
1426 2525 1523 2554 activa
1547 2534 1604 2555 non
1629 2530 1723 2564 potest
1743 2528 1803 2556 sus-

1059 2574 1184 2611 l‘ragium
1209 2574 1284 2601 serre
1307 2573 1335 2602 in
1359 2573 1459 2611 aliqua
1481 2573 1623 2603 electione
1654 2578 1704 2604 aut
1732 2584 1803 2604 con-

1057 2622 1241 2661 gregatione:
1268 2632 1362 2660 neque
1385 2627 1479 2661 potest
1502 2623 1564 2653 lieri
1583 2628 1736 2653 accusator
1751 2629 1802 2654 aut

1823 229 1878 253 An.
1892 226 1921 253 C.
1940 226 2008 253 «73⁴2

1828 2346 1947 2372 Explicatio
1960 2348 1998 2368 hu·

1815 2373 1904 2402 iusmodi
1928 2375 2000 2400 priva-

1815 2403 1904 2420 tionum.
