2182 3137
202 237 253 261 An.
270 235 297 261 C.
325 235 388 261 173¹

438 226 503 259 25⁶2

396 294 465 315 rum
492 284 739 325 provincialium
772 286 1013 328 provinciarum
1041 286 1133 318 Lom-

395 335 526 368 bardiae
552 343 583 368 et
609 337 771 371 Romanae
796 339 979 371 huiusmodi
1013 345 1075 370 tam
1101 339 1132 370 in

395 388 618 430 spiritualibus
645 401 741 432 quam
761 391 791 422 in
812 392 1044 434 temporalibus
1066 402 1134 434 per-

394 446 492 481 petuo
518 442 633 473 exemit
667 448 698 474 ct
729 443 876 485 plenarie
912 444 1082 483 liberavit,
1110 444 1134 475 i-

394 503 533 535 psosque
559 502 734 527 conventus
761 495 791 527 in
819 497 898 528 duas
921 507 1018 529 novas
1045 507 1134 540 prae-

394 545 469 577 dicti
496 546 623 578 Ordinis
649 547 939 589 CongrcgatiOnes,
960 560 1056 581 unam
1079 551 1134 582 sci-

394 597 469 629 licet
493 598 523 630 S.
552 599 689 631 SabInae
716 600 928 633 Lombardiae
949 607 981 634 et
999 603 1131 635 alteram

393 651 424 681 S.
452 651 545 682 Marci
573 651 736 684 Romanae
758 654 937 696 respective
957 655 1120 696 provincia

393 713 463 734 rum
490 705 745 745 nuncupandas,
773 716 854 748 quae
891 717 949 749 pro
986 713 1132 750 tempore

393 766 523 798 quoque
549 757 697 790 existenti
726 759 878 800 magistro
906 761 1050 800 generali
1086 761 1132 792 di-

393 809 433 840 cti
457 808 584 841 Ordinis
618 810 800 843 immediate
833 812 1002 845 subiacere
1035 813 1132 845 debe-

393 866 477 898 rent,
497 861 608 894 itidem
630 869 788 905 perpetuo
806 865 907 895 erexit
926 870 957 896 et
977 865 1130 905 institiiit3

393 913 424 945 in
452 914 570 955 quibus
597 916 725 957 quidem
753 917 977 955 conventibus,
997 918 1035 949 ad
1055 918 1129 950 istas

391 966 667 1008 Congregationes
693 969 737 999 sic
762 975 886 1001 erectas
912 976 943 1001 et
969 970 1130 1002 institutas

392 1024 468 1050 tunc
493 1020 723 1061 spectantibus,
743 1026 774 1052 et
795 1021 847 1063 qui
876 1021 1031 1063 deinceps
1057 1033 1131 1064 spe-

390 1076 522 1109 ctarent,
550 1073 664 1104 fratres
684 1084 795 1105 omnes
814 1074 851 1105 ad
872 1075 1012 1115 regulae,
1033 1086 1128 1117 quam

389 1124 529 1165 professi
568 1125 723 1164 fuissem,
761 1127 995 1169 praescriptum
1034 1129 1128 1160 vitam

389 1176 561 1209 instituere
577 1183 608 1209 et
626 1189 831 1220 componere,
848 1185 944 1222 atque
964 1180 1027 1218 illa,
1048 1191 1128 1223 quae

388 1239 595 1261 communem
623 1230 735 1269 vitam,
774 1231 891 1263 victum
925 1238 955 1264 et
981 1233 1129 1265 vestitum

390 1289 635 1321 concernerent,
675 1284 759 1316 iuxta
785 1284 919 1317 Concilii
948 1285 1127 1318 Tridentini

389 1340 421 1366 et
446 1336 640 1368 recolendae
667 1338 842 1369 memoriae
876 1338 1048 1370 Clementis
1075 1339 1129 1370 Pa-

388 1397 448 1429 pae
474 1388 535 1420 VIII
573 1389 837 1431 praedecessoris
879 1391 989 1423 it1dem
1026 1392 1126 1423 nostri

388 1441 595 1474 decretorum
623 1448 765 1474 tenorem
804 1443 943 1476 fideliter
972 1451 1002 1476 et
1027 1445 1128 1477 invio-

388 1494 533 1526 labiliter
558 1496 735 1528 observare
761 1497 893 1529 omnino
920 1502 1125 1529 tenerentur:

388 1547 520 1589 utrique
557 1558 632 1580 vero
669 1548 919 1591 Congregationi
962 1551 1126 1592 praefatae

387 1600 427 1631 de
454 1600 571 1632 idoneo
598 1600 716 1633 vicario
743 1602 887 1642 *generali
914 1613 948 1634 ex
977 1603 1126 1636 fratribus

387 1652 522 1685 alicuius
548 1664 564 1685 e
591 1655 806 1686 conventibus
833 1655 917 1687 illius
943 1655 1126 1698 Congrega-

387 1705 500 1745 tionis,
526 1706 577 1737 cui
604 1708 629 1738 is
667 1707 905 1749 praeficiendus
940 1708 1033 1747 foret,
1072 1708 1123 1750 qui

385 1758 485 1799 illam,
511 1759 682 1791 adiuvante
703 1760 850 1799 Domino,
867 1771 1027 1803 prospere
1049 1761 1125 1793 diri-

386 1822 465 1853 gere
487 1813 619 1849 valeret,
647 1812 768 1854 quique
795 1813 826 1844 in
852 1814 1066 1846 conventibus
1093 1826 1125 1847 e·

385 1865 528 1896 iusmodi
555 1865 669 1896 saltem
689 1875 747 1906 per
768 1867 973 1908 septennium
993 1874 1123 1899 exactae

385 1917 544 1959 regularis
558 1918 783 1950 observantiae
794 1919 1122 1961 speeimeujdedissei,

384 1976 425 2010 et,
453 1976 608 2013 quantum
635 1970 703 2002 fieri
730 1978 847 2013 posset,
875 1972 969 2004 alicui
999 1984 1033 2005 ex
1061 1974 1124 2006 iltis

384 2023 589 2066 praefuisset,
615 2023 653 2055 ab
670 2023 739 2065 ipso
755 2024 909 2065 magistro
926 2026 1069 2066 generali
1085 2027 1123 2058 de

383 2076 518 2108 biennio
536 2076 568 2108 in
587 2076 753 2108 biennium
773 2077 1006 2119 provideretur3
1029 2079 1122 2122 isque

383 2130 534 2161 eamdem
563 2139 696 2171 prorsus
730 2129 986 2163 iurisdictionem
1014 2137 1045 2163 ct
1069 2143 1124 2164 au-

383 2183 565 2215 ctoritatem
593 2182 729 2214 haberet
753 2183 784 2214 in
811 2190 986 2216 conventus
1012 2190 1043 2216 et
1064 2186 1124 2216 fra-

385 2241 450 2267 tres
475 2246 552 2268 suae
578 2235 855 2277 Congregassonis,
883 2247 992 2279 quam,
1012 2248 1124 2269 secun-

384 2289 460 2320 dum
487 2288 683 2330 apostolicas
702 2299 736 2320 ac
755 2289 829 2320 dicti
852 2289 980 2322 Ordinis
1006 2291 1124 2322 consti-

384 2339 537 2378 tutiones,
557 2339 678 2371 habent
699 2339 823 2381 priores
851 2340 1064 2382 provinciales
1091 2340 1122 2373 in

383 2391 449 2423 suis
476 2391 654 2433 respective
674 2391 862 2434 provinciis:
888 2393 1063 2435 vetuitque,
1083 2404 1122 2425 ne

385 2444 537 2477 fratribus
562 2444 860 2487 Congregationum
886 2446 1122 2487 praedictarum

385 2497 519 2529 facultas
546 2498 732 2530 transeundi
768 2498 805 2530 ad
831 2499 911 2531 alios
937 2504 1026 2531 extra
1051 2499 1123 2532 illos

384 2555 565 2581 conventus
592 2549 683 2582 facile
708 2551 958 2583 concederetur:
979 2557 1010 2583 ct
1035 2551 1120 2591 alias,

383 2607 478 2644 prout
504 2602 635 2635 uberius
660 2603 844 2636 continetur
862 2603 893 2636 in
912 2603 1054 2636 eiusdem
1077 2604 1123 2636 In-

936 268 939 272 ·
981 239 1164 262 BULLARIUM
1190 239 1347 263 ROMANUM

1177 288 1320 318 nocentii
1359 287 1622 329 praedecessoris
1660 289 1802 327 litteris,
1833 299 1915 331 quae

1177 340 1341 381 plenariae
1368 340 1549 372 executioni
1576 341 1756 373 successive
1783 342 1916 374 deman-

1177 391 1268 423 datae
1295 398 1325 423 et
1350 398 1460 424 exacte
1486 392 1676 426 observatae
1703 394 1832 425 fuerunt
1857 405 1916 436 per

1176 443 1314 486 spatium
1342 444 1473 485 triginta
1499 450 1530 477 et
1555 451 1628 477 octo
1654 457 1811 478 annorum
1839 446 1914 479 inde

1177 496 1368 528 effluxorum
1410 496 1442 528 in
1475 499 1614 540 utraque
1655 498 1914 540 Congregatione

1176 548 1331 589 praefata,
1346 549 1619 591 quemadmodum
1639 551 1669 582 in
1690 550 1742 583 illa
1763 551 1794 583 S.
1816 551 1913 583 Marci

1177 600 1271 632 etiam
1298 611 1373 632 num
1399 608 1545 634 accurate
1583 609 1769 635 servantur:
1803 614 1838 636 ev
1874 614 1913 636 eo

1176 659 1282 685 autem
1321 659 1464 696 tempore
1501 655 1577 687 satis
1613 656 1762 687 omnibns
1802 661 1913 689 notum

1176 711 1448 748 perspectumque
1485 712 1550 745 est,
1588 713 1742 750 quantum
1782 709 1914 751 antiqua

1177 760 1337 800 regularis
1364 760 1544 802 disciplina,
1563 762 1668 802 quoad
1692 773 1728 793 ea
1749 762 1913 803 potissime

1176 821 1259 853 quae
1285 822 1487 845 communem
1510 813 1737 855 religiosorum
1756 814 1852 846 vitam
1874 815 1913 846 ab

1175 863 1261 894 omni
1300 866 1348 896 vel
1387 865 1497 907 specie
1525 865 1733 908 proprietatis
1759 867 1856 908 plane
1881 877 1914 898 a-

1175 916 1293 948 lienam
1321 918 1474 955 attinent,
1501 918 1530 950 in
1565 921 1702 961 utraque
1735 919 1914 960 Congrega-

1177 969 1262 1001 tione
1289 970 1490 1008 huiusmodi,
1517 983 1588 1004 cum
1615 983 1677 1004 non
1705 972 1819 1004 minori
1846 972 1915 1004 uni-

1174 1022 1257 1053 versi
1297 1022 1425 1054 Ordinis
1459 1024 1616 1066 praedicti
1655 1025 1771 1057 decore
1795 1031 1911 1067 ‘quam

1175 1073 1316 1106 fidelium
1342 1075 1578 1115 aedificatione,
1606 1078 1786 1119 susceperit
1812 1078 1914 1110 incre-

1175 1127 1274 1159 menti
1301 1138 1336 1159 ac
1363 1128 1568 1161 firmamenti.
1596 1130 1804 1162 Postmodum
1836 1141 1912 1163 vero

1174 1179 1246 1222 piae
1273 1181 1451 1213 memoriae
1476 1182 1671 1214 Benedictus
1698 1183 1755 1214 PP.
1777 1183 1842 1215 XIII
1868 1189 1913 1216 et-

1173 1233 1234 1264 iam
1250 1234 1484 1275 praedecessor
1499 1240 1621 1271 noster,
1636 1235 1690 1277 qui
1707 1236 1824 1268 dictam
1838 1246 1912 1278 pro-

1172 1285 1309 1317 vinciam
1349 1286 1582 1327 Lombardiae,
1609 1293 1722 1330 utpote
1758 1288 1790 1319 in
1828 1287 1910 1331 quii¹

1172 1338 1361 1369 eorumdem
1384 1339 1517 1370 fratrum
1538 1340 1798 1372 Praedicatorum
1819 1340 1912 1373 Ordi-

1171 1390 1217 1428 ni,
1241 1391 1315 1422 dum
1341 1391 1370 1422 in
1397 1392 1576 1424 minoribus
1596 1394 1792 1425 constitutus
1810 1399 1907 1431 esset,

1171 1453 1288 1476 nomen
1315 1445 1468 1484 dederat,
1494 1456 1530 1477 ac
1565 1445 1730 1487 religionis
1767 1446 1911 1479 moribus

1171 1501 1202 1528 et
1228 1497 1382 1529 institutis
1401 1497 1543 1529 imbutus
1566 1504 1596 1531 et
1617 1499 1778 1531 enutritus
1797 1499 1910 1539 fuerat,

1171 1552 1261 1590 grata
1291 1550 1447 1582 memoria
1481 1551 1653 1592 animoque
1688 1551 1909 1593 prosequeba-

1171 1607 1230 1639 tur,
1258 1604 1439 1644 regularem
1464 1603 1699 1636 observantiam
1718 1604 1748 1635 in
1768 1604 1911 1645 praefata

1169 1655 1429 1697 C0125regatione
1454 1656 1485 1688 S.
1512 1656 1650 1689 Sabinae
1690 1657 1806 1689 florere
1839 1657 1909 1699 qui-

1170 1708 1243 1740 dem
1270 1719 1470 1749 agnoscens,
1496 1709 1553 1742 sed
1580 1719 1638 1751 per
1670 1720 1783 1742 novam
1820 1709 1908 1742 illam

1171 1760 1339 1801 regiminis
1361 1761 1513 1799 formam,
1539 1762 1579 1793 ab
1609 1761 1680 1804 ipso
1716 1761 1908 1794 innocentio

1168 1812 1419 1854 praedecessore
1457 1813 1641 1853 inductam,
1681 1814 1788 1856 potius
1825 1814 1909 1846 intra

1168 1865 1314 1897 eiusdem
1329 1865 1597 1908 Congregationis
1616 1865 1696 1899 lines
1714 1867 1908 1906 conclusam,

1168 1929 1262 1960 quam
1289 1919 1328 1950 ad
1356 1918 1452 1950 totius
1478 1919 1666 1961 provinciae
1695 1919 1908 1952 Lombardiae

1169 1976 1361 2013 praetensae
1376 1972 1548 2004 utilitatem
1568 1972 1793 2015 amplificatam
1808 1972 1907 2005 fuisse

1168 2029 1334 2066 reputans,
1349 2024 1449 2067 ipsam
1466 2025 1650 2067 regularem
1669 2025 1907 2057 observantiam

1168 2077 1207 2108 ad
1252 2077 1433 2109 universam
1478 2077 1680 2119 provinciam
1720 2077 1906 2110 huiusmodi

1169 2129 1323 2161 dilatandi
1356 2129 1542 2169 desiderio,
1583 2134 1762 2162 conventus
1801 2130 1906 2163 dictae

1168 2180 1437 2223 Congregationis
1481 2182 1512 2214 S.
1551 2183 1688 2215 Sabinae
1729 2193 1907 2225 eorumque

1169 2234 1282 2266 fratres
1324 2235 1432 2267 denuo
1467 2235 1639 2278 supposuit
1674 2235 1904 2275 iurisdictioni,

1167 2297 1261 2319 curae
1298 2294 1330 2319 et
1370 2288 1519 2329 potestati
1556 2288 1673 2330 pri0ris
1698 2288 1907 2330 provincialis

1166 2339 1354 2382 provinciae
1380 2340 1605 2380 Lombardiae,
1633 2352 1668 2373 ac
1693 2341 1718 2373 si
1743 2342 1907 2384 praefatae

1166 2392 1343 2424 Innocentii
1366 2393 1629 2434 praedecessoris
1654 2394 1783 2426 litterae
1799 2394 1906 2427 editae

1167 2455 1231 2477 non
1258 2444 1418 2485 fuissent;
1446 2451 1478 2477 et
1502 2447 1594 2478 sicuti
1628 2446 1713 2479 dicta
1737 2447 1906 2490 provincia

1167 2497 1378 2530 Lombardiae
1414 2499 1446 2531 in
1483 2500 1593 2542 plures
1626 2500 1787 2542 regiones,
1825 2510 1904 2542 quas

1205 2614 1213 2639 l
1238 2614 1336 2639 Vocem
1357 2614 1415 2648 qud
1434 2622 1484 2640 nos
1504 2613 1627 2641 addimus
1646 2615 1745 2648 (n.·r.).

1929 245 1978 265 An.
1995 242 2023 266 tl.

2047 240 2110 268 ¹731
