2182 3137
188 243 238 267 Α..
256 241 287 268 c.
311 238 380 266 1732
425 230 490 264 410

213 514 337 535 Clausutae.

216 1203 371 1224 Contrariorum

185 1230 306 1257 derogatio.

382 288 517 320 stolicae
543 287 704 321 firmitatis
730 288 831 321 robur
855 288 1026 321 adiicimus
1043 314 1051 327 ‚
1088 298 1125 320 ac

382 351 495 373 omnes
521 347 552 373 et
568 341 714 383 singulos
731 341 810 374 iuris
829 347 861 374 et
880 341 952 374 facti
969 341 1122 379 desectus,

382 394 407 426 si
433 394 488 436 qui
514 394 656 437 desuper
673 395 922 438 quomodolibet
942 394 1125 427 intervene-

382 448 510 486 nerint,
538 449 740 491 supplemus.

426 501 441 543 ᾗ
465 501 497 533 4.
518 501 747 541 Decernentes‚
774 502 905 535 easdem
931 507 1123 546 praesentes

382 553 506 586 litteras
530 565 661 597 semper
684 553 805 595 firmas,
826 555 948 588 validas
967 560 998 587 et
1019 554 1124 587 effica-

382 617 434 639 ces
460 607 600 640 existere
626 612 658 640 et
684 608 764 648 sore,
789 619 931 651 suosque
958 607 1125 650 plenarios

384 665 416 693 et
439 660 585 702 integros
611 660 743 694 effectus
769 662 881 695 sortiri
907 668 937 694 et
962 661 1123 699 obtinere,

383 724 420 746 ac
434 713 558 752 abillis,
575 714 614 746 ad
625 725 707 757 quos
721 720 846 758 spectat
861 721 892 748 et
904 725 962 757 pro
978 720 1124 757 tempore

384 767 656 810 quandocumque
682 768 862 810 spectabit,
892 766 1125 800 inviolabiliter

383 819 564 859 observari,
582 820 694 863 sicque
716 820 748 853 in
761 820 947 864 praemissis
961 830 1020 863 per
1035 829 1125 861 quos-

383 882 522 914 cumque
544 872 668 905 iudices
686 873 872 906 ordinarios
892 878 922 905 et
947 872 1124 913 delegatos,

384 925 481 958 etiam
499 936 670 958 causarum
697 926 808 968 palatii
838 925 1009 968 apostolici
1036 924 1125 957 audi-

384 984 492 1019 tores,
521 979 655 1012 iudicari
694 985 725 1012 et
759 978 888 1011 definiri
922 978 1067 1016 debere,
1090 988 1125 1009 ac

384 1031 510 1064 irritum
538 1038 570 1064 et
594 1032 692 1064 inane
726 1032 752 1064 si
784 1042 876 1065 secus
908 1041 1007 1074 super
1033 1030 1083 1062 tiis
1109 1041 1126 1062 a

383 1095 566 1128 quoquam,
588 1086 701 1128 quavis
736 1085 931 1118 auctoritate
947 1111 954 1125 ‚
982 1083 1127 1116 scienter

383 1138 434 1170 vel
460 1138 663 1180 ignoranter,
689 1138 866 1180 contigerit
890 1137 1055 1171 attentari.

427 1192 441 1235 ς
467 1191 498 1224 5.
522 1191 593 1224 Non
611 1192 816 1225 obstantibus
836 1190 1127 1225 constitutionibus

384 1251 416 1278 et
453 1245 715 1278 ordinationibus
754 1245 966 1288 apostolicis,
1001 1254 1127 1277 necnon

383 1299 626 1342 praedictorum
666 1298 796 1331 Ordinis
836 1305 868 1331 et
908 1298 1096 1341 provinciae
1119 1324 1126 1337 ‚

383 1352 479 1384 etiam
506 1352 702 1391 iuramento,
729 1351 976 1385 confirmatione
1002 1357 1131 1394 aposto-

382 1405 460 1446 lica,
488 1411 543 1438 aut
567 1405 679 1448 quavis
703 1405 855 1438 firmitate
880 1406 942 1438 alia
958 1404 1129 1444 roboratis,

382 1459 510 1492 statutis
547 1465 579 1492 et
613 1459 923 1498 consuetudinibus,
949 1458 1129 1502 privilegiis

383 1524 537 1556 quoque,
569 1513 705 1546 indultis
732 1518 763 1545 et
791 1513 908 1545 litteris
941 1511 1131 1555 apostolicis

383 1566 416 1598 in
430 1567 630 1599 contrarium
646 1566 903 1610 praemissorum
925 1566 1131 1609 quomodoli-

384 1620 439 1653 bet
462 1620 638 1659 concessis,
657 1620 856 1653 confirmatis
883 1626 914 1652 et
943 1619 1129 1659 innovatis;

384 1673 503 1716 quibus
530 1673 681 1706 omnibus
706 1678 737 1706 et
762 1673 913 1715 singulis,
933 1672 1065 1705 illorum
1084 1678 1131 1705 te-

384 1737 482 1759 nores
508 1726 739 1769 praesentibus
765 1736 826 1769 pro
851 1727 949 1769 plene
979 1731 1010 1758 et
1045 1725 1133 1757 suf'fi-

385 1780 510 1813 cienter
528 1779 691 1822 expressis
716 1791 753 1812 ac
778 1780 817 1812 ad
844 1780 978 1811 verbum
1003 1779 1133 1812 insertis

384 1834 552 1873 habentes,
578 1834 642 1866 illis
667 1833 746 1866 alias
771 1833 804 1865 in
830 1844 889 1866 suo
916 1833 1035 1866 robore
1060 1844 1134 1876 per-

387 1888 569 1925 mansuris,
597 1888 635 1920 ad
668 1887 928 1930 praemissorum
964 1886 1133 1926 effectum,

386 1941 445 1973 hac
460 1941 528 1973 vice
543 1941 718 1980 dumtaxat,
733 1940 922 1983 specialiter
935 1945 966 1972 et
979 1951 1133 1982 expresse

387 1995 608 2037 derogamus3
634 1994 817 2037 ceterisque
850 1994 1024 2026 contrariis
1061 1995 1133 2038 qui-

387 2048 602 2091 buscumque.

432 2103 548 2135 Datum
573 2101 710 2140 Romae,
731 2101 819 2144 apud
837 2100 869 2133 S.
890 2100 1021 2133 Mariam
1040 2101 1134 2134 Maio-

389 2167 465 2194 rem,
485 2156 546 2188 sub
564 2155 685 2188 annulo
707 2154 892 2194 Piscatoris,
908 2154 961 2187 die
981 2165 1033 2188 xvi
1053 2155 1132 2187 iunii

389 2219 580 2249 tinccxxxu,
607 2207 823 2251 pontificatus
851 2207 958 2240 nostri
983 2219 1069 2242 anno
1095 2219 1130 2243 11.

425 2270 483 2297 Dat.
505 2269 548 2296 die
571 2272 602 2295 16
622 2269 690 2296 iunii
713 2269 796 2299 1732,
817 2269 913 2302 pontif,
935 2278 1007 2296 anno
1028 2276 1056 2296 n.

678 2324 713 2357 F.
741 2325 830 2357 card.
857 2323 1042 2358 Otlvssntns.

716 2495 805 2528 LXV.

392 2583 546 2626 Erigyitur
569 2582 820 2626 confraternitas
843 2593 897 2615 seu
923 2582 1134 2625 Conqreyalz‘o

437 2640 629 2680 nuncupata
641 2636 820 2679 Perpetuae
835 2635 1051 2669 Adorationis
1063 2646 1135 2668 san-

971 239 1155 265 BULLARIUM
1181 239 1339 264 ROMANUM

1212 288 1351 321 ctissimi
1366 289 1572 322 Sacramemi
1595 290 1632 321 in
1655 289 1787 321 ecclesia
1811 289 1910 321 colle·

1211 342 1305 385 ῃίαιά
1322 342 1356 376 S.
1373 342 1502 376 Mariae
1517 342 1560 374 ad
1577 342 1740 385 Martyres
1764 342 1802 375 de
1821 342 1911 376 Urbe.

1375 427 1513 454 Clemens
1538 428 1619 461 Papa
1642 428 1705 461 ΧΗ,

1284 471 1321 498 ad
1343 475 1524 505 perpetuam
1545 472 1590 499 rei
1610 472 1797 499 memoriam.

1215 555 1358 588 Pastoris
1384 557 1535 595 aeterni,
1563 556 1617 599 qui
1643 567 1702 599 pro
1728 556 1837 598 gregis
1863 567 1913 588 sa·
1951 563 2073 585 Exordium.

1170 609 1238 641 lute
1264 608 1297 640 in
1323 611 1376 642 ara
1402 609 1505 642 crucis
1530 609 1690 642 immolari
1716 609 1835 648 voluit,
1869 610 1913 642 vi-

1170 672 1222 694 ces
1241 688 1248 700 ,
1275 672 1472 705 quamquam
1499 662 1677 701 immeriti,
1702 668 1855 704 gerentes
1880 663 1913 694 in

1170 714 1267 747 terris
1284 741 1291 754 ,
1318 715 1372 758 pia
1397 714 1662 747 christifidelium
1688 721 1781 755 vota,
1812 714 1914 748 divini

1170 768 1276 800 cultus
1312 768 1550 800 incrementum
1587 773 1619 800 et
1656 768 1802 810 ipsorum
1835 767 1914 800 side-

1170 820 1248 853 lium
1273 821 1410 853 salutem
1438 821 1693 860 concernentia,
1721 821 1759 853 ad
1785 821 1916 855 exaudi·

1171 874 1269 906 tionis
1295 874 1431 916 gratiam
1458 874 1601 907 libenter
1626 874 1847 914 admittimus,
1881 881 1916 907 ut

1170 937 1230 970 per
1256 937 1391 970 operum
1420 928 1547 971 piorum
1574 927 1765 960 exercitium
1791 928 1829 961 ad
1863 939 1915 962 ae—

1171 986 1281 1013 ternae
1306 981 1518 1013 beatitudinis
1536 982 1654 1023 gaudia
1667 982 1836 1024 pervenire
1849 992 1916 1015 me-

1172 1039 1316 1065 reantur.

1216 1087 1231 1128 §
1256 1086 1288 1118 1.
1314 1085 1390 1119 Cum
1417 1086 1538 1129 itaque,
1558 1087 1641 1119 sicut
1659 1087 1809 1120 nonnulli
1829 1088 1916 1120 chri-

1172 1139 1328 1172 stifideles
1355 1140 1458 1172 almae
1476 1139 1572 1172 Urbis
1590 1145 1723 1173 nostrae
1744 1141 1840 1173 nobis
1857 1151 1916 1173 nu-

1173 1202 1233 1235 per
1259 1192 1376 1234 exponi
1403 1193 1563 1232 secerunt‚
1590 1192 1663 1235 ipsi,
1686 1203 1745 1236 pro
1763 1195 1821 1226 sua
1838 1203 1916 1236 erga

1173 1245 1409 1277 sanctissimum
1431 1238 1655 1278 Eucharistiae
1677 1252 1915 1280 sacramentum

1174 1297 1296 1340 pietate
1321 1309 1357 1330 ac
1382 1298 1555 1331 devotione
1571 1326 1579 1339 ,
1606 1304 1706 1342 utque
1731 1299 1813 1332 alios
1836 1299 1916 1333 fide-

1175 1351 1222 1383 les
1258 1351 1296 1383 ad
1333 1357 1565 1393 augumentum
1603 1352 1705 1385 divini
1742 1353 1845 1385 cultus
1884 1359 1916 1386 et

1175 1404 1393 1437 venerationis
1417 1405 1523 1438 eidem
1556 1405 1786 1447 augustissimo
1811 1417 1917 1439 sacra-

1175 1463 1287 1491 mento
1305 1458 1433 1491 debitae
1450 1459 1640 1500 accendant,
1656 1459 1690 1491 in
1708 1461 1868 1493 saeculari
1886 1467 1917 1493 et

1176 1511 1348 1554 collegiata
1379 1512 1521 1544 ecclesia
1544 1512 1574 1544 S.
1599 1512 1715 1546 Mariae
1740 1512 1780 1546 ad
1804 1513 1919 1557 Marty-

1176 1575 1238 1603 res,
1257 1566 1353 1607 vulgo
1379 1565 1418 1598 dc
1438 1565 1588 1598 Rotunda
1606 1569 1805 1609 nuncupata,
1824 1566 1918 1600 Urbis

1177 1619 1361 1661 praefatae,
1390 1630 1486 1651 unam
1520 1619 1711 1652 eorumdem
1748 1619 1918 1663 utriusque

1177 1682 1272 1705 sexus
1311 1671 1571 1704 christifidelium
1615 1673 1918 1706 confraternitatem

1177 1736 1232 1758 seu
1257 1726 1548 1768 congregationem
1584 1727 1644 1758 sub
1682 1726 1775 1759 titulo
1801 1727 1918 1770 Perpe-

1179 1785 1251 1812 tuac
1288 1779 1496 1811 Adorationis
1535 1779 1681 1812 eiusdem
1722 1779 1918 1812 sanctissimi

1177 1833 1371 1865 sacramenti
1404 1832 1626 1865 Eucharistiae
1651 1842 1711 1876 per
1743 1843 1803 1865 nos
1837 1833 1917 1876 erigi

1178 1896 1386 1929 summopere
1410 1886 1613 1918 desiderent:

1221 1940 1236 1982 ξ
1261 1939 1292 1972 ⁶2.
1319 1938 1398 1978 Nos,
1420 1938 1481 1981 piis
1511 1939 1671 1971 dictorum
1701 1938 1842 1972 fidelium
1863 1939 2114 2000 de-efigpttllrlqternitas

1179 1993 1308 2026 sideriis
1344 1992 1529 2025 huiusmodi
1567 1992 1710 2035 benigne
1746 2003 1917 2034 annuere,

1178 2047 1426 2090 animarumque
1458 2045 1555 2079 saluti
1590 2048 1724 2089 paterna
1760 2046 1920 2080 charitate

1178 2101 1369 2145 prospicere
1402 2100 1591 2143 cupientes,
1624 2100 1920 2143 supplicationibus

1178 2156 1309 2188 illorum
1334 2154 1467 2186 nomine
1492 2153 1587 2186 nobis
1614 2164 1714 2196 super
1739 2154 1802 2186 hoc
1820 2153 1919 2186 humi-

1177 2208 1252 2241 liter
1287 2207 1449 2251 porrectis
1486 2206 1653 2245 inclinati,
1692 2207 1724 2238 in
1760 2207 1920 2240 saeculari

1178 2267 1210 2294 et
1239 2261 1412 2303 collegiata
1447 2259 1583 2292 ecclesia
1618 2259 1786 2301 praedicta
1823 2270 1919 2292 unam

1177 2315 1348 2357 utriusque
1373 2324 1466 2346 sexus
1499 2312 1759 2345 christifidelium
1795 2313 1920 2346 confra-

1179 2368 1365 2401 ternitatem
1400 2376 1457 2399 seu
1494 2365 1806 2408 congregationem,
1835 2377 1918 2410 quae

1179 2431 1245 2454 non
1270 2421 1312 2453 sit
1334 2431 1393 2463 pro
1420 2419 1608 2452 hominibus
1634 2418 1728 2451 unius
1765 2419 1918 2462 specialis

1178 2475 1254 2507 artis
1279 2475 1337 2506 sul)
1364 2473 1456 2506 titulo
1492 2472 1659 2516 praefato,
1687 2472 1758 2505 sine
1783 2472 1919 2505 alicuius

1178 2528 1403 2572 praeiudicio,
1442 2531 1475 2560 et
1510 2526 1686 2559 dummodo
1722 2526 1830 2559 dilecti
1862 2526 1920 2559 filii

1178 2581 1281 2614 nostri
1307 2580 1340 2613 in
1366 2580 1479 2613 eadem
1506 2579 1591 2612 Urbe
1615 2579 1724 2612 vicarii
1755 2579 1789 2611 in
1825 2579 1920 2623 spiri-

1179 2635 1322 2668 tualibus
1348 2634 1513 2678 generalis
1540 2643 1713 2676 expressus
1733 2633 1771 2666 ad
1790 2633 1854 2666 hoc
1873 2644 1920 2666 ac-

1922 243 1971 267 Αιι.
1984 242 2014 267 C.
2039 241 2104 269 1732

1925 1094 2070 1142 ιηειιιῖψριθΧ
2084 1094 2108 1115 '⁵'
