2182 3137
212 194 262 222 An.
279 195 308 222 c.
330 195 398 223 1733
444 186 507 220 500

233 1697 353 1720 Exordium.

233 2229 332 2252 Berensis
341 2236 390 2257 pro-

210 2258 292 2278 vim-iae
316 2259 390 2285 ampti-

208 2285 268 2306 tudo.

402 245 471 284 bus,
492 245 671 288 privilegiis
688 254 827 288 quoque,
847 244 981 279 indultis
1008 251 1039 279 et
1055 246 1138 280 litte-

402 298 445 330 ris
472 297 658 341 apostolicis
678 298 710 330 in
729 299 923 332 contrarium
943 300 1138 342 praemisso-

402 362 470 383 rum
497 352 743 395 quomodolibet
767 353 943 393 concessis,
966 353 1137 387 confirma-

403 405 441 437 tis
468 411 498 438 et
519 405 690 446 innovatis,
710 405 825 449 quibus
843 407 992 440 omnibus
1019 413 1050 440 et
1075 408 1139 441 sin-

403 458 496 500 gulis,
521 458 648 491 illorum
675 464 804 492 tenores
826 461 1054 503 praesentibus
1081 473 1137 504 pro

402 512 499 554 plene
536 517 567 544 et
602 512 798 546 sufficienter
835 513 994 556 expressis
1026 525 1062 547 ac
1098 516 1136 548 de

401 564 500 597 verbo
519 564 557 597 ad
576 566 709 597 verbum
736 565 866 599 insertis
887 566 1055 608 babentes,
1074 568 1138 601 illis

401 618 479 650 alias
516 617 547 650 in
585 629 642 651 suo
678 618 796 652 robore
833 621 1071 663 permansuris,
1099 622 1137 654 ad

400 672 653 714 praemissorum
680 672 843 714 effectum,
869 674 931 707 hac
956 675 1022 708 vice
1048 675 1139 708 dum-

401 725 693 768 taxat‚specialiter
710 731 741 759 et
757 736 909 770 expresse
928 727 1135 770 derogamus,

401 778 582 822 ceterisque
608 779 778 812 contrariis
804 779 1075 824 quibuscmnque.

444 832 558 866 Datum
579 832 707 874 Romae,
734 834 819 876 apud
845 833 876 866 S.
896 834 1025 867 Mariam
1045 835 1138 868 Maio-

400 897 478 926 rem,
499 887 557 919 sub
576 887 695 920 annulo
714 887 899 927 piscatoris,
921 888 972 920 die
993 898 1045 922 xv1
1063 888 1137 921 maii

400 950 596 981 Mnccxxxm,
620 940 826 984 pontificatus
852 941 953 974 nostri
976 952 1061 975 anno
1086 952 1135 976 111.

436 1001 493 1029 Dat.
516 1002 558 1030 die
580 1002 612 1029 16
632 1002 694 1029 maii
717 1002 799 1036 1733,
820 1002 918 1038 pontif.
940 1011 1010 1030 anno
1030 1010 1067 1030 111.

751 1056 787 1089 F.
807 1056 893 1090 card.
913 1056 1093 1091 OL1v13n1us.

719 1209 819 1244 XCIV.

402 1290 641 1333 Coonfirnzalur
665 1290 782 1323 divisio
808 1290 998 1333 provinciae
1017 1290 1139 1323 Beren-

444 1345 488 1377 sis
515 1343 648 1378 Ordinis
675 1345 819 1387 fratrum
845 1344 1009 1376 Minorum
1037 1344 1140 1376 sancta·

445 1397 615 1430 Francisci
651 1397 689 1430 de
726 1396 937 1431 Observanlici
966 1397 1002 1429 in
1038 1396 1137 1438 duas,

445 1455 542 1494 alque
577 1451 690 1484 erectio
725 1461 824 1484 novae
859 1449 1047 1494 provinciae
1081 1450 1138 1483 Li-

445 1513 572 1537 cienszs.

613 1575 747 1603 Clemens
769 1576 848 1610 Papa
863 1576 925 1611 XII,

541 1619 577 1647 ad
597 1619 732 1648 futuram
751 1620 795 1648 rei
815 1620 997 1648 memoriam.

444 1691 488 1725 Ex
513 1691 660 1725 iniuncto
685 1692 780 1725 nobis
806 1692 956 1725 divinitus
986 1691 1139 1736 apostoli-

401 1755 456 1778 cae
482 1745 643 1780 servitutis
661 1756 806 1787 munere,
825 1746 889 1787 illa,
912 1756 996 1789 quae
1014 1756 1031 1778 a
1049 1756 1140 1789 supe-

400 1798 538 1832 rioribus
563 1799 769 1842 regularibus
802 1809 863 1843 pro
893 1799 979 1832 felici
1005 1809 1139 1842 prospe-

400 1862 502 1896 roque
541 1852 771 1896 religiosorum
802 1853 946 1885 virorum
981 1852 1138 1895 regimine

400 1915 437 1939 ac
462 1906 700 1950 tranquillitate
735 1916 796 1950 per
828 1916 985 1939 novarum
1011 1906 1140 1949 provin-

400 1959 523 1992 ciarum
559 1959 797 1993 institutionem
832 1960 968 2003 provide
1002 1959 1085 1993 sacta
1110 1965 1140 1993 et

401 2013 549 2047 ordinata
573 2024 646 2047 esse
671 2018 864 2055 noscuntur,
885 2019 920 2047 ut
944 2014 1037 2047 firma
1061 2024 1141 2047 sem-

400 2077 458 2110 per
476 2073 571 2111 atque
590 2067 744 2101 inviolata
760 2068 944 2111 persistant,
969 2067 1140 2111 apostolici

400 2121 587 2154 muniminis
623 2121 725 2154 nostri
757 2121 944 2165 praesidio,
969 2132 1042 2155 cum
1068 2122 1099 2155 id
1125 2132 1142 2155 a

400 2175 495 2208 nobis
522 2175 652 2219 petitur,
678 2175 823 2209 libenter
848 2176 1109 2209 constabilimus.

444 2225 666 2270 §1.Exponi
704 2226 866 2270 siquidem
902 2226 995 2260 nobis
1035 2237 1142 2270 nuper

402 2278 478 2311 fecit
502 2279 638 2312 dilectus
675 2279 761 2313 filius
792 2279 952 2323 Iosephus
978 2280 1076 2313 Maria
1101 2281 1140 2313 ab

400 2332 516 2374 Ebora,
543 2333 785 2367 commissarius
811 2333 973 2377 generalis
998 2345 1057 2377 pro
1076 2333 1142 2368 Cis·-

400 2389 555 2421 montana
580 2387 703 2421 familia
719 2387 847 2421 Ordinis
864 2387 1023 2421 Minorum
1041 2388 1141 2421 sancti

401 2439 563 2474 Francisci
583 2441 621 2474 de
640 2440 853 2475 Observantia
870 2447 1141 2485 nuncupatorum,

401 2494 511 2537 quod,
538 2505 613 2528 curn
649 2495 819 2538 provincia
853 2495 1023 2536 Barensis,
1058 2506 1140 2539 quae

401 2547 430 2580 S.
454 2547 579 2582 Nicolai
604 2549 801 2592 appellatur,
833 2549 977 2583 eiusdem
1002 2548 1140 2591 Ordinis,

401 2600 482 2634 adeo
508 2602 616 2646 ampla
647 2602 751 2646 roret,
778 2608 813 2637 ut
836 2602 959 2638 ambitu
983 2603 1023 2637 ad
1048 2603 1142 2647 quin-

992 196 1170 222 BULLARIUM
1193 196 1347 222 ROMANUM

1182 252 1299 290 genta,
1324 246 1527 289 longitudine
1558 256 1635 280 vero
1661 247 1699 280 ad
1725 246 1915 290 sexaginta¹

1181 301 1308 333 circiter
1344 300 1445 332 millia
1477 310 1631 343 passuum
1656 306 1800 343 pateret„
1829 306 1859 334 et
1883 301 1916 334 in

1180 353 1257 387 duas
1275 353 1435 395 regiones,
1451 353 1626 386 Barenscm
1648 353 1770 387 scilicet
1787 353 1916 396 viginti-

1181 413 1252 440 octo
1278 412 1453 440 conventus
1479 407 1748 449 complectentem
1766 433 1773 445 ,
1800 417 1835 439 ac
1867 407 1917 440 Li-

1182 461 1321 493 ciensem
1337 459 1513 502 respective
1527 465 1728 503 nuncupatas
1743 460 1916 493 duodecim

1182 513 1413 553 conventibus,
1443 513 1655 556 ducentisque
1680 518 1711 546 et
1735 514 1818 546 ultra
1855 513 1919 547 sra-

1183 567 1286 600 tribus
1306 571 1506 600 constantem
1533 566 1752 600 divideretur:
1776 567 1845 610 ipse
1870 566 1919 599 Io-

1183 621 1303 664 sephus
1328 621 1435 661 Maria,
1461 620 1557 654 variis
1582 621 1808 661 incommodis,
1837 631 1918 664 quae

1183 684 1218 706 ex
1245 674 1458 717 amplitudine
1489 674 1686 717 provinciae,
1720 684 1756 707 ac
1785 674 1919 707 diversi-

1183 733 1246 760 tate
1286 727 1454 770 regionum
1495 727 1682 760 huiusmodi
1719 727 1917 769 oriebantur,

1181 780 1402 822 occurrendi&
1423 786 1681 824 perpetuamque
1701 791 1814 824 pacem
1834 780 1920 814 inter

1182 834 1297 866 fratros
1322 835 1488 878 utriusque
1513 835 1654 878 regionis
1683 835 1848 879 praefatae
1874 835 1921 868 so-

1182 887 1275 920 vendi
1312 887 1427 928 studio,
1464 898 1498 921 re
1535 888 1627 932 prius
1656 899 1727 921 cnm
1752 888 1919 922 visitatore

1182 941 1376 984 provinciae,
1403 952 1528 975 necnon
1566 942 1793 975 definitoribus
1825 952 1920 985 gene·

1182 995 1303 1028 ralibus
1328 994 1455 1028 Ordinis
1481 995 1722 1039 praedictorum
1748 995 1921 1030 communi-

1183 1050 1263 1089 cata,
1287 1048 1398 1091 vigore
1423 1048 1572 1092 specialis
1609 1049 1767 1083 facultatis
1792 1049 1854 1083 sibi
1879 1050 1919 1082 ad

1182 1101 1214 1134 id
1239 1112 1255 1134 a
1280 1102 1376 1135 nobis
1402 1102 1587 1143 attributae,
1609 1103 1826 1147 supradictam
1847 1113 1920 1146 pro-

1182 1154 1317 1188 vinciam
1343 1155 1517 1188 Berensem
1533 1155 1565 1188 in
1583 1156 1662 1188 duas
1688 1155 1803 1196 divisit,
1822 1160 1919 1200 atque

1184 1218 1219 1240 ex
1238 1209 1428 1242 memoratis
1446 1208 1616 1242 duodecim
1635 1209 1845 1243 conventibus
1869 1219 1919 1242 re-

1183 1261 1287 1304 gionis
1327 1262 1481 1295 Liciensis
1521 1273 1636 1296 novam
1676 1263 1752 1296 dicti
1789 1262 1917 1296 Ordinis

1182 1314 1378 1357 provinciam
1389 1315 1568 1348 Liciensem
1583 1315 1918 1359 nuncupandam,cum

1183 1368 1334 1401 omnibus
1359 1368 1553 1412 privilegiis,
1588 1368 1855 1412 praeeminentiis
1887 1374 1918 1402 et

1182 1422 1372 1462 bonoribus,
1414 1422 1531 1466 quibus
1571 1428 1696 1456 ceterae
1733 1422 1918 1466 provinciae

1182 1475 1280 1518 ipsius
1298 1475 1425 1508 Ordinis
1451 1476 1612 1517 fruuntur,
1633 1476 1753 1509 erexit:
1775 1486 1920 1509 reserva-

1184 1529 1221 1562 tis
1247 1529 1434 1572 provinciae
1453 1530 1596 1570 Barensi,
1615 1535 1680 1562 tum
1707 1529 1840 1574 antiqua
1864 1529 1919 1563 de-

1182 1583 1413 1624 nominatione,
1441 1588 1504 1616 tum
1530 1583 1777 1627 praerogativis,
1801 1583 1918 1627 quibus

1183 1642 1315 1669 eatenus
1353 1637 1459 1680 gavisa
1495 1637 1619 1670 suerat:
1645 1642 1676 1670 et
1700 1637 1795 1678 alias,
1821 1641 1919 1680 prout

1181 1690 1313 1724 uberius
1339 1691 1521 1724 continetur
1553 1691 1583 1723 in
1616 1691 1762 1724 ciusdem
1787 1690 1918 1734 Iosephi

1182 1743 1297 1777 Mariae
1323 1744 1508 1787 patentibus
1526 1744 1643 1777 litteris
1668 1744 1810 1788 desuper
1827 1754 1920 1788 expe-

1183 1796 1256 1830 ditis
1283 1797 1404 1830 tenoris
1429 1798 1484 1840 qui
1511 1798 1665 1840 sequitur,
1691 1797 1863 1831 videlicet:

1222 1869 1292 1900 Cum
1315 1868 1517 1899 sanctissimus
1539 1868 1673 1899 dominus
1702 1873 1801 1899 noster
1829 1868 1922 1900 domi-
1945 1879 2115 1901 romanum-

1182 1927 1237 1948 nus
1258 1917 1391 1948 Clemens
1422 1917 1522 1947 divina
1554 1917 1738 1957 providentia
1759 1917 1833 1958 Papa
1857 1907 2042 1956 xl1,{,ss¹,¹;¹„‘{}1·³‚²¹
2057 1913 2116 1929 ‘⁰¹¹¹'

1183 1976 1233 2006 pro
1261 1968 1312 1997 sua
1334 1967 1364 1997 in
1387 1965 1524 1997 Ordinem
1551 1970 1682 1997 nostrum
1715 1966 1920 1998 benevolentia

1183 2021 1211 2046 et
1240 2016 1270 2045 in
1305 2025 1358 2046 nos
1390 2015 1585 2056 propensione
1616 2016 1789 2055 voluntatis,
1813 2025 1919 2047 munus

1183 2064 1334 2104 apostolici
1356 2064 1549 2095 commissarii
1577 2065 1607 2095 in
1637 2065 1691 2095 hac
1723 2065 1835 2095 familia
1856 2066 1920 2096 Ois-

1184 2115 1322 2144 montana
1343 2113 1426 2144 nobis
1454 2114 1651 2153 mandaverit,
1675 2114 1920 2155 adeoque‚·inter

1183 2168 1290 2201 cetera,
1308 2163 1383 2194 idem
1406 2163 1558 2194 arbitrium
1575 2173 1607 2194 ac
1624 2167 1795 2203 potestatem
1818 2167 1921 2194 contu-

1183 2213 1261 2252 lerit,
1279 2222 1353 2253 quae
1372 2222 1460 2253 penes
1482 2213 1607 2252 capitula
1630 2217 1657 2243 et
1679 2213 1920 2252 congregationes

1183 2262 1334 2301 generales
1366 2262 1458 2302 ipsius
1491 2262 1607 2292 Ordinis
1629 2271 1742 2292 summa
1764 2267 1829 2293 est:
1852 2272 1917 2302 nos,

1184 2311 1351 2343 huiusmodi
1373 2316 1515 2352 potestate
1536 2312 1651 2350 muniti,
1676 2316 1704 2343 et
1718 2313 1749 2343 in
1765 2321 1920 2343 commune

1184 2361 1310 2392 familiae
1332 2360 1441 2391 bonum
1458 2360 1636 2392 excubantes
1658 2362 1766 2401 animo,
1794 2365 1826 2393 ut
1854 2370 1919 2401 pro-

1183 2410 1366 2448 vinciarum,
1401 2419 1476 2450 quae
1508 2410 1591 2441 nobis
1621 2414 1744 2450 parent,
1778 2411 1917 2451 quietem,

1184 2460 1285 2499 otium,
1310 2460 1551 2500 tranquillitatem
1567 2459 1603 2490 ab
1619 2460 1697 2490 omni
1719 2460 1855 2491 molestia
1875 2460 1920 2491 in-

1183 2509 1316 2540 columen
1339 2513 1483 2549 tueamur,
1506 2510 1585 2540 omni
1616 2519 1670 2550 ope
1702 2505 1917 2541 contendimus.

1221 2568 1232 2594 1
1253 2567 1327 2595 Infra
1344 2567 1445 2603 legitur
1464 2569 1572 2596 centum
1591 2571 1618 2597 ee
1635 2568 1789 2604 seaeayinta
1801 2569 1841 2605 (n.
1856 2569 1906 2604 Τ.).

1219 2612 1237 2639 2
1255 2612 1326 2642 Edit.
1348 2612 1428 2643 Μαίη,
1445 2612 1510 2649 legit
1528 2613 1702 2643 decurrendi
1720 2614 1758 2649 (n.
1774 2614 1822 2648 T.)-

1930 198 1979 226 An.
1995 198 2023 226 C.
2045 199 2113 228 1733
