2182 3137
195 224 243 248 An.
259 222 289 249 c.
311 223 378 249 1732
424 214 488 248 338

233 284 262 305 De
277 285 374 311 precibus

191 311 281 358 (ligastis
303 311 373 331 dicen-

195 1847 253 1867 Laici
267 1846 295 1867 ad
306 1851 377 1866 omnes

194 1873 308 1899 dignitates
316 1879 376 1899 prae-

195 1902 291 1926 terquam
311 1900 376 1920 abba-

194 1927 221 1947 tis
240 1926 350 1952 eligibiIQS.

425 281 454 301 u.
478 272 531 307 Qui
555 272 666 311 syriace
696 272 793 310 legere
817 277 845 302 ct
867 283 971 303 canere
995 278 1122 310 norunt,

385 321 483 350 divina
515 321 609 351 officia
644 321 672 350 in
706 321 795 351 choro
826 323 909 351 statis
942 322 1023 352 horis
1056 332 1123 352 cum

384 369 489 399 ceteris
513 370 688 408 persolvant.
705 369 759 405 Qui
778 380 844 400 vero
860 370 975 400 arabice
998 375 1122 407 tantum,

384 418 471 447 horas
492 417 611 447 diurnas
634 421 662 447 et
685 423 844 448 nocturnas
867 419 900 447 ad
925 428 1009 448 usum
1033 419 1124 449 laico-

385 476 449 496 rum
478 467 653 505 compositas
677 466 784 504 legant.
809 467 862 502 Qui
895 472 992 497 autem
1028 468 1124 506 legere

384 515 540 551 nesciunt,
574 519 684 544 certum
718 523 835 553 precum
871 516 914 545 vel
948 516 1123 555 psalmorum

384 558 550 598 numerum,
579 562 615 591 ab
638 562 741 592 abbate
759 563 815 593 sibi
839 565 1062 603 praescriptum,
1089 565 1124 594 ad

386 612 514 650 singulas
538 612 625 641 horas
653 613 820 642 memoriter
851 613 973 643 recitare
996 614 1122 642 discant.

385 662 444 696 Qua
479 661 507 690 in
543 670 573 690 re
606 661 760 690 ministerii
791 662 1022 700 uniuscuiusque
1049 662 1124 691 ratio

386 709 552 745 habebitur,
576 719 608 738 ac
631 710 801 748 praesertim
825 720 925 739 eorum
955 711 1003 749 qui
1033 710 1060 739 in
1085 710 1125 738 la-

386 757 510 787 boriosis
532 757 791 787 exercitationibus
821 763 1023 797 occupantur,
1043 758 1124 796 quip-

387 807 440 845 pe¹
457 807 506 844 qui
530 806 573 835 vel
598 807 692 845 prima
715 807 778 836 luce
801 807 978 835 monasterio
1000 806 1035 834 ad
1052 815 1125 844 opus

386 856 589 893 egrediuntur,
614 856 657 885 vel
681 866 771 895 usque
786 856 820 885 ad
837 865 987 894 vesperam
1010 855 1123 893 regredi

386 910 555 945 nequeunt3
593 906 636 934 his
659 906 747 941 enim„
774 906 911 934 horarum
935 905 1009 941 loce,
1030 909 1125 933 certas

386 955 570 993 precationes
592 954 680 983 abbas
702 955 858 984 constituet
892 954 1027 992 privatim
1051 953 1125 983 reci-

387 1004 510 1039 tandas3
534 1013 635 1033 omues
662 1007 779 1038 tamen,
803 1004 852 1043 qui
889 1003 1020 1041 legitima
1038 1004 1125 1032 causa

386 1052 519 1091 impediti
536 1062 593 1081 non
610 1055 689 1089 sunt,
707 1052 836 1090 quotidie
855 1052 970 1081 divinae
988 1051 1125 1089 liturgiae

385 1101 533 1130 intersint.

426 1158 467 1179 11¹.
492 1150 647 1188 Postquam
670 1150 714 1179 sui
737 1150 825 1179 officii
849 1149 1022 1179 ministeriis
1043 1150 1127 1179 satis-

386 1199 518 1235 fecerint,
542 1199 566 1228 si
583 1199 651 1238 quid
667 1199 750 1228 vacui
775 1199 914 1238 temporis
936 1199 1125 1237 superfuerit,

386 1247 415 1277 id
438 1251 528 1276 totum
552 1248 580 1277 in
604 1248 676 1277 alias
703 1248 929 1277 exercitationes
958 1247 1127 1286 spirituales

386 1300 435 1325 aut
452 1296 618 1335 corporales
634 1297 827 1335 impendant,
845 1297 964 1335 eiusque
981 1296 1022 1324 rei
1038 1296 1127 1324 causa

387 1344 521 1374 abbatem
544 1345 685 1380 adibunt,
708 1350 739 1374 ut
761 1345 853 1384 ipsius
877 1345 1053 1374 voluntatem
1077 1353 1128 1372 ex-

388 1394 515 1433 quirant.

428 1452 465 1473 lv.
491 1444 598 1473 Curent
632 1444 772 1482 peculiari
802 1443 898 1472 studio
928 1452 994 1480 erga
1026 1451 1127 1471 omnes

388 1493 523 1529 clericos,
553 1497 580 1522 et
611 1493 765 1531 praecipue
795 1492 823 1521 in
854 1492 945 1521 sacris
974 1491 1127 1520 ordinibus

388 1542 557 1577 existentes,
580 1545 745 1579 respectum
771 1541 1024 1579 humilitatemque
1047 1539 1128 1569 exhi-

387 1590 466 1624 bere,
485 1591 571 1630 idque
598 1591 688 1620 multo
712 1591 803 1628 magis
826 1600 892 1628 erga
917 1589 1126 1619 sacerdotalem

388 1640 521 1669 ordinem
537 1664 544 1677 ,
568 1639 731 1678 sciantque,
755 1639 842 1678 quod,
867 1639 980 1669 etiamsi
1005 1638 1126 1677 professi

388 1689 466 1726 sint,
492 1689 521 1718 in
544 1689 634 1718 sacris
664 1693 758 1717 tamen
792 1688 991 1717 functionibus
1024 1688 1126 1717 cedere

388 1737 495 1767 debent
518 1737 634 1767 clericis
657 1738 742 1766 etiam
766 1737 905 1774 novitiis,
930 1737 1127 1766 ecclesiastico
1148 1740 1150 1751 ¹

389 1786 489 1816 habitu
512 1786 633 1815 indutis.

427 1844 455 1864 v.
480 1835 550 1870 Quia
574 1839 669 1864 tamen
695 1839 789 1873 patres
808 1835 912 1871 nostri,
937 1838 1013 1864 statu
1032 1834 1127 1863 laicali

388 1885 433 1914 vel
457 1884 620 1914 minoribus
643 1883 796 1913 ordinibus
818 1889 867 1913 aut
889 1884 1044 1913 diaconatu
1065 1888 1128 1913 tan-
1149 1903 1150 1907 ,

389 1938 450 1963 tum
485 1933 637 1970 contenti,
662 1933 718 1962 Deo
741 1933 900 1969 serviisse,
932 1932 1127 1971 fratribusque
1149 1950 1150 1957 κ

389 1981 549 2021 praefuisse
572 1985 745 2017 noscuntur,
773 1980 838 2010 ideo
857 1980 1014 2009 monachos
1039 1981 1127 2009 laicos

389 2031 432 2060 vel
449 2031 571 2060 clericos
593 2034 641 2059 aut
664 2030 812 2068 diaconos,
830 2030 955 2059 scientia
970 2030 1127 2059 sufficienti

390 2129 426 2159 ab
453 2129 578 2164 officiis,
602 2129 688 2158 etiam
722 2129 907 2166 insignibus,
931 2129 1126 2167 excludimus,

391 2178 440 2208 sed
463 2187 547 2217 posse
577 2187 626 2207 eos
658 2182 715 2207 tam
749 2177 784 2207 ab
816 2177 919 2207 abbate
948 2178 1078 2215 generali
1101 2182 1129 2207 et

391 2227 619 2265 congregatione
648 2226 890 2264 hegumenorum,
914 2237 1000 2266 quam
1023 2227 1058 2256 ab
1081 2227 1130 2256 ab-

391 2275 456 2305 bate
479 2280 507 2305 et
530 2275 756 2313 congregatione
786 2276 1018 2314 monachorum,
1042 2281 1129 2315 atque
1150 2281 1152 2285 ⁴

391 2325 477 2354 etiam
501 2334 516 2354 a
539 2324 766 2362 congregatione
785 2324 914 2362 generali
937 2324 1003 2363 eligi
1026 2325 1055 2354 in
1080 2326 1130 2355 he-
1150 2326 1151 2330 ’

392 2383 545 2412 gumenos,
569 2382 753 2408 oeconomos,
777 2377 981 2412 procuratores
1011 2377 1040 2402 et
1062 2367 1152 2419 con-L

391 2422 527 2460 sustorez,
551 2425 579 2451 et
600 2421 635 2450 ad
657 2421 729 2450 alias
751 2421 861 2450 similes
883 2421 1041 2459 dignitates
1063 2432 1128 2461 pro·
1150 2426 1152 2429 ’

393 2471 516 2508 moveri,
539 2470 741 2500 declaramus:
766 2470 818 2499 hac
842 2475 937 2500 tamen
961 2470 1038 2499 salva
1062 2480 1131 2500 con-

392 2519 515 2557 ditione,
532 2523 563 2549 ut
585 2528 734 2558 nunquam
757 2518 786 2548 in
806 2518 940 2549 abbatem
963 2520 1129 2557 generalem

393 2573 443 2598 aut
464 2567 598 2598 abbatem
622 2567 790 2606 provinciae
805 2567 866 2597 sive
883 2567 1062 2605 monasterii,
1079 2568 1130 2607 qui

430 2624 440 2648 ¹
463 2621 529 2648 Male
549 2622 614 2649 edit.
635 2622 720 2649 Main.
739 2621 807 2655 legit
825 2622 930 2657 quique
949 2624 992 2656 (n.
1009 2623 1060 2656 τ.).

952 226 1135 249 BULLARIUM
1161 226 1318 251 nomnen

1167 275 1332 305 sacerdotes
1348 285 1412 305 esse
1427 275 1546 311 debent,
1563 276 1721 314 eligantur.
1739 276 1792 312 Qui
1809 282 1906 307 autem

1167 333 1212 361 eo,
1236 333 1323 364 quem
1346 324 1484 360 diximus,
1508 325 1594 355 modo
1617 325 1727 355 electus
1749 325 1837 355 fuerit
1858 325 1907 355 he-

1167 382 1324 411 gumenuS,
1348 373 1495 411 intelligat
1516 373 1570 402 sibi
1588 374 1715 412 primum
1732 378 1795 413 post
1813 383 1908 403 sacer-

1167 421 1249 451 dotes
1264 421 1361 451 locum
1377 421 1537 451 convenire
1553 426 1637 451 extra
1654 423 1906 460 congregationes:

1167 470 1196 499 in
1224 469 1500 507 congregationibus
1533 479 1599 499 vero
1633 473 1696 509 post
1729 470 1908 508 hegumenos

1167 518 1345 555 sacerdotes,
1368 522 1396 547 et
1418 522 1485 548 ante
1517 528 1617 548 omnes
1647 519 1731 556 alios,
1755 519 1842 549 etiam
1865 529 1909 548 sa-

1167 566 1308 595 cerdotes.

1207 622 1244 643 vr.
1269 614 1396 643 Caveant
1418 615 1553 644 monachi
1588 615 1675 652 laici,
1700 624 1735 644 ne
1758 615 1826 654 quid
1851 615 1906 645 sibi

1168 663 1297 701 capiant,
1315 667 1366 692 aut
1381 663 1446 692 aliis
1462 664 1541 694 dent.
1558 664 1754 701 commodent,
1780 665 1906 697 mittant,

1167 717 1216 741 aut
1240 712 1400 751 quidquam
1435 713 1603 742 huiusmodi
1636 714 1744 742 faciant
1758 738 1766 751 ,
1800 713 1908 752 absque

1168 763 1303 800 expressa
1326 761 1445 791 licentia
1464 761 1588 799 abbatis,
1605 767 1655 792 aut
1670 762 1733 791 eius
1755 762 1803 801 qui
1828 763 1906 801 operi

1168 813 1292 848 praeest.

1207 866 1256 887 vu.
1274 858 1390 888 Librum
1415 859 1528 888 nullum
1551 859 1678 888 retinere
1694 863 1742 888 aut
1758 859 1854 897 legere
1872 859 1908 888 iis

1168 906 1268 936 licebit
1291 907 1352 936 sine
1375 907 1489 936 abbatis
1512 907 1648 943 licentia,
1673 908 1756 936 cuius
1780 907 1906 946 pruden-

1169 956 1226 984 tiae
1257 956 1312 984 erit
1343 966 1391 985 eos
1421 956 1479 985 illis
1508 956 1645 994 legendos
1677 956 1827 994 assignare
1859 956 1908 995 qui

1170 1005 1262 1042 magis
1277 1004 1311 1033 ad
1331 1004 1515 1042 spiritualem
1533 1005 1662 1043 ipsorum
1682 1005 1842 1044 profectum
1862 1013 1909 1034 ex-

1169 1053 1268 1092 pedire
1291 1052 1479 1081 videbuntur.

1169 1101 1238 1131 CAP.
1256 1101 1316 1130 Vll.
1335 1119 1369 1121 —-
1386 1101 1426 1130 De
1447 1101 1543 1129 ordine
1564 1101 1707 1130 domestico
1729 1106 1753 1130 et
1774 1102 1806 1130 (Ie
1829 1102 1909 1130 houe-

1262 1153 1330 1178 state
1352 1153 1430 1178 estro
1453 1151 1650 1179 monasterium
1671 1151 1816 1179 servanda,

1209 1208 1229 1228 1.
1254 1198 1285 1227 lu
1319 1208 1496 1237 unoquoque
1529 1199 1707 1228 monasterio
1740 1198 1909 1228 distributio

1170 1248 1309 1277 horarum
1339 1247 1368 1276 in
1400 1247 1515 1276 tabella.
1530 1247 1724 1285 describatur,
1747 1251 1776 1276 et
1796 1247 1825 1276 in
1848 1247 1911 1277 loco

1170 1300 1287 1335 patente
1321 1300 1463 1335 ponatur,
1500 1296 1530 1325 in
1560 1306 1615 1335 qua
1650 1296 1808 1325 secundum
1841 1296 1909 1325 anni

1171 1350 1303 1384 tempora
1327 1345 1484 1383 diligenter
1505 1349 1643 1375 notentur
1665 1346 1754 1375 borae
1771 1340 1910 1383 cbori,⁰id

1171 1399 1214 1424 est
1236 1404 1440 1433 vesperarum,
1464 1395 1659 1434 completorii,
1684 1394 1832 1430 nocturni,
1852 1403 1912 1423 ma-

1170 1444 1258 1473 tutini
1282 1454 1347 1473 cum
1373 1444 1460 1473 tertia
1476 1449 1503 1473 et
1519 1446 1597 1473 sexta
1615 1449 1701 1482 atque
1717 1444 1815 1480 nona,
1840 1443 1909 1472 item

1170 1493 1258 1522 horae
1275 1493 1459 1530 liturgiarum
1478 1493 1655 1531 privatarum
1673 1496 1700 1521 et.
1715 1491 1888 1521 solemnium
1902 1501 1909 1525 ς

1170 1542 1238 1571 itcm
1263 1542 1350 1571 horae
1374 1541 1486 1580 prandii
1503 1546 1531 1570 et
1546 1550 1653 1570 coenae
1668 1551 1675 1578 3
1698 1540 1823 1579 denique
1839 1540 1909 1569 hora

1171 1591 1270 1629 operis
1287 1600 1426 1619 manuum
1446 1590 1506 1619 sive
1530 1590 1760 1619 ministeriorum
1784 1592 1833 1618 aut
1853 1593 1912 1618 stu-

1148 1658 1150 1667 .
1171 1641 1221 1673 dii,
1239 1644 1267 1668 et
1290 1641 1360 1669 hora
1384 1649 1439 1678 qua
1457 1640 1561 1668 fratres
1577 1638 1706 1668 cubitum
1722 1642 1802 1671 eunt,
1820 1647 1911 1676 usque

1171 1688 1204 1717 ad
1229 1689 1344 1725 signum
1368 1698 1424 1726 quo
1447 1687 1622 1716 excitantur.

1212 1747 1240 1766 u.
1265 1737 1308 1766 Ab
1331 1736 1434 1765 abbate
1451 1736 1646 1765 constituatur
1662 1735 1834 1772 monachus,
1851 1735 1911 1764 sive

1171 1786 1297 1815 vicarius
1311 1810 1318 1823 ,
1342 1786 1402 1815 sive
1425 1786 1500 1815 alius
1522 1785 1698 1824 quicumque
1713 1808 1721 1820 ,
1742 1784 1825 1814 cuius
1848 1784 1912 1813 ossi-

1171 1835 1248 1864 cium
1272 1835 1328 1864 erit
1352 1840 1483 1873 tempore
1499 1834 1624 1864 orationi
1641 1839 1669 1864 et
1684 1833 1806 1873 reliquis
1828 1842 1912 1863 exer-

1171 1885 1249 1913 citiis
1273 1884 1422 1921 assignato
1453 1883 1610 1912 observare
1639 1891 1709 1912 num
1742 1891 1843 1912 onmes
1874 1882 1909 1912 iis

1172 1937 1298 1962 vacent:
1336 1933 1405 1962 item
1443 1932 1599 1962 observare
1635 1932 1733 1961 omnia
1768 1941 1842 1971 quae
1874 1931 1909 1961 ad

1172 1982 1354 2011 honestatem
1368 1985 1396 2010 et
1410 1981 1572 2011 decentiam
1586 1985 1737 2011 externam
1750 1981 1909 2020 pertinent,

1149 2040 1151 2057 2
1171 2031 1325 2060 ecclesiam
1349 2035 1376 2060 et
1398 2031 1606 2060 monasterium
1630 2029 1659 2059 in
1684 2030 1755 2060 locis
1785 2029 1910 2069 publicis

390 2080 536 2119 praeditos
559 2084 587 2109 et
608 2079 746 2115 regimini
769 2079 904 2115 idoneos,
928 2088 985 2108 nou
1009 2079 1128 2108 omnino
1149 2099 1151 2112 2

1173 2079 1400 2119 perlustrando,
1433 2083 1461 2109 et
1483 2079 1507 2108 si
1530 2079 1600 2118 quid
1622 2079 1832 2108 inconveniens
1864 2078 1912 2107 de-

1149 2139 1151 2142 ·
1172 2129 1372 2168 prehenderit,
1396 2128 1431 2157 ad
1452 2127 1586 2157 abbatem
1608 2128 1724 2157 referat.

1211 2187 1251 2208 lu.
1273 2177 1314 2207 Ad
1331 2186 1460 2207 mensam
1476 2176 1617 2206 habeatur
1632 2176 1737 2212 lectio;
1760 2176 1909 2205 silentium

1172 2232 1268 2257 autem
1292 2235 1441 2266 nunquam
1469 2226 1504 2255 ab
1532 2225 1635 2255 abbate
1656 2225 1856 2264 dispensetur.
1880 2225 1909 2254 Si

1172 2285 1257 2316 quem
1290 2284 1359 2305 vero
1393 2279 1565 2304 extraneum
1599 2274 1826 2304 ecclesiasticum
1861 2278 1911 2302 aut

1172 2324 1350 2354 saecularem
1384 2323 1540 2361 contigerit
1572 2323 1607 2352 ad
1636 2322 1844 2352 monasterium
1868 2322 1911 2352 di-

1172 2377 1298 2410 vertere,
1322 2373 1384 2412 ipse
1407 2372 1496 2401 abbas
1521 2372 1612 2409 solus,
1632 2372 1676 2401 vel
1702 2371 1830 2401 adhibito
1857 2371 1910 2400 ali-

1172 2431 1229 2461 quo
1251 2421 1308 2451 alio
1331 2421 1485 2458 monacho,
1503 2430 1555 2459 pro
1581 2420 1661 2450 illius
1688 2419 1742 2449 viri
1768 2419 1908 2457 dignitate

1173 2470 1280 2510 poterit
1301 2470 1388 2500 simul
1410 2479 1476 2499 cum
1500 2469 1550 2499 illo
1577 2469 1674 2499 cibum
1701 2477 1838 2504 sumere;
1869 2468 1910 2498 id—

1172 2529 1240 2559 que,
1257 2519 1281 2548 si
1304 2519 1367 2548 fieri
1384 2518 1502 2558 poterit,
1519 2522 1602 2548 extra
1619 2518 1821 2554 refectorium
1838 2517 1910 2547 alio-

1172 2569 1244 2609 quin
1271 2569 1317 2598 vel
1350 2572 1418 2598 ante
1449 2567 1494 2597 vel
1528 2571 1682 2607 postquam
1714 2565 1850 2596 monachi
1879 2565 1908 2595 in

1173 2618 1326 2648 refectorio
1348 2617 1446 2647 cibum
1469 2616 1658 2656 sumpserint.

1916 231 1966 255 An.
1989 230 2016 256 C.
2035 229 2101 257 1732

1959 1215 1989 1236 De
2004 1215 2104 1237 horarum

1922 1242 2079 1263 ιέιςῑι-ὼυῑίοῦο.

1933 1753 2012 1774 vicarii
2023 1754 2096 1775 munia

1954 2191 1976 2212 lu
1991 2190 2103 2212 refectorio

1921 2223 2004 2244 semper
2017 2222 2104 2239 tervan-

1921 2245 1970 2266 dum
1984 2244 2098 2266 sitentium.
