2182 3137
63 265 112 290 An.
128 263 158 290 C.
183 262 251 291 1732

255 311 425 349 gregatione
447 311 657 341 monachorum
691 309 774 339 electi
798 309 923 346 suerint,
948 319 998 338 ne-

257 360 366 389 minem
389 365 511 399 possunt
541 359 597 389 sibi
620 358 821 395 substituere,
846 367 899 387 nec
928 367 998 387 suae

257 408 394 438 electioni
417 408 604 438 renunciare.

296 466 335 487 vi.
360 458 450 487 Nemo
473 457 502 486 in
525 456 752 495 congregatione
785 455 914 494 generali
951 464 999 483 vo-

257 515 319 536 cem
344 506 459 541 habeat,
483 505 539 535 nisi
562 515 615 535 sex
637 514 728 535 annos
750 505 778 534 in
798 504 905 534 Ordine
920 513 998 533 com<

257 554 390 594 pleverit,
411 554 575 584 inchoando
598 554 633 584 ab
655 554 739 584 annis
763 553 955 593 probationiS,
972 557 999 582 et

257 603 314 633 nisi
339 604 457 642 triginta
481 613 572 633 annos
595 603 699 633 aetatis
722 603 825 632 saltem
849 602 999 631 inchoatos

257 651 374 682 habeat.
400 652 471 682 Item
494 662 581 682 nemo
603 652 632 682 iu
656 652 877 685 monasterium,
901 651 936 680 ad
955 660 1000 681 ce-

255 701 426 731 lebrandam
440 701 698 739 congregationem
709 700 898 735 destinatum⁷
910 699 999 729 intret

256 750 313 780 nisi
338 750 432 780 trihus
455 749 558 779 diebus
588 753 744 788 antequam
775 748 939 778 inchoanda
962 748 1000 778 sit

255 800 463 838 congregatio,
488 799 619 838 exceptis
643 799 678 828 iis
709 798 759 838 qui
782 808 816 828 ex
839 798 1000 838 longinqua

255 850 375 888 regione
399 858 450 888 per
471 857 551 878 mare
583 848 718 878 veniunt.
742 848 795 883 Qui
819 848 853 877 ad
877 857 997 886 congre-

254 898 401 936 gationem
424 897 558 927 venerint
580 897 643 927 sine
669 896 807 933 licentia,
833 906 884 936 per
907 901 998 926 totum

256 951 382 986 tempus,
407 955 464 985 quo
487 945 674 984 congregatio
696 945 824 983 durabit,
848 945 999 975 detinean-

255 1000 304 1026 tur
325 995 355 1025 in
377 995 441 1025 loco
465 994 677 1034 poenitentiae:
702 994 926 1032 congregatione
949 1004 999 1023 au-

255 1048 313 1074 tem
336 1044 505 1079 terminata,
529 1043 668 1073 decernat
691 1043 725 1072 de
748 1043 789 1072 eis
812 1042 999 1081 congregatio

255 1093 499 1132 hegumenorum.
524 1093 553 1122 Si
583 1093 648 1132 quis
681 1102 749 1122 vero
782 1092 917 1131 querelas
950 1092 999 1121 ha-

255 1141 320 1172 beat
344 1143 378 1172 ad
401 1142 657 1180 congregationem
688 1141 872 1176 deserendas,
904 1140 999 1170 mittat

255 1200 303 1221 eas
325 1200 391 1221 cum
415 1191 518 1220 abbate
535 1190 578 1220 vel
592 1190 655 1220 eius
671 1190 760 1225 socio,
776 1190 895 1229 propria
911 1199 999 1219 manu

255 1240 448 1280 subscriptas.

295 1299 345 1321 vn.
368 1290 578 1330 Unusquisque
609 1288 699 1319 abbas
730 1289 764 1318 ad
798 1288 1000 1327 congregatio-

255 1350 322 1370 nem
346 1340 486 1375 veniens,
510 1344 559 1369 aut
588 1339 731 1368 vicarium
754 1348 838 1368 suum
863 1339 997 1374 mittens,

255 1389 341 1420 (lebet
363 1389 467 1419 afferre
490 1397 589 1418 secum
623 1388 666 1417 vel
699 1396 765 1416 cum
789 1387 897 1417 vicario
933 1388 999 1417 mit-

256 1444 336 1470 tere:
359 1449 379 1469 1.
403 1439 538 1478 Sigillum
559 1437 746 1474 monasterii3
770 1437 998 1475 11.C.atalogum,

255 1490 285 1520 in
308 1498 365 1529 quo
387 1488 551 1528 descriptus
573 1488 611 1517 sit
631 1496 771 1517 numerus
788 1486 998 1517 monachorum

256 1539 389 1569 vivorum
413 1541 441 1567 et
464 1537 675 1577 quotdesuncti
696 1540 764 1566 sunt
781 1540 843 1576 post
866 1535 998 1565 ultimam

255 1587 513 1626 congregationem
536 1590 562 1615 et
587 1589 657 1625 quot
680 1586 813 1624 recepti;
837 1594 877 1614 1u.
903 1585 1000 1614 Ratio-

255 1646 321 1667 nem
344 1637 403 1667 dati
426 1641 454 1667 et
477 1636 588 1675 accepti
613 1639 671 1665 toto
693 1635 846 1673 regiminis
865 1634 910 1664 sui
928 1638 999 1664 tem-

255 1696 337 1726 pore.
362 1686 464 1716 Socius
487 1694 555 1715 vero
584 1684 698 1715 abbatis
727 1684 813 1714 debet
835 1694 934 1714 secum
957 1685 996 1714 as-

255 1736 350 1766 ferre:
374 1745 394 1766 1.
419 1735 542 1765 Litteras
570 1734 778 1764 monachorum
808 1734 843 1764 (le
875 1736 928 1764 sua
950 1735 999 1765 de-

256 1785 423 1826 putatione3
447 1794 474 1815 u.
496 1784 635 1820 Querelas
663 1784 853 1822 eorumdem,
876 1785 900 1815 si
923 1794 998 1824 quae

256 1840 354 1866 erunt.

84 1901 113 1920 nn
130 1905 246 1921 oeconomo
297 1894 357 1915 viu.
382 1884 478 1915 Abbas
500 1883 657 1922 generalis,
676 1884 732 1921 vel,
750 1894 782 1914 eo
799 1884 931 1921 ahsente,
950 1885 998 1914 he-

66 1930 240 1979 ἱζῐζ“ξ,““ῡ“’,’”ξζξ““’“”
257 1932 376 1971 gumeui
391 1956 398 1969 ,
423 1935 587 1971 opportuno
611 1935 740 1970 tempore
768 1931 941 1970 provideant
964 1931 997 1961 dc

257 1981 346 2011 rebus
368 1980 402 2010 ad
429 1979 637 2010 celebrandam
667 1980 924 2018 congregationem
949 1990 999 2009 ne-

257 2029 406 2060 cessariis.
431 2029 526 2064 Quare
549 2038 568 2058 t.
592 2028 736 2058 Abbatem
761 2029 944 2065 monasterii,
968 2029 996 2058 in

257 2088 314 2119 quo
337 2078 525 2117 congregatio
548 2077 723 2108 celebranda
748 2082 802 2115 est,
820 2078 877 2116 vel,
899 2088 932 2108 eo
949 2078 999 2108 ab·

257 2132 351 2165 sente,
369 2128 543 2157 monachum
563 2127 652 2157 alium
675 2127 865 2164 constituant,
883 2127 933 2166 qui
952 2137 999 2157 oe-

257 2177 373 2207 conomi
394 2176 632 2215 congregationis
654 2175 798 2213 generalis
821 2185 927 2205 nomen
950 2185 999 2214 gc-

258 2231 317 2265 rat,
339 2230 501 2266 curetque,
526 2230 558 2256 ut
594 2226 674 2256 locus
697 2225 916 2264 congregationi
950 2235 999 2264 op-

259 2279 402 2314 portunus
426 2279 626 2315 praeparetur,
644 2279 733 2313 utque
749 2274 845 2303 adsint
863 2274 998 2304 victualia

258 2325 325 2355 lecti
347 2329 376 2355 et
398 2334 602 2364 quaecumque
625 2324 659 2354 ad
681 2324 878 2363 receptionem
901 2333 1000 2353 mona-

257 2373 379 2404 chorum
402 2374 549 2413 hospitum
583 2373 748 2403 necessaria
781 2377 864 2409 sunt3
893 2382 922 2402 11.
948 2372 1000 2402 De-

258 2428 362 2464 putent
383 2424 455 2453 duos
478 2423 580 2453 saltem
603 2422 796 2453 confessarios
819 2431 884 2452 cum
909 2422 997 2451 sacul-

258 2472 367 2503 tatihus
390 2472 584 2513 opportunis,
609 2481 722 2501 necnon
747 2481 838 2503 unum
871 2471 998 2501 scribam

257 2521 510 2561 congregationis,
534 2521 583 2560 qui
606 2520 743 2558 suffragia
767 2520 879 2550 notabit
901 2525 929 2550 et
952 2520 997 2550 lit-

258 2575 336 2602 teras
358 2571 392 2601 ad
416 2570 670 2609 congregationem
694 2570 819 2599 (invectas
847 2578 945 2599 coram
968 2579 998 2599 o-

258 2619 376 2651 mnihus
407 2620 499 2658 leget;
522 2628 614 2649 unum
648 2624 798 2658 praetcrea
831 2618 997 2656 aedituum,

258 2669 310 2710 qui
332 2678 432 2700 curam
455 2668 575 2699 habebit
597 2667 712 2707 sacelli,
736 2666 786 2698 ubi
809 2667 998 2706 congregatio

88 469 126 494 Qui
141 475 213 489 vocem
226 470 245 490 in

71 500 236 521 congregatione

62 525 140 545 trahe-e
168 529 245 549 nequo·

61 553 107 572 inl».

91 1306 147 1330 onae
162 1305 187 1326 ah
207 1303 245 1324 nl»-

64 1332 148 1354 tizaha<
194 1333 244 1352 atle-

64 1359 128 1380 reuda
141 1359 191 1379 aiut.

884 261 1024 285 CLEMENS
1052 262 1097 286 ΧΠ
1122 264 1171 286 Pr.

1679 255 1743 288 {⁷565

1043 310 1092 340 siet
1115 316 1143 341 et
1166 321 1256 341 unum
1280 312 1446 351 ianitorem,
1471 313 1520 353 qui
1545 318 1642 353 portas
1665 322 1785 351 congre-

1042 360 1169 397 gationis
1192 360 1368 391 observabit.
1394 362 1427 391 tli
1451 372 1517 392 vero
1533 372 1645 398 omnes,
1670 366 1785 401 praeter

1042 408 1176 439 abbatem
1212 411 1433 449 supradictum,
1471 412 1561 444 idest.
1600 411 1782 447 confessarii,

1042 457 1150 493 scriba,
1174 459 1310 488 aedituus
1333 464 1361 489 et
1383 460 1500 498 ianitor,
1525 460 1631 489 debent
1664 470 1726 489 esse
1749 469 1782 489 ex

1043 516 1144 536 eorum
1167 517 1300 545 numero,
1324 509 1373 547 qui
1395 510 1531 548 suffragia
1556 520 1612 539 non
1630 509 1737 539 hahent
1755 509 1784 538 iu

1043 556 1280 594 congregatione.
1306 557 1426 596 Reliqua
1451 563 1546 588 autem
1577 558 1709 588 coenobii
1733 558 1786 587 mi-

1043 604 1166 633 nisteria
1190 609 1247 633 tam
1271 605 1299 634 iu
1333 606 1456 635 ecclesia
1484 617 1569 646 quam
1593 607 1621 636 in
1645 608 1734 636 choro
1757 611 1786 636 et

1043 653 1199 683 refectorio
1221 663 1272 692 per
1307 654 1436 684 eiusdem
1466 656 1599 685 coenobii
1627 656 1783 685 monachos

1044 701 1201 739 diligenter
1223 701 1378 739 obeantur,
1397 712 1432 733 ne
1450 705 1684 743 congregationis
1702 714 1785 744 prae-

1044 754 1124 780 textu
1147 750 1306 790 quidquam
1330 761 1366 781 ex
1383 753 1511 790 regulari
1529 753 1686 792 disciplina
1701 753 1786 783 omit-

1044 803 1131 828 tatur.

1083 857 1123 877 lx.
1141 848 1210 880 Cum
1234 849 1296 879 dies
1318 849 1464 887 assignata
1482 849 1642 886 advenerit,
1662 860 1718 880 non
1737 850 1786 880 oh-
1826 857 1853 876 [³⁴³
1870 857 1980 879 <nav-2:0-

1043 902 1138 927 stante
1170 899 1381 938 cuiuscumque
1413 899 1567 936 absentia,
1599 889 1981 937 cong1·egatioli,'.¹s¹‚‘'⁸'''¹''¹''

1044 947 1210 986 incipiatur.
1245 948 1413 986 Cognitores
1449 953 1545 977 autem
1578 949 1785 985 suffragiorum

1043 1001 1127 1026 sunt:
1151 1006 1170 1026 1.
1195 996 1291 1026 Abbas
1325 997 1488 1035 generalis;
1523 1006 1553 1026 u.
1577 996 1706 1032 Quatuor
1738 998 1786 1027 he-

1043 1045 1179 1083 gumeni3
1204 1054 1242 1075 iu.
1258 1046 1319 1075 Duo
1349 1056 1386 1075 ex
1411 1046 1560 1075 monachis
1582 1046 1787 1084 Congregatio-

1043 1095 1089 1124 nis
1111 1104 1126 1124 a
1150 1095 1361 1125 communitate
1384 1095 1525 1125 vocalium
1543 1095 1640 1132 electi,
1668 1096 1696 1125 in
1717 1106 1787 1134 quo-

1043 1152 1109 1172 rum
1133 1148 1229 1173 tamen
1253 1144 1395 1174 electione
1412 1153 1507 1183 neque
1526 1144 1616 1174 abhas
1638 1145 1785 1182 generalis

1044 1202 1138 1232 neque
1163 1193 1319 1231 hegumeni
1342 1203 1440 1223 vocem
1464 1193 1624 1223 habebunt.

1084 1251 1110 1271 x.
1136 1242 1333 1280 Congregatio
1355 1242 1503 1280 generalis
1520 1251 1572 1281 per
1587 1246 1699 1282 septem
1722 1242 1784 1272 (lies
1838 1252 1866 1272 ne
1886 1254 1979 1278 temporo

1043 1290 1172 1320 durabit.
1196 1290 1325 1329 Singulis
1347 1295 1443 1321 autem
1476 1291 1596 1327 (liebus,
1621 1295 1684 1330 post
1717 1280 1980 1332 caii-⁸i¹s2'i'.1⁰}..„[¹

1045 1345 1101 1369 tata
1124 1340 1221 1369 divina
1245 1340 1340 1369 officia
1364 1344 1391 1370 et
1413 1339 1591 1370 celebratam
1614 1350 1726 1369 sacram
1750 1334 1883 1370 li-¹¹·'“‘¹¹‘*

1045 1389 1186 1427 turgiam,
1211 1389 1386 1419 scrutinium
1421 1389 1488 1423 flet,
1513 1389 1559 1418 cui
1589 1389 1786 1428 praemittitur

1044 1448 1140 1468 sermo
1163 1439 1368 1478 paraeneticus
1386 1438 1421 1467 ab
1445 1438 1548 1468 abbate
1571 1439 1711 1476 generali,
1736 1443 1786 1468 aut

1043 1489 1100 1518 alio
1123 1489 1276 1528 quopiam,
1311 1488 1345 1518 ad
1369 1492 1547 1518 conventum
1571 1488 1782 1518 monachorum

1044 1547 1095 1577 per
1117 1538 1309 1567 semihoram.

1082 1596 1122 1616 x1.
1147 1586 1177 1615 Iu
1202 1586 1296 1625 primo
1321 1585 1428 1623 widun,
1445 1585 1563 1615 Ordinis
1586 1590 1693 1615 statum
1716 1595 1785 1615 exa·
1810 1595 1862 1617 Ouo
1879 1601 1979 1616 macon-

1043 1636 1155 1665 mineut
1170 1658 1177 1672 ,
1202 1635 1362 1674 seduloque
1385 1635 1554 1674 explorent,
1580 1635 1602 1664 si
1626 1635 1695 1674 quid
1717 1623 1843 1674 sup—{i'.¹‚¹”
1860 1626 1885 1641 '¹¹
1902 1626 1979 1648 ''ww’'

1043 1686 1181 1725 plendum
1211 1689 1259 1714 aut
1288 1685 1481 1714 resecandum
1515 1685 1572 1721 sit3
1602 1684 1784 1724 singulisque

1044 1735 1235 1774 permittitur,
1253 1734 1458 1773 quodcumque
1480 1734 1554 1773 apud
1577 1743 1607 1763 se
1629 1735 1785 1763 statuerint

1043 1793 1199 1822 suggerere
1229 1783 1326 1813 abbati
1349 1783 1479 1821 generali
1511 1788 1560 1813 aut
1592 1783 1781 1821 hegumenis,

1044 1833 1092 1872 qui
1117 1833 1327 1862 monachornm
1360 1831 1564 1870 suggestiones
1587 1832 1613 1861 iu
1638 1841 1785 1861 commen-

1045 1882 1150 1911 tarium
1174 1881 1281 1911 relatas
1305 1890 1401 1909 coram
1430 1880 1657 1918 congregatione
1681 1881 1786 1910 recita-

1044 1930 1127 1960 bunt.
1152 1930 1272 1959 Interim
1296 1929 1451 1967 hegumeni
1480 1930 1560 1958 iussu
1593 1929 1706 1958 abbatis
1738 1939 1786 1967 ge-

1043 1979 1150 2008 neralis
1172 1988 1185 2007 a
1220 1978 1466 2008 monasteriorum
1489 1977 1644 2007 abhatibus
1676 1982 1784 2007 statum

1042 2033 1070 2058 et
1092 2028 1222 2058 rationes
1245 2027 1362 2065 exigant
1385 2026 1566 2065 singulorum
1595 2027 1785 2056 monasterio-

1042 2086 1127 2114 rum,
1151 2085 1258 2116 easque
1286 2076 1316 2105 in
1349 2075 1523 2105 tabularium
1547 2075 1634 2105 totius
1666 2075 1784 2105 Ordinis

1042 2126 1221 2163 referendas,
1240 2125 1334 2155 eidem
1352 2125 1481 2162 generali
1500 2124 1597 2154 abbati
1614 2125 1782 2155 exhibeant.

1041 2175 1149 2211 Quarta
1172 2174 1217 2204 die
1241 2174 1409 2214 proceditur
1425 2174 1459 2203 ad
1476 2174 1647 2203 electionem
1672 2173 1784 2203 abbatis

1041 2225 1187 2264 generalis
1210 2229 1237 2254 et
1261 2225 1504 2262 hegumenorum,
1529 2228 1559 2253 ut
1576 2224 1669 2258 iusra;
1693 2224 1717 2253 si
1734 2233 1785 2253 au·

1043 2280 1098 2304 tem
1122 2284 1179 2304 non
1203 2274 1240 2303 ob
1262 2274 1432 2303 electionem
1457 2273 1654 2312 superiorum,
1679 2274 1726 2303 sed
1747 2272 1782 2302 oh

1042 2324 1128 2353 aliam
1152 2332 1269 2353 causam
1293 2326 1390 2352 coacta
1415 2321 1503 2351 suerit
1525 2322 1724 2359 congregatio,
1749 2323 1783 2351 de

1043 2373 1095 2402 illa.
1129 2371 1315 2402 tractabitur.
1350 2370 1457 2400 Tribus
1493 2371 1646 2409 postremis
1681 2371 1783 2400 diebus

1044 2421 1254 2451 monachorum
1268 2429 1372 2449 causae
1390 2419 1541 2456 finiantur,
1555 2429 1716 2458 eorumque
1734 2430 1782 2459 pn-

1043 2470 1158 2500 stulatis
1181 2470 1314 2505 satistiat,
1333 2472 1360 2497 et
1376 2469 1399 2497 si
1419 2468 1488 2507 quid
1512 2472 1612 2497 conti-a
1638 2469 1781 2505 regulam,

1042 2519 1286 2553 constitutiones,
1321 2518 1364 2546 vel
1401 2517 1631 2547 consuetudines
1665 2517 1782 2548 Ordinis

1043 2572 1192 2608 peceatum
1216 2571 1271 2603 est,
1294 2566 1469 2604 corrigatur.

1082 2626 1131 2646 xu.
1155 2616 1286 2655 Septimo
1314 2615 1379 2653 die,
1416 2618 1568 2655 postquam
1596 2617 1783 2655 congregatio

1043 2666 1198 2696 terminata
1215 2669 1270 2704 cst,
1287 2664 1353 2695 dato
1376 2664 1458 2703 signo
1482 2674 1496 2694 a
1519 2665 1647 2704 generali
1667 2665 1781 2704 abbate,

1791 265 1839 289 An.
1860 263 1887 289 C.
1914 263 1979 290 1732
