2182 3137
51 207 100 234 An.
117 205 147 232 C.
170 203 237 231 1730

80 1337 110 1358 Ea
125 1342 179 1363 quau
191 1343 239 1357 visi-

56 1365 147 1384 tator-um
173 1364 239 1384 sucul-

58 1390 239 1412 tatemexceuuni.

878 198 1021 221 CLEMENS
1048 199 1090 222 ΧΠ
1115 200 1163 222 ΓΡ.

244 249 420 280 monuerit?
442 248 473 278 Si
488 248 580 278 frater
601 255 672 277 suus
694 245 792 276 taliter
814 245 988 276 charitative

244 298 376 328 munitus
392 301 420 327 et
435 300 585 327 correctus
601 305 631 325 se
643 294 801 325 emendare
813 294 987 333 neglexerit,

243 356 280 376 an
302 346 386 376 illum
420 345 550 384 praelato
582 342 790 381 corrigendum
813 346 842 372 et
864 342 989 381 punien-

244 396 313 425 dum
330 392 554 424 denunciaverit
566 391 581 421 ‘!
597 392 631 421 Et
647 390 794 427 similiter,
806 399 843 419 an
861 390 885 420 si
901 390 988 420 talem

245 443 360 482 culpam
383 441 413 472 in
435 442 528 471 altera
550 439 716 470 visitatione
735 448 786 469 seu
807 439 838 468 in
860 439 989 478 capitulo

246 489 437 530 proclamavit
464 492 515 518 aut
536 488 705 526 accusavit,
741 487 882 526 illamque
911 496 990 517 com-

245 539 364 569 mittens
383 537 594 578 poenitentiam
618 537 746 567 debitam
769 536 921 566 subierit?
945 536 989 566 An

244 587 333 617 etiam
351 586 479 626 potuerit
492 586 534 625 (Ἰ)
546 586 625 615 illam
643 585 760 624 culpam
776 585 806 615 in
822 585 882 614 alia
897 584 989 624 priori

245 635 412 665 visitatione
431 635 540 665 dixisse
563 639 612 664 aut
634 634 832 674 proclamasse
846 633 860 662 ἵ)
879 633 990 669 Quibus

245 683 543 723 interrogationibus,
568 692 728 722 earumque
749 682 899 722 responsis
922 682 992 712 visi-

246 737 353 762 tatores
375 732 610 762 animadvertere
632 735 780 771 poterunt,
805 741 862 770 quo
884 730 991 770 spiritu

247 785 397 811 moveatur
420 785 448 811 et
470 781 597 811 ducatur
629 780 717 810 talem
750 780 866 819 culpam
889 779 991 809 dicens

249 833 276 859 et
289 830 483 869 proclamans,
497 833 526 859 et
541 829 564 859 si
584 829 761 868 praedictam
778 828 990 858 correctionem

247 878 406 908 fraternam
429 877 525 908 debite
552 878 723 907 servaverit.
748 878 803 908 Eos
826 887 894 907 vero
909 901 917 915 ,
942 877 991 917 qui

248 927 323 956 lianc
340 927 533 957 correctionis
557 927 702 956 fraternae
726 927 848 956 sormam
872 935 993 956 servan-

247 976 312 1006 dam
336 974 513 1014 omiserint,
535 976 701 1005 visitatores
731 975 874 1015 praedicti
896 975 992 1005 debite

248 1025 380 1064 puniant.
406 1024 439 1054 Et
462 1024 648 1054 notificamus
669 1024 755 1054 dictis
778 1024 993 1062 visitatoribuS,

247 1072 325 1112 quod
348 1073 406 1102 nisi
428 1073 468 1102 ita
492 1077 523 1102 ut
546 1073 726 1111 praedicitur
748 1073 790 1102 'ab
818 1072 877 1102 illis
899 1081 993 1102 serva-

247 1126 310 1151 tum
333 1122 432 1160 fuerit,
454 1131 505 1161 per
523 1122 660 1160 generale
682 1122 842 1162 capitulum
866 1121 994 1160 graviter

250 1170 427 1209 plectentur.
453 1170 484 1200 ld
499 1171 595 1210 ipsum
613 1172 699 1200 etiam
724 1171 844 1201 omnino
859 1175 994 1201 servetur

249 1229 263 1248 a
281 1219 429 1259 prioribus
444 1220 474 1249 in
487 1229 606 1250 suorum
623 1220 805 1250 subditorum
822 1220 917 1260 culpis
931 1230 995 1250 cor-

250 1269 380 1307 rigendis
403 1274 431 1298 et
453 1269 621 1308 puniendis.

290 1327 321 1347 11.
335 1318 433 1348 Nostri
447 1318 615 1348 visitatores
628 1318 791 1356 generales,
812 1319 866 1348 etsi
883 1318 995 1358 aliquos

251 1367 392 1397 officiales
416 1367 452 1397 ab
475 1377 576 1397 eorum
600 1368 704 1398 officiis
723 1367 948 1397 rationabilibus
961 1368 996 1397 de

251 1417 348 1447 causis
371 1416 399 1446 in
420 1417 606 1446 monasteriis
622 1426 696 1456 quae
712 1417 897 1446 visitaverint
919 1426 997 1445 amo-

251 1474 318 1495 vere
342 1465 465 1504 possint,
480 1475 582 1495 eorum
597 1469 693 1495 tamen
707 1465 903 1504 provisionem
921 1465 997 1504 prio-

252 1514 334 1544 ribus
357 1514 505 1544 diclorum
529 1515 773 1544 monasteriorum
806 1514 930 1544 liberam
954 1524 998 1544 re-

252 1563 387 1602 linquant
402 1573 408 1597 3
427 1572 522 1601 neque
538 1562 635 1601 aliqua
659 1562 790 1592 aedilicia
807 1563 835 1591 in
853 1566 998 1592 monaste-

252 1611 305 1641 riis
327 1621 398 1641 suae
421 1611 595 1641 visitationis
629 1612 663 1641 (le
696 1621 771 1641 novo
795 1612 858 1641 lieri
888 1612 997 1651 praeci-

253 1660 344 1699 piant.
365 1660 519 1689 Praeterca
542 1664 674 1698 caveant,
693 1670 728 1689 ne
748 1660 839 1690 multa
862 1661 997 1690 mandata

254 1710 422 1749 imponant,
447 1719 479 1739 ex
505 1710 611 1749 quibus
647 1710 710 1749 plns
743 1710 878 1749 sequitur
899 1710 997 1740 damni

255 1768 342 1797 quam
359 1758 504 1788 utilitatis.
522 1759 641 1794 Quando
655 1768 723 1788 vero
736 1759 997 1796 inhabilitaverint,

255 1812 304 1837 aut
334 1808 445 1837 carceri
473 1808 706 1847 mancipaverint
737 1808 782 1838 vel
815 1808 1000 1838 exulaverint

255 1856 382 1895 aliquem
416 1856 590 1886 monachum
609 1880 616 1893 ,
648 1857 850 1887 huiuscemodi
881 1866 999 1887 causam

256 1905 332 1943 patri
354 1905 485 1943 generali
508 1906 660 1935 notificare
684 1916 742 1935 non
775 1906 934 1939 ‹liffemnt;
963 1906 1002 1936 si-

256 1954 375 1992 mulque
397 1954 546 1993 prioribus
575 1955 822 1984 monasteriorum
837 1979 844 1991 ‚
868 1956 902 1983 ad
926 1964 1001 1993 quae

256 2002 328 2031 tales
351 2003 511 2032 monachos
532 2004 744 2037 transmittunt,
763 2008 795 2033 ut
810 2004 914 2041 sciant,
933 2013 1001 2042 quo-

256 2051 341 2080 modo
363 2060 429 2080 cum
454 2051 524 2090 ipsis
547 2061 577 2081 se
600 2061 702 2089 gerere
724 2052 859 2081 debcant.

297 2108 337 2129 ni.
352 2099 524 2129 visitatores
538 2099 566 2128 in
583 2109 653 2129 suae
667 2101 844 2130 visitationis
855 2105 1000 2130 monaste-

257 2148 309 2177 riis
332 2157 385 2177 nec
409 2148 546 2178 ordinent
570 2158 623 2178 nec
647 2153 757 2178 mutent
781 2149 877 2188 aliqua
901 2149 936 2178 ad
961 2154 1003 2179 to·
1023 2151 1025 2172 l

256 2201 318 2226 tum
340 2201 516 2226 conventum
533 2207 584 2227 seu
604 2202 711 2228 statum
734 2198 797 2228 eius
816 2208 1000 2228 communem

258 2245 448 2284 pertinentia,
466 2246 537 2286 quin
561 2247 641 2285 prius
657 2256 722 2276 cum
741 2247 836 2286 priore
860 2251 888 2276 et
911 2248 1002 2286 depu-

259 2294 326 2323 tatis
350 2295 513 2324 ordinanda
538 2296 581 2324 vel
612 2297 748 2325 mutanda
778 2296 951 2332 consulant,
974 2301 1002 2325 et
1023 2302 1024 2305 ’

258 2342 309 2371 tali
332 2343 547 2372 consultatione
571 2344 761 2382 praehabita,
786 2345 861 2384 quod
889 2345 931 2374 eis
954 2354 1003 2383 op·
1024 2336 1025 2362 3

260 2391 414 2430 portunius
438 2392 598 2430 videbitur,
623 2394 716 2423 facere
733 2399 760 2423 et
781 2394 916 2423 ordinare
940 2404 1002 2433 pos-

260 2440 329 2469 sint.

299 2497 337 2518 lv.
363 2488 533 2518 Visitatores
565 2491 808 2520 monasteriorum
841 2491 1026 2529 Aragoniae'

260 2538 335 2567 ultra
352 2537 424 2567 duos
446 2537 507 2566 dies
524 2538 688 2576 sumptibus
711 2540 953 2569 monasteriorum
975 2540 1003 2569 in

260 2586 377 2616 civitate
401 2586 548 2616 Valentiae
563 2591 612 2616 aut
635 2587 833 2616 barchinonae
856 2598 913 2617 non
938 2598 1001 2627 per-

1031 251 1168 277 maneant
1191 247 1235 277 vel
1257 247 1456 286 detineantur,
1474 247 1531 278 nisi
1550 252 1669 288 propter
1691 249 1776 279 infir-

1032 295 1178 332 mitatem,
1202 300 1230 325 et
1251 296 1374 335 insuper
1396 296 1561 327 visitatores
1583 298 1776 336 particulares

1032 344 1062 373 in
1095 344 1180 373 domo
1213 345 1335 383 propria
1366 346 1536 376 monasterii
1569 347 1708 377 visitandi
1732 349 1777 378 vel

1034 392 1142 422 visitati
1161 392 1288 431 hospitio
1306 394 1487 433 recipiantur
1503 399 1531 425 et
1546 402 1775 427 commorentur.

1073 451 1101 470 v.
1125 441 1229 470 Nullus
1250 441 1406 479 religiosus
1428 443 1551 482 recipiat
1573 444 1692 484 aliquod
1721 446 1777 475 sub
1802 455 1974 482 Νὼιιι-εοιριεῃ.

1034 488 1213 527 obligatione
1245 490 1373 526 secreti,
1398 491 1474 530 quod
1507 492 1536 522 in
1564 493 1702 523 damnum
1733 495 1778 525 vel
1790 482 1892 534 fffflmqtiiii
1904 488 1973 531 5333?

1034 537 1248 577 praeiudicium
1270 539 1315 567 sui
1339 539 1445 577 prioris
1468 545 1518 570 aut
1546 543 1777 581 communitatiS,
1791 541 1823 555 ¹¹¹⁵
1837 536 1913 555 ‘¹³¹¹¹¹¹''
1930 543 1963 560 ³¹¹·

1033 586 1191 616 alteriusve
1226 595 1346 624 vergere
1377 587 1477 625 possit.
1502 589 1599 619 Sciant
1633 601 1702 621 vero
1720 616 1727 629 ,
1752 598 1781 621 et

1034 639 1191 664 monentur
1212 635 1305 664 nostri
1334 636 1485 673 monachi,
1510 638 1587 676 quod
1611 638 1779 671 huiusmodi

1035 683 1256 723 praeiudicialia
1279 688 1390 713 secreta
1424 685 1544 715 omnino
1574 696 1625 716 suo
1649 690 1778 726 praelato

1035 732 1166 762 revelare
1197 736 1350 770 tenentur,
1374 733 1430 762 alia
1455 743 1522 764 vero
1545 741 1678 774 secreta,
1704 747 1779 777 quae

1035 782 1064 811 in
1088 781 1309 811 communitatis
1336 782 1379 811 vel
1413 782 1519 821 prioris
1546 785 1709 823 proximive
1731 789 1782 818 de-

1036 831 1205 860 trimentum
1223 834 1251 860 et
1266 830 1405 860 damnum
1428 841 1486 861 non
1503 833 1679 872 redundant,
1699 846 1782 867 reve-

1036 880 1096 909 lare
1120 879 1290 909 nullatenus
1312 884 1480 910 teneantur.

1077 937 1115 958 vi.
1140 928 1239 958 Nostri
1272 927 1436 958 visitatores
1472 939 1529 960 non
1567 932 1678 970 possint
1712 934 1781 972 eligi

1037 977 1066 1006 in
1090 976 1204 1016 priores
1227 977 1485 1016 monasteriorum,
1510 979 1559 1008 ubi
1589 981 1781 1019 privaverunt

1037 1026 1166 1065 aliquem
1189 1026 1336 1065 priorem,
1357 1031 1444 1065 prout
1474 1037 1528 1057 nec
1557 1029 1626 1066 eligi
1659 1036 1780 1069 possunt

1038 1076 1259 1106 confirmatores
1281 1076 1311 1106 in
1336 1077 1514 1107 monasterio
1537 1088 1606 1108 suae
1625 1081 1782 1110 confirma-

1038 1124 1137 1154 tionis.

1079 1182 1128 1203 vn.
1152 1174 1213 1203 Non
1238 1174 1389 1213 priventur
1411 1180 1478 1205 voto
1502 1177 1636 1207 monachi
1666 1179 1722 1208 nisi
1751 1179 1782 1209 in
1818 1200 1915 1220 monachi
1932 1202 1978 1221 voto

1039 1222 1156 1253 casibus
1179 1223 1327 1263 expressis
1349 1224 1379 1254 in
1402 1224 1467 1254 iure
1489 1230 1517 1255 et
1540 1227 1647 1256 nostris
1675 1228 1786 1258 consti·
1797 1233 1836 1247 '²⁰¹¹
1854 1226 1958 1252 [maadi.

1040 1271 1212 1309 tutionibus,
1231 1277 1280 1302 aut
1296 1272 1326 1302 in
1349 1273 1466 1303 casibus
1488 1274 1681 1313 facinorosis3
1699 1281 1727 1306 et
1742 1277 1787 1307 in-

1040 1329 1128 1360 super
1149 1320 1178 1350 in
1202 1321 1273 1357 illis,
1297 1321 1327 1351 in
1350 1321 1457 1360 quibus
1481 1323 1658 1361 poenitentia
1682 1326 1786 1364 culpae

1039 1370 1190 1408 graviores
1212 1370 1386 1409 imponitur.

1080 1427 1140 1447 vm.
1165 1417 1196 1447 ln
1220 1423 1370 1457 posterum
1404 1419 1576 1450 observetur
1609 1421 1788 1452 inviolabilis
1799 1438 1897 1458 vimmo
1909 1438 1982 1458 abos-

1041 1467 1220 1497 consuetudo
1254 1468 1345 1497 nostri
1378 1468 1518 1505 Ordinis,
1542 1470 1681 1500 nimirum
1710 1465 1984 1516 quod2fi122¹,'‚¹,ffl,fif„⁰.¹fiss

1042 1520 1138 1555 patres
1161 1516 1328 1546 visitatores
1351 1517 1505 1554 generales
1537 1519 1634 1548 statim
1663 1524 1726 1558 post
1750 1521 1789 1549 sa-

1042 1568 1117 1594 etan·
1148 1564 1177 1593 in
1201 1564 1332 1603 quolibet
1365 1566 1545 1595 monasterio
1576 1568 1789 1605 praesentatio-

1042 1622 1120 1648 nem,
1145 1613 1384 1650 tabernaculum,
1409 1613 1458 1642 ubi
1481 1614 1649 1645 venerabile
1672 1620 1700 1645 et
1721 1625 1790 1646 san-

1042 1662 1206 1691 ctissimum
1230 1662 1431 1692 Eucharistiae
1454 1669 1672 1693 sacramentum
1695 1664 1725 1694 in
1743 1674 1790 1695 ec-

1043 1710 1134 1740 clesia
1156 1715 1300 1749 servatur,
1318 1716 1434 1741 sanctos
1457 1712 1547 1750 oleos,
1571 1713 1724 1752 reliquias,
1742 1723 1788 1743 re-

1043 1759 1182 1799 liquaque
1215 1760 1356 1790 ecclesiae
1379 1765 1407 1790 et
1429 1761 1582 1792 sacristiae
1616 1767 1788 1793 ornamenta

1044 1812 1073 1838 et
1095 1808 1311 1847 suppellectilia
1336 1809 1454 1839 visitare
1477 1813 1648 1840 teneantur:
1674 1820 1788 1841 necnon

1046 1861 1229 1896 patronatus,
1247 1857 1457 1896 cappellanias,
1481 1859 1655 1896 memorias,
1672 1860 1788 1898 aliaque

1046 1905 1091 1944 pia
1115 1915 1201 1944 opera
1226 1906 1255 1935 in
1280 1907 1466 1936 monasteriis
1495 1907 1613 1937 fundata
1646 1908 1788 1947 visitent;

1045 1963 1206 1993 eorumque
1239 1955 1368 1984 rationes
1403 1960 1432 1985 et
1465 1961 1599 1995 computa
1632 1957 1790 1996 diligenter

1045 2003 1164 2040 exigant
1197 2007 1225 2032 et
1253 2009 1425 2039 assumant,
1450 2005 1686 2045 monachosque,
1710 2008 1788 2037 circa

1046 2051 1162 2081 illorum
1179 2052 1463 2083 administrationem
1486 2055 1667 2093 negligentes
1682 2056 1725 2086 vel
1742 2057 1791 2086 de-

1046 2101 1214 2140 linquentes
1237 2101 1372 2131 inventos¹
1395 2103 1526 2141 rigorose
1549 2104 1681 2142 puniant.

1087 2159 1126 2179 ix.
1150 2150 1331 2180 Observetur
1350 2151 1460 2189 pariter
1483 2153 1573 2182 nostri
1593 2152 1710 2183 Ordinis
1726 2163 1793 2193 pra-
1823 2169 1949 2189 mamm
1964 2175 1983 2189 m

1047 2199 1102 2235 xis,
1127 2208 1232 2238 nempe
1255 2200 1330 2238 qnod
1355 2205 1452 2239 patres
1475 2201 1640 2231 visitatores
1668 2196 1983 2243 genera-m‘ssssfffjffe‘ssssssisbuss

1047 2249 1088 2277 les
1111 2247 1139 2277 in
1161 2249 1347 2278 monasteriis
1364 2249 1538 2278 habentibus
1554 2250 1790 2280 iurisdictionem
1800 2255 1846 2296 :¹¹:1¹
1881 2249 1982 2269 “⁰¹¹¹‘⁵0‘'⁴

1047 2296 1238 2335 temporalem
1262 2302 1312 2326 aut
1336 2297 1518 2336 spiritualem
1535 2298 1564 2327 in
1587 2298 1719 2328 subditos
1741 2304 1792 2329 aut

1048 2344 1188 2374 vassallos
1215 2346 1404 2382 saeculares,
1430 2346 1457 2375 in
1485 2356 1586 2375 eorum
1621 2348 1716 2376 causis
1738 2358 1789 2378 seu

1047 2394 1176 2432 querelis
1195 2394 1349 2423 audiendis
1372 2394 1538 2423 nullatenus
1557 2404 1586 2424 se
1605 2396 1791 2426 immisceant

1048 2442 1090 2471 vel
1124 2442 1339 2479 intromittant,
1364 2444 1412 2472 sed
1445 2444 1594 2472 dumtaxat
1631 2445 1788 2475 visitationi

1048 2490 1174 2527 regulari
1197 2491 1341 2520 (lictorum
1376 2492 1619 2521 monasteriorum
1643 2497 1670 2522 et
1693 2503 1792 2523 mona>

1048 2540 1169 2569 eliorum
1203 2549 1322 2569 suornm
1357 2544 1459 2569 vacent
1481 2545 1508 2569 et
1531 2540 1723 2578 incumbant3
1748 2544 1791 2572 di-

1048 2592 1167 2627 ctasque
1200 2589 1352 2627 ‹piat-relas
1382 2598 1431 2618 seu
1455 2590 1644 2626 gravamina,
1669 2591 1690 2620 si
1715 2601 1789 2630 quae

1789 200 1838 225 An.
1855 199 1884 226 C.
1905 199 1969 227 1730
