2182 3137
204 176 255 203 Aa.
276 177 306 204 c.
323 176 394 204 1730
439 168 480 201 ὃὸ

619 255 813 285 Coxsrirurio
836 253 922 283 XVII.

206 328 389 380 ‘lngssggmssffissf
443 328 611 367 Quicumque
643 328 790 357 monachas
823 329 910 357 nostri
939 328 1064 364 Ordinis,
1096 328 1143 366 qui

206 381 259 400 rimis
270 381 359 406 eligatur
369 386 448 413 *uper
470 376 625 405 electionem
648 380 804 414 assumptus
824 376 912 414 suerit
939 379 969 404 nt
995 376 1031 405 sit
1062 375 1143 414 prior

205 406 388 453 'f'ssss‘e22'1fflg'ssffi
398 425 593 462 cuiuscumque
614 423 695 452 alteri
701 433 730 451 as
745 423 916 457 monasterii,
933 424 1080 452 terminato
1094 432 1142 452 sno

205 459 387 507 iiiotgilnssebtssualssi
398 474 484 512 officio
504 474 589 512 possit
611 482 718 511 semper
736 481 901 511 permanere
923 472 953 501 in
977 472 1142 500 monasterio

205 511 426 562 ἕῖὲῗῗυὲἳῖζᾛζζζῗὶἰι
449 530 500 559 quo
521 521 576 559 fait
592 521 682 559 prior,
706 524 753 549 ant
774 521 867 549 redire
888 520 924 549 ad
944 520 1140 549 monasteriam

205 564 412 613 ffiffimswss'ffis'ssa
434 579 485 607 qao
506 569 562 607 fait
584 572 751 607 assumptas.
779 567 878 597 Veram
910 569 934 597 si
961 569 990 597 ‘in
1012 568 1089 597 domo
1111 569 1141 597 in

204 616 387 667 ffirgOSSssrgffi'gffi:
397 626 450 655 qua
484 617 540 655 suit
568 617 648 654 prior
680 616 792 654 elegerit
822 620 956 654 perpetuo
986 626 1139 653 remanere,

394 665 485 703 priori
506 665 623 694 eiusdem
647 665 820 701 monasterii,
843 664 921 702 infra
943 674 1060 693 mensem
1080 669 1140 703 post

397 713 628 750 confirmationem
665 713 728 741 nori
761 712 869 750 prioris
906 712 1138 751 computandum,

396 763 506 799 suisque
527 761 723 790 successoribus
745 761 925 789 obedientiam
949 762 1139 799 repromittere

395 813 529 843 teneatur,
553 809 676 847 alioquin
695 809 788 847 priori
810 810 973 838 monasterio
999 814 1138 839 remaneat

395 857 536 895 obligatus.
559 857 686 886 Ceteram
708 856 803 885 nzillas·
822 857 902 895 prior
920 860 1007 886 nostri
1025 858 1138 888 Ordinis

394 905 513 943 eliyatnr
534 907 562 934 in
584 906 706 943 priorem
728 905 844 934 alterius
865 906 1034 942 monasterii,
1056 910 1090 940 et,
1114 907 1138 934 si

393 955 482 991 fuerit
504 954 614 989 electas,
631 953 695 982 talis
717 953 813 983 electio
835 954 869 982 sit
891 954 997 983 nullius
1012 954 1135 988 roboris,-

394 1006 503 1040 eireepto
524 1005 614 1030 tamen
636 1003 800 1030 monasterio
820 1001 851 1031 S.
869 1001 1084 1039 Bartliolomaei,
1107 1003 1136 1031 in

394 1060 444 1088 qao
466 1051 537 1079 alter
555 1051 635 1088 prior
668 1051 753 1078 nostri
785 1049 899 1080 Ordinis
927 1050 993 1088 eliyi
1018 1051 1134 1088 poterit,

394 1098 455 1127 licet
472 1099 506 1126 acl
524 1099 717 1137 acceptandum
741 1098 869 1137 compelli
886 1098 1017 1137 nequibit,
1033 1100 1134 1128 nedum

394 1147 423 1174 ob
444 1146 590 1185 specialem
607 1147 831 1185 praerogativam
860 1156 940 1185 oriam
972 1147 1038 1176 olim
1070 1148 1136 1176 obti—

395 1197 454 1223 nuit
479 1199 506 1223 nt
527 1199 609 1233 capnt
630 1199 697 1224 esset
723 1195 804 1223 totius
832 1195 961 1229 Ordinis,
985 1196 1031 1224 sed
1052 1197 1134 1225 eliam

393 1243 423 1271 ob
452 1244 657 1281 praerogativas
690 1253 756 1281 qaas
789 1243 877 1272 (ulline
910 1245 1008 1272 retinet
1038 1248 1066 1272 nt
1100 1245 1134 1273 sit

391 1292 517 1329 definitor
534 1296 688 1330 perpetuas
716 1301 776 1320 cnm
798 1292 994 1330 praecedentia
1015 1296 1040 1321 et
1064 1293 1135 1322 vica-

392 1342 451 1369 rias
471 1341 607 1377 generalis
629 1343 710 1369 totius
734 1340 848 1369 Ordinis
871 1342 897 1370 in
921 1350 985 1370 casn
1015 1342 1134 1371 vacatio-

391 1389 434 1416 nis
454 1388 639 1426 generalatus.

630 1472 889 1493 EXTMAVAGANTEs.

196 1532 379 1579 ,„1{2,'³3'S{‚¹¹¹³¹'‘1'
430 1542 449 1561 1.
476 1532 596 1568 Quando
619 1532 724 1572 aliquis
748 1533 827 1572 prior
850 1533 938 1563 fuerit
967 1535 1132 1573 postulatus

312 1565 366 1585 opat

196 1588 237 1631 2⁰³1>
266 1581 420 1623 electorurnin
450 1580 576 1620 priorem
610 1582 780 1611 monasterii
818 1591 887 1611 suae
921 1582 1131 1621 professionis,

196 1614 275 1658 reere‘fm
292 1617 475 1668 contu''pater
498 1629 654 1667 generalis,
671 1629 696 1658 si
718 1630 823 1660 viderit
845 1630 947 1660 adesse
968 1640 1071 1661 causas
1094 1631 1133 1660 Ie-

389 1677 527 1715 gitimas,
555 1677 581 1706 ei
612 1678 718 1716 poterit
750 1678 818 1707 (lare
842 1678 988 1707 licentiam
1013 1687 1064 1717 pro
1086 1672 1138 1708 ac?

389 1725 533 1765 ceptanda
555 1725 761 1765 postulatione.
786 1726 820 1755 Et
847 1726 1029 1756 declaramus
1055 1727 1131 1766 quod

390 1773 420 1802 in
446 1772 696 1812 postulationibus
719 1773 897 1803 intervenire
923 1774 1031 1804 debent
1057 1775 1132 1804 (luae

390 1825 489 1859 partes
512 1821 684 1859 electorum,
710 1826 794 1860 prout
815 1822 844 1851 iu
861 1821 969 1852 Ordine
993 1824 1133 1862 practica-

390 1873 450 1899 tum
470 1870 535 1899 suit.

428 1925 457 1945 ιι.
492 1915 576 1946 Prior
607 1915 757 1945 absolutus
789 1920 915 1955 nequeat
948 1925 1068 1946 manere
1100 1918 1130 1947 in

389 1969 563 2003 perpetuum
586 1964 617 1994 in
640 1965 826 1999 monasterio,
850 1965 898 1993 ubi
928 1965 1024 2004 explet
1054 1966 1130 2004 prio-

387 2018 495 2049 ratum,
516 2014 544 2043 in
569 2022 659 2052 eoque
681 2012 788 2042 iterum
812 2013 1009 2042 obedientiam
1032 2022 1130 2052 repro-

387 2061 516 2099 mittere,
537 2061 593 2090 nisi
613 2061 767 2100 praecedat
790 2070 950 2090 consensus
974 2062 1080 2100 prioris
1103 2067 1130 2091 et

386 2109 519 2148 capituli,
535 2119 586 2139 seu
610 2110 729 2139 maioris
745 2110 834 2148 partis
856 2109 925 2139 dicti
948 2110 1127 2148 monasterii,

386 2158 463 2187 inl'ra
487 2167 616 2188 mensem
633 2157 669 2187 ab
685 2158 738 2187 hac
760 2158 970 2187 constitutione
987 2158 1130 2196 praescri-

386 2210 491 2244 ptum;
521 2215 578 2245 quo
602 2205 803 2245 praecedente,
833 2206 897 2235 sine
926 2206 981 2235 alia
1010 2206 1129 2236 licentia

387 2255 478 2293 patris
499 2254 657 2293 generalis,
676 2259 724 2284 aut
739 2263 883 2284 consensu
902 2254 1008 2293 prioris
1030 2258 1059 2284 et
1081 2263 1129 2284 ca-

386 2303 470 2342 pituli
493 2304 666 2334 monasterii
687 2312 757 2333 suae
774 2303 974 2342 professionis,
992 2303 1082 2342 possit
1098 2303 1127 2332 in

386 2352 574 2390 monasterio,
593 2351 645 2382 ubi
667 2352 722 2383 fuit
743 2352 834 2392 prior,
853 2356 994 2391 perpetuo
1014 2361 1128 2391 perma-

385 2408 466 2435 nere,
492 2400 645 2439 priorique
668 2404 696 2430 et
717 2400 939 2430 successoribus
965 2400 1028 2430 eins
1051 2400 1126 2430 infra

387 2447 497 2477 dictum
520 2457 650 2478 mensem
674 2447 871 2478 obedientiam
892 2448 1109 2487 repromittere.

425 2504 465 2525 ni.
487 2495 574 2526 Pater
596 2497 743 2535 generalis
773 2497 864 2536 possit
889 2497 1042 2527 nominare
1073 2497 1126 2527 ali-

386 2552 460 2582 quos
483 2545 595 2582 priores
612 2545 739 2575 actuales
755 2554 806 2585 pro
822 2545 963 2576 electione
982 2553 1126 2577 monaste-

986 176 1118 200 nULLAm
1125 177 1165 200 ΠΜ
1192 176 1346 200 ROMANUM

1186 224 1245 261 rh,
1276 224 1325 253 ubi
1358 224 1466 254 residet
1494 225 1575 255 curia
1605 226 1707 264 regia,
1735 226 1928 257 consideratis

1186 270 1380 310 qualitatibus
1403 272 1438 301 ad
1461 272 1544 302 illum
1568 273 1731 312 prioratum
1753 275 1926 313 requisitis;

1185 323 1214 348 et
1235 319 1373 349 similiter
1397 328 1450 358 pro
1471 320 1614 351 electione
1635 321 1665 351 in
1688 322 1754 352 aliis
1783 327 1927 353 monaste-

1185 366 1250 405 riis,
1274 376 1348 406 quae
1371 368 1502 407 proxima
1533 374 1603 400 sunt
1631 371 1798 409 conspicuis
1826 371 1929 401 civita-

1185 414 1274 452 til)uS‚
1298 416 1374 446 sicut
1406 417 1493 447 etiam
1525 418 1556 448 in
1583 419 1770 449 monasteriis
1792 420 1927 459 propriae

1185 464 1387 502 professionis,
1405 470 1550 504 quatenus
1572 471 1669 497 tamen
1692 467 1860 498 huiusmodi
1881 468 1926 498 in-

1184 511 1366 550 dulgentiam
1397 513 1460 552 ipsa
1493 515 1668 545 monasteria
1694 516 1924 555 requisiverint;

1184 564 1280 590 rector
1303 570 1370 590 vero
1393 562 1509 600 collegii
1531 562 1723 594 Salamantini
1745 564 1775 594 in
1798 565 1925 604 priorem

1184 609 1353 639 monasterii
1376 610 1407 640 B.
1428 610 1535 641 Mariae
1557 612 1593 641 de
1615 612 1785 652 Guadalupe
1803 613 1838 643 de
1861 622 1926 652 spe-

1183 657 1249 688 ciali
1271 659 1423 697 religionis
1445 661 1633 691 concessione
1656 661 1725 700 eligi
1748 662 1853 692 valeat.

1222 715 1261 736 1v.
1285 707 1402 738 Priores
1423 718 1566 739 novarum
1588 710 1743 740 domorum
1776 715 1925 750 nequeant

1183 756 1349 794 promoveri
1371 766 1423 787 seu
1445 757 1512 796 eligi
1535 758 1564 788 in
1582 759 1695 797 priores
1717 758 1842 789 aliorum
1863 768 1925 789 mo-

1182 803 1392 841 nasteriorum,
1415 805 1472 835 nisi
1494 806 1525 835 in
1553 806 1680 846 propriis
1712 816 1782 837 suae
1814 807 1925 846 profes-

1182 851 1272 882 sionis
1295 853 1340 882 vel
1369 853 1398 882 in
1422 853 1519 893 aliquo
1542 863 1611 884 casu
1639 855 1760 894 speciali
1786 860 1814 886 et
1840 855 1924 885 valde

1181 901 1360 938 necessario,
1377 905 1405 931 et
1426 906 1496 932 tunc
1514 903 1688 941 praecedere
1710 903 1814 933 debeat
1835 903 1924 934 licen-

1181 947 1220 978 tia
1237 949 1327 988 patris
1345 951 1503 988 generalis.
1521 950 1569 981 Sic
1593 960 1659 981 vero
1674 951 1785 981 electus
1807 960 1821 981 a
1845 952 1923 991 prio-

1181 1001 1257 1035 ratu,
1274 1007 1361 1036 quem
1378 998 1501 1037 obtinet,
1526 999 1694 1029 nullatenus
1717 1004 1810 1037 vacet,
1830 1001 1922 1031 donee

1181 1046 1268 1076 suerit
1290 1047 1483 1077 confirmatus
1504 1048 1534 1077 in
1557 1048 1733 1078 monasterio
1762 1048 1812 1078 uhi
1833 1049 1922 1079 fuerit

1180 1094 1300 1124 electus.

1393 1170 1587 1200 Consrlrurio
1609 1170 1707 1201 XVIII.

1217 1240 1249 1270 Si
1270 1242 1418 1271 monachas
1441 1243 1524 1271 nnius
1545 1244 1706 1272 monasterii
1733 1253 1785 1282 per
1813 1243 1921 1273 electio-
1941 1250 1981 1279 ⁴Ad
1996 1254 2057 1277 quem
2067 1256 2115 1282 ueg-

1178 1298 1240 1318 nem
1256 1289 1285 1318 in
1304 1291 1429 1328 priorem
1444 1290 1560 1320 alterius
1574 1292 1734 1320 monasterii
1749 1296 1918 1329 assumatur,
1931 1277 2115 1330 ῗὲἶεῖῗιῑιέἓῗωιῗιῖἷ

1178 1342 1202 1366 et
1224 1338 1311 1368 eidem
1329 1339 1423 1376 priori
1444 1340 1567 1368 mctnenti
1595 1339 1688 1378 aliqua
1710 1340 1834 1375 donatio,
1858 1329 2136 1381 hae-{ssssor‘ssfffflffl'i-

1179 1386 1292 1423 reditas,
1306 1391 1353 1415 (tut
1367 1386 1485 1424 legatum
1497 1387 1634 1424 deveniat,
1649 1388 1683 1416 ad
1693 1388 1774 1426 prins
1786 1392 1918 1417 monaste·
1930 1382 1974 1402 ”¹¹¹³
1983 1382 2118 1404 mmmmm
2160 1395 2161 1398 ’

1178 1435 1250 1462 rinm
1272 1435 1440 1473 pertinebit,·
1465 1435 1519 1464 nisi
1540 1440 1685 1474 antequam
1707 1436 1734 1465 ei
1755 1435 1822 1465 talia
1844 1436 1918 1465 obve-
2137 1434 2140 1439 ⁴

1178 1484 1288 1515 nirent,
1315 1483 1354 1512 uel
1384 1485 1413 1512 in
1445 1483 1518 1512 brer-i
1550 1484 1699 1513 obventura
1728 1484 1919 1514 verisimiliter

1175 1532 1344 1566 crederetur,
1366 1532 1437 1561 idem
1457 1533 1536 1571 prior
1552 1532 1714 1562 declarasset
1733 1533 1800 1562 velle
1817 1543 1858 1567 se,
1875 1535 1920 1562 sui

1175 1584 1294 1618 tempore
1314 1580 1457 1618 prioratus
1479 1580 1585 1618 expleto
1598 1604 1605 1614 ‚
1630 1581 1778 1609 monachas
1799 1581 1919 1610 eiusdem

1175 1629 1333 1657 monasterii
1355 1638 1514 1661 remane-re,·
1539 1633 1602 1657 tnnc
1623 1629 1696 1657 enim
1718 1629 1753 1658 ad
1769 1629 1919 1659 secundnm

1175 1678 1373 1705 monasterinm
1386 1677 1579 1715 pertinebant:
1597 1677 1626 1706 tn
1641 1686 1692 1715 qno
1707 1687 1782 1713 casn,
1798 1682 1917 1716 tempore

1175 1727 1219 1754 sai
1238 1726 1380 1764 prioratus
1402 1731 1512 1764 eraclo,
1536 1725 1635 1754 ibidem
1656 1735 1767 1755 manere
1788 1731 1813 1755 et
1832 1727 1918 1766 profi-

1175 1775 1227 1802 teri
1248 1778 1366 1812 eoyetar.
1390 1773 1421 1803 Si
1443 1783 1505 1803 vero
1527 1774 1561 1802 ad
1580 1774 1739 1803 huiusmodi
1759 1775 1916 1813 prioratum

1176 1832 1225 1852 non
1248 1823 1305 1861 fait
1326 1832 1378 1861 per
1406 1822 1599 1852 nzonaclcormn
1626 1823 1783 1853 electionem
1812 1833 1918 1853 assum-

1171 1876 1259 1910 ptus,
1283 1871 1317 1901 ad
1340 1872 1464 1910 prinnini
1493 1872 1691 1900 monasteriam
1712 1871 1776 1901 talis
1805 1873 1917 1902 omnino

1175 1920 1341 1957 haereditas,
1366 1919 1496 1958 leglatum,
1519 1920 1574 1949 siue
1595 1921 1704 1949 donatio
1723 1920 1881 1959 pertinebit.

1399 1994 1593 2023 Coxsrirrrio
1616 1993 1687 2023 xlx.

1213 2064 1316 2093 Electio
1338 2064 1370 2093 cle
1392 2064 1521 2092 monacho
1542 2063 1634 2101 aliquo
1661 2064 1691 2092 in
1715 2064 1852 2093 vicariam
1873 2062 1979 2109 nelma?
1987 2062 2111 2116 3222&ng
2135 2072 2138 2077 ·

1171 2112 1356 2150 snb—priorem
1378 2112 1406 2140 in
1429 2111 1546 2149 quolibet
1575 2112 1803 2140 monasteriorum
1829 2112 1916 2140 nostri
1926 2116 1967 2138 ris.
1981 2117 2003 2136 et
2024 2116 2051 2137 de
2073 2121 2110 2137 eo-

1172 2159 1285 2189 Ordinis
1312 2161 1359 2198 fiat
1392 2169 1443 2198 per
1467 2160 1591 2198 priorem
1617 2163 1641 2187 et
1673 2159 1815 2188 monachos
1836 2159 1915 2189 illins

1170 2208 1330 2236 monasterii
1344 2209 1374 2236 in
1389 2208 1476 2236 sacris
1494 2207 1661 2245 constitutos,
1678 2216 1725 2236 sen
1740 2216 1833 2236 eoram
1846 2217 1915 2246 par-

1170 2258 1222 2284 tem
1237 2256 1378 2290 maiorem,
1396 2260 1456 2284 vota
1472 2256 1689 2294 uniuscuiusque
1705 2265 1800 2285 eorum
1816 2256 1914 2294 singil-

1170 2303 1249 2332 latim
1269 2308 1295 2333 et
1315 2305 1346 2333 in
1367 2308 1468 2333 secreto
1495 2313 1546 2342 per
1568 2303 1674 2342 aliquos
1696 2304 1727 2332 de
1755 2305 1856 2334 eisdem
1877 2305 1913 2334 ad

1170 2351 1217 2381 ltoc
1231 2352 1388 2390 specialiter
1403 2352 1553 2390 deputatos,
1573 2361 1623 2390 per
1642 2353 1724 2390 prius
1738 2353 1913 2391 suscipiendo

1169 2400 1198 2429 in
1220 2401 1340 2439 scriptis,
1359 2400 1401 2430 vel
1417 2410 1468 2439 per
1483 2401 1555 2429 riam
1570 2401 1768 2439 compromissi,
1783 2400 1913 2439 quomodo

1169 2448 1318 2478 maluerint
1340 2448 1479 2478 electores,
1512 2448 1565 2484 Qui
1592 2453 1735 2487 postquam
1764 2449 1853 2487 fuerit
1873 2449 1913 2477 sic

1168 2497 1280 2535 electus,
1296 2507 1326 2526 eo
1343 2498 1403 2534 ipso
1417 2498 1452 2527 sit
1466 2498 1596 2535 vicarius,
1612 2501 1638 2527 et
1652 2498 1681 2527 in
1698 2497 1820 2527 absentio
1833 2497 1913 2535 prio-

1168 2547 1208 2575 ris
1230 2556 1246 2575 a
1268 2547 1431 2576 monasterio
1464 2546 1560 2577 habeat
1582 2547 1703 2577 eamdem
1728 2549 1909 2585 potestatem,

1926 2147 1970 2162 rum
1993 2143 2108 2168 potestate.
2150 2129 2174 2173 ,1,
