2182 3137
240 261 294 284 Aa.
313 259 344 286 c.
359 259 432 285 1730
477 248 542 282 208

437 306 701 350 praesentandis,
728 311 760 340 et
790 317 807 339 a
838 315 900 349 pro
932 310 1080 348 tempore
1113 304 1178 338 exi-

436 366 544 394 stente
570 359 764 393 cancellario
785 359 952 402 praefato,
981 369 1046 391 non
1070 363 1178 391 tamen

437 413 469 445 in
486 412 710 445 vacationibus
729 412 805 446 Sedi
825 411 1032 455 Apostolicae
1054 411 1180 454 praefa-

438 470 489 498 tae
508 464 690 504 reservatis,
716 464 939 505 instituendis,
966 470 997 497 et
1021 474 1092 496 cum
1117 464 1179 497 lioc

439 523 568 556 tamen,
596 518 682 560 quod
721 517 805 560 ipsi,
843 516 899 560 qui
936 527 994 560 pro
1031 522 1179 559 tempore

438 571 479 603 de
505 570 751 603 canonicatibus
776 576 808 603 et
840 570 1039 614 praebendis
1071 574 1106 602 ut
1136 569 1181 601 in-

437 624 486 654 fra
511 632 570 666 per
592 633 652 655 nos
671 622 793 655 affectis
819 622 938 665 provisi
957 622 1088 661 fuerint,
1108 627 1181 664 post

436 675 627 707 eorumdem
662 675 840 719 respective
876 674 1125 707 canonicatuum
1151 679 1181 706 et

437 728 698 770 praebendarum
715 729 755 761 ab
773 728 819 761 eis
838 728 987 771 adeptam
1006 727 1182 769 possessio-

438 791 527 819 nem,
546 781 585 813 ad
615 782 823 824 personalem
853 781 1065 813 residentiam
1095 780 1179 822 apud

438 844 554 866 eorum
582 834 762 877 respective
788 833 943 866 ecclesias
976 833 1101 864 ratione
1131 842 1182 863 eo-

439 888 587 920 rumdem
634 887 816 930 respective
860 886 1107 918 canonicatuum
1151 890 1182 917 et

439 940 702 982 praebendarum
741 939 922 972 faciendam
963 949 997 970 se
1033 938 1180 970 conferre

438 993 573 1025 omnino
601 998 787 1032 teneantur,
815 991 1007 1024 auctoritate
1032 1001 1068 1023 ac
1093 995 1181 1022 motu

439 1046 574 1088 paribus
599 1051 759 1088 perpetuo
785 1045 952 1083 afficimus,
979 1049 1010 1076 et
1035 1054 1070 1076 ex
1097 1054 1183 1075 nunc

438 1097 574 1131 affectos
601 1109 674 1131 esse
696 1099 868 1138 volumus,
891 1097 1059 1140 dictosque
1084 1107 1176 1129 cano-

440 1151 567 1183 nicatus
605 1156 637 1183 et
672 1151 877 1194 praebendas
913 1150 958 1182 sie
983 1149 1114 1182 affectos
1151 1155 1183 1183 et

439 1202 581 1242 affectas,
596 1204 724 1247 quoties
742 1203 813 1236 illos
831 1209 863 1236 et
880 1203 949 1236 illas
967 1203 1182 1246 imposterum

439 1257 566 1300 pariter
602 1268 661 1300 per
697 1267 841 1297 cessum,
878 1257 975 1289 etiam
1013 1267 1049 1289 ex
1087 1258 1184 1289 causa

441 1311 701 1352 permutationis,
720 1320 776 1342 seu
799 1311 978 1349 decessum,
1001 1315 1055 1341 aut
1079 1310 1183 1353 priva-

441 1364 576 1404 tionem,
594 1364 644 1396 vel
664 1364 812 1406 quamvis
838 1364 932 1396 aliam
959 1363 1182 1396 dimissionem

440 1421 497 1449 aut
522 1416 729 1449 amissionem
755 1416 827 1449 illos
855 1421 887 1448 et
922 1417 994 1448 illas
1020 1426 1080 1459 pro
1108 1421 1184 1448 teni-

440 1479 521 1512 pore
558 1469 740 1512 respective
775 1469 1005 1507 obtinentium,
1029 1470 1080 1501 vel
1106 1468 1185 1501 alias

440 1522 556 1565 quovis
591 1523 713 1563 modo,
738 1522 866 1555 etiamsi
904 1533 941 1555 ex
968 1522 1024 1555 illo
1051 1522 1184 1565 quaevis

443 1576 607 1617 generalis
640 1576 822 1609 reservatio
853 1575 951 1608 etiam
984 1576 1016 1608 in
1047 1585 1185 1618 corpore

442 1629 523 1661 iuris
541 1630 650 1662 clausa
667 1630 814 1669 resultet,
836 1628 931 1661 etiam
957 1628 1041 1671 apud
1067 1628 1185 1660 Sedem

442 1683 631 1725 praefatam,
650 1682 746 1715 etiarn
763 1683 796 1714 in
822 1682 930 1724 aliquo
950 1693 985 1714 ex
1008 1681 1184 1721 mensibus,

442 1735 477 1767 in
502 1735 620 1778 quibus
656 1735 839 1767 vacantium
873 1734 1109 1767 benefiriorum
1136 1745 1187 1766 ec-

443 1788 703 1821 clesiasticorum
721 1788 865 1827 collatio,
878 1787 1029 1830 provisio,
1042 1793 1073 1819 et
1091 1798 1186 1830 quac-

441 1841 490 1873 vis
516 1842 578 1874 alia
605 1841 776 1884 dispositio
803 1841 898 1873 nobis
925 1846 957 1873 et
983 1841 1088 1873 dictae
1113 1840 1185 1872 Sedi

443 1893 540 1926 etiarn
567 1905 626 1937 per
651 1894 905 1926 constitutiones
925 1899 956 1926 et
976 1895 1105 1935 regulas
1123 1904 1188 1925 eas-

443 1947 516 1979 dem
543 1952 708 1979 reservata
733 1946 894 1987 extiterit,
927 1956 983 1978 seu
1011 1945 1186 1978 ordinariis

442 2001 659 2033 collatoribus
684 1999 781 2032 ctiam
799 2010 857 2042 per
881 1999 1130 2032 constitutiones
1157 2004 1188 2030 et

443 2054 572 2095 regulas
589 2053 761 2095 praefatas,
787 2053 835 2085 vel
854 2052 1119 2086 alternativarum
1137 2052 1188 2084 lit-

443 2111 538 2146 teras,
567 2111 621 2138 aut
645 2105 707 2138 alia
733 2105 904 2148 privilegia
921 2111 952 2138 et
969 2105 1094 2137 indulta
1113 2104 1188 2136 liac-

444 2163 540 2192 tenus
566 2168 721 2191 concessa
757 2164 789 2190 et
825 2158 1040 2201 imposterum
1067 2168 1185 2190 conce-

443 2211 551 2244 denda
572 2211 846 2254 competentibus,
879 2221 1083 2253 quocumque
1111 2215 1189 2243 tem-

444 2275 525 2307 pore
552 2275 587 2296 ev
615 2264 689 2297 illos
716 2269 747 2296 et
775 2264 846 2296 illas
872 2274 932 2306 pro
960 2269 1107 2306 tempore
1133 2264 1189 2296 ob-

445 2317 618 2349 tinentium
661 2317 841 2359 respective
882 2316 1034 2359 personis
1075 2327 1187 2349 vacare

444 2370 630 2412 contigerit,
654 2370 780 2402 etiamsi
806 2370 852 2402 illi
878 2375 909 2402 et
937 2369 1011 2401 illae
1029 2370 1107 2401 alias
1126 2369 1189 2401 dis-

446 2423 604 2466 positioni
630 2423 829 2466 apostolicae
862 2422 1108 2466 quomodolibet
1140 2433 1188 2455 rc-

445 2476 563 2509 servati
597 2482 629 2509 et
654 2481 855 2515 reservatae,
889 2486 946 2508 seu
985 2486 1187 2518 quacumque

444 2528 634 2569 affectione,
663 2529 759 2561 etiam
794 2528 918 2561 ratione
955 2528 1188 2571 cuiuscumque

447 2581 689 2621 familiaritatis,
725 2581 820 2614 etiam
854 2586 998 2621 nostrae,
1026 2580 1129 2613 affecti
1158 2585 1188 2613 ct

445 2632 582 2666 affectae
609 2634 784 2673 extiterint,
811 2634 939 2667 clericis
972 2644 1027 2666 seu
1052 2634 1189 2677 presby-

1029 256 1210 284 BULLAntUM
1234 255 1391 296 Romanum

1222 303 1298 336 teris
1324 302 1562 346 professoribus
1587 302 1786 342 academiae,
1806 311 1864 335 seu
1890 312 1965 345 pro—

1221 356 1370 400 prietatis
1407 357 1474 389 sive
1510 355 1677 398 regentiae
1713 355 1901 388 cathedram
1930 355 1962 388 in

1221 409 1432 441 universitate
1449 409 1594 452 praefata
1614 418 1631 440 a
1647 408 1791 450 praefato
1809 407 1963 450 Philippo

1223 472 1301 504 rege
1335 467 1371 494 ut
1405 462 1592 505 praefertur
1623 462 1732 493 erecta
1767 465 1800 493 et
1829 460 1964 493 fundata

1224 520 1256 548 et
1272 526 1289 548 a
1306 514 1401 548 nohis
1418 525 1479 558 per
1495 520 1684 557 praesentes
1702 513 1798 547 etiam
1823 519 1858 546 ut
1874 524 1964 557 prae-

1225 570 1326 602 fertur
1350 569 1530 612 approbata
1553 568 1777 601 obtinentibus
1794 567 1961 610 praefatis,

1224 622 1359 655 omnino
1385 621 1525 654 conferri
1551 621 1683 660 debere,
1713 620 1857 663 alioquin
1875 630 1967 663 prae-

1224 675 1435 713 sentationes,
1454 673 1688 712 institutiones,
1705 672 1965 715 collationesque

1225 737 1446 770 quascumque
1463 753 1470 765 ‚
1497 725 1570 759 aliis
1602 736 1699 768 quam
1723 724 1965 768 professoribus

1225 780 1378 823 praefatis
1403 790 1461 823 pro
1487 784 1634 822 tempore
1661 779 1779 817 factas,
1803 778 1910 810 nullas
1936 783 1967 810 et

1226 833 1392 873 invalidas,
1404 832 1592 875 nulliusque
1606 831 1735 864 roboris
1750 832 1798 864 vel
1808 830 1966 863 momenti

1226 887 1294 919 fore
1313 892 1344 918 et
1361 896 1443 925 esse,
1462 885 1608 927 nullique
1635 885 1684 916 ius
1710 889 1765 916 aut
1785 884 1966 917 coloratum

1227 939 1354 972 titulum
1379 938 1570 982 possidendi
1597 937 1692 970 tribui
1718 947 1830 980 posse.

1271 991 1364 1034 gili.
1403 991 1607 1033 Easdemque
1643 995 1837 1034 praesentes
1873 989 1966 1022 nullo
2013 995 2162 1016 rmesenuum

1977 1022 2096 1043 litterarum
2127 1028 2160 1042 su-

1227 1055 1369 1087 unquam
1397 1050 1544 1086 tempore
1570 1054 1607 1076 ex
1640 1054 1679 1076 eo
1713 1043 1798 1086 quod
1829 1048 2158 1083 caiisae,per¹wev³1⁵⁰³·

1226 1103 1361 1141 propter
1396 1108 1475 1140 quas
1513 1097 1587 1129 illac
1623 1102 1828 1136 emanarunt,
1855 1106 1966 1129 coram

1225 1151 1376 1184 locorum
1394 1150 1582 1187 Ordinariis,
1601 1150 1697 1183 etiam
1722 1156 1886 1192 tamquam
1911 1148 1968 1181 Se-

1227 1204 1276 1236 dis
1295 1203 1501 1247 Apostolicae
1527 1203 1696 1245 delegatis,
1715 1204 1766 1236 vel
1791 1202 1869 1235 alibi
1895 1211 1969 1234 exa-

1227 1257 1378 1296 minatae,
1404 1255 1588 1288 verificatae
1625 1261 1656 1287 et
1688 1254 1899 1294 iustificatae,
1931 1264 1969 1287 ae

1226 1309 1353 1342 etiamsi
1374 1308 1548 1347 Ordinarii,
1568 1308 1708 1350 capitula
1733 1308 1886 1351 praefata,
1911 1317 1968 1340 seu

1227 1362 1279 1395 alii
1305 1363 1343 1395 ad
1369 1362 1400 1394 id
1434 1361 1684 1405 quomodolibet
1716 1361 1878 1393 interesse
1913 1360 1970 1394 ha-

1227 1415 1355 1456 bentes,
1383 1415 1486 1447 vocati
1514 1424 1579 1447 non
1606 1414 1745 1454 fuerint,
1772 1424 1880 1457 neque
1906 1414 1969 1447 illis

1228 1470 1469 1509 consenserint,
1487 1474 1540 1501 aut
1565 1468 1627 1501 alio
1653 1478 1858 1511 quocumque
1879 1478 1970 1512 prae-

1228 1527 1338 1562 textu,
1372 1523 1411 1555 de
1445 1522 1634 1555 intentionis
1660 1528 1792 1555 nostrae
1822 1522 1871 1555 vel
1902 1522 1968 1556 alio

1228 1576 1338 1619 quovis
1364 1576 1492 1608 defectu
1517 1575 1633 1615 notari,
1659 1575 1856 1618 impugnari,
1880 1574 1969 1607 inva-

1228 1628 1333 1667 lidari,
1360 1629 1399 1660 ad
1426 1628 1582 1661 terminos
1608 1628 1687 1659 iuris
1707 1627 1834 1667 reduci,
1860 1627 1892 1659 in
1917 1627 1967 1660 ius

1228 1682 1275 1714 vel
1295 1681 1548 1714 controversiam
1565 1681 1723 1721 revocari,
1741 1685 1795 1713 aut
1815 1681 1968 1713 adversus

1228 1734 1301 1767 illas
1319 1734 1546 1777 quodcumque
1563 1734 1653 1772 iuris,
1674 1733 1747 1765 facti
1766 1735 1816 1766 vel
1834 1733 1969 1775 gratiae,

1229 1793 1282 1819 aut
1300 1787 1363 1819 oris
1382 1787 1573 1829 aperitionis
1592 1787 1781 1826 remedium,
1801 1786 1969 1829 impetrari

1229 1851 1326 1883 posse
1343 1852 1350 1880 ;
1370 1851 1431 1873 nec
1458 1851 1510 1873 eas
1537 1842 1596 1873 sub
1615 1839 1779 1883 quibusvis
1796 1840 1968 1880 unionum,

1230 1893 1460 1933 annexionum,
1486 1894 1799 1936 incorporationum,
1818 1903 1970 1936 suppres-

1230 1946 1376 1985 sionum,
1418 1945 1674 1985 extinctionum,
1715 1945 1969 1989 separationum,

1231 1999 1565 2037 disniembraiionum‚
1578 1999 1972 2041 applicationum,app1·o-

1231 2052 1441 2094 priationum,
1468 2053 1728 2092 translationum,
1751 2051 1968 2091 affectionum,

1231 2105 1328 2137 etiam
1355 2104 1501 2138 effectum
1534 2116 1626 2138 suum
1663 2116 1729 2138 non
1760 2105 1969 2144 sortiturum,

1231 2158 1435 2201 :illorumque
1476 2158 1631 2191 similium
1671 2159 1722 2190 vel
1764 2157 1970 2190 dissimilium

1231 2212 1406 2254 gratiarum
1441 2211 1714 2249 revocationibus,
1746 2210 1972 2253 suspensioni-

1230 2265 1309 2303 bus,
1348 2263 1616 2303 liniitationibus,
1653 2263 1970 2304 modificationibus,

1230 2323 1284 2349 aut
1308 2317 1379 2349 aliis
1405 2317 1577 2349 contrariis
1603 2316 1885 2359 dispositionibus,
1912 2326 1972 2359 per

1230 2381 1302 2410 nos,
1330 2381 1386 2403 seu
1408 2370 1487 2402 alios
1513 2370 1676 2402 Romanos
1703 2369 1872 2403 Pontifices
1897 2380 1972 2402 suc-

1230 2434 1380 2456 cessores
1407 2428 1552 2461 nostros,
1579 2428 1634 2455 aut
1659 2423 1776 2455 Sedem
1803 2422 1971 2462 eamdem,

1231 2476 1327 2508 etiam
1369 2486 1440 2508 cum
1482 2475 1651 2518 quibusvis
1688 2474 1971 2517 derogatoriarum

1231 2529 1457 2570 derogatoriis,
1495 2528 1633 2571 aliisque
1671 2527 1905 2560 efficacioribus
1940 2533 1972 2560 et

1230 2581 1371 2614 insolitis
1398 2580 1574 2620 clausulis,
1614 2590 1743 2612 necnon
1768 2579 1970 2612 irritantibus

1231 2639 1262 2666 et
1280 2633 1351 2666 aliis
1368 2633 1521 2674 decretis,
1538 2643 1597 2676 pro
1612 2638 1756 2675 ternpore
1771 2632 1864 2665 factis
1883 2642 1973 2675 prae-

1966 255 2017 279 An.
2040 252 2072 279 C.
2088 251 2159 281 ¹⁷30

2171 2219 2174 2226 <
2174 2199 2175 2208 ⁴
2172 2181 2176 2190 —
2171 2121 2176 2150 -νζ
2171 1960 2182 2111 κνῖ-ῌ-Α
2180 1970 2182 1974 .
2175 1914 2182 1956 -,,-
