2182 3137
177 277 229 305 An.
246 277 276 305 c.
300 277 367 306 1732
412 267 477 302 422

202 871 326 893 Exordium.

189 1400 299 1423 Benedicti
315 1402 359 1423 XIII

175 1429 292 1450 decretum⁴

694 325 798 359 LXIX.

372 406 592 449 Conlirmatur
617 407 718 439 Breve
743 406 910 439 Benedicti
926 406 1032 447 XIII,
1053 417 1116 450 quo

415 461 593 499 statuitur,
620 471 659 492 ne
684 460 759 503 quis
784 460 962 492 monachus
981 459 1116 493 Ordinis

417 514 659 547 carthusiensis
683 513 810 556 gratias
833 513 882 545 rel
907 513 1039 556 ofll'cia,
1067 514 1117 545 in-

414 567 572 599 consultis
600 567 743 599 eiusdem
770 566 906 601 Ordinis
941 567 1115 610 superiori-

415 620 493 659 hus,
521 620 559 653 ab
583 621 772 664 Apostoticci
807 620 886 653 Sede
919 621 1022 664 possit
1057 621 1116 653 im-

415 678 545 718 petrare
570 674 590 707 ¹.

580 747 716 774 clemens
738 747 819 780 Papa
841 747 910 780 XII,

489 790 525 817 ad
545 794 723 825 perpetuam
747 791 792 818 rei
812 792 995 818 memoriam.

415 861 457 894 Ex
485 861 630 894 iniuncto
656 861 750 895 nobis
765 862 900 895 caelitus
918 861 1114 905 apostolicae

371 915 536 948 servitutis
562 925 706 955 munere,
733 915 799 956 illa,
826 925 907 958 quae
926 926 942 947 a
964 914 1115 948 Romanis

326 981 333 987 ’·
372 967 581 1001 Pontificibus
600 968 912 1011 praedecessoribus
926 967 1114 1010 nostrispro

371 1022 457 1054 fellei
483 1021 764 1061 cliristifidelitun,
800 1021 915 1054 divinis
949 1021 1114 1064 obsequiis

371 1075 429 1107 sub
452 1075 538 1108 suavi
558 1074 729 1117 religionis
748 1075 822 1117 iugo
842 1075 1114 1118 mancipatorum,

370 1133 455 1161 statu
474 1129 698 1161 conservando
715 1134 746 1161 et
763 1128 899 1171 firmiter
918 1128 1115 1161 stabiliendo

370 1181 423 1224 pie
450 1181 650 1225 provideque
676 1190 843 1214 emanasse
870 1186 1059 1222 noscuntur,
1081 1186 1116 1213 ut

370 1234 516 1267 solidiori
544 1235 661 1268 robore
699 1241 906 1279 perennent,
944 1234 1114 1278 apostolici

371 1288 559 1322 muniminis
583 1289 774 1333 praesidio,
801 1300 873 1322 cum
899 1289 930 1322 id
968 1300 985 1322 a
1021 1288 1114 1322 nobis

370 1341 518 1386 petitur,
544 1342 685 1375 libenter
710 1342 970 1375 constabilimus.

415 1395 429 1438 ξ
455 1395 486 1428 1.
515 1395 600 1429 Alias
637 1395 795 1439 siquidem
831 1395 932 1429 felicis
964 1395 1116 1429 reeorda-

373 1448 469 1481 tionis
494 1449 670 1482 Benedicto
696 1449 754 1482 PP.
782 1449 848 1481 XIII
869 1448 1113 1492 praedecessori

372 1507 487 1535 nostro
523 1512 582 1545 pro
618 1508 710 1546 parte
744 1502 854 1535 dilecti
890 1502 945 1535 lilii
978 1502 1115 1535 Vincen-

372 1555 406 1588 tii
434 1556 551 1589 Diuelli
582 1555 802 1599 procuratoris
835 1555 998 1598 generalis
1024 1556 1114 1588 Ordi-

371 1609 421 1642 nis
446 1609 683 1642 Cartliusiensis
709 1610 875 1653 exposito,
902 1610 987 1653 quod
1014 1610 1113 1653 aliqui

372 1661 472 1705 ipsius
498 1662 627 1695 Ordinis
653 1663 823 1703 monaehi,
850 1662 1036 1696 ambitionis
1055 1663 1115 1706 spi-

373 1716 435 1748 ritu
462 1715 564 1756 ducti,
592 1715 696 1749 officia
722 1716 809 1749 ducti
835 1715 964 1749 Ordinis
989 1716 1028 1748 ab
1055 1716 1115 1748 bac

371 1770 489 1803 Sancta
514 1769 596 1803 Sede
620 1780 679 1813 per
704 1770 903 1813 importunas
926 1780 1040 1813 preces
1062 1769 1115 1801 im-

371 1829 498 1867 petrare
524 1833 588 1856 non
615 1823 861 1864 crubescebant,
885 1823 1115 1856 cummaxime

372 1877 531 1919 regularis
547 1876 738 1921 disciplinae
754 1877 970 1917 detrimento,
990 1888 1025 1910 ae
1043 1887 1115 1920 pro-

372 1936 485 1974 pterea
518 1930 623 1963 eidem
656 1930 831 1963 Benedicto
868 1930 1114 1974 praedecessori

371 1994 431 2027 pro
457 1989 547 2027 parte
586 1984 662 2017 dicti
699 1984 859 2017 Vincentii
896 1984 1114 2027 procuratoris

372 2038 535 2081 generalis
573 2037 753 2081 supplicato
794 2044 830 2070 ut
862 2038 894 2071 in
928 2037 1115 2081 praemissis

372 2096 558 2134 opportune
585 2090 756 2134 providere
786 2090 825 2124 de
860 2091 1062 2134 benignitate
1088 2101 1115 2123 a·

371 2144 530 2187 postolica
552 2144 766 2186 dignaretur:
801 2144 888 2178 idem
921 2144 1116 2178 Benedictus

372 2198 630 2241 praedecessor,
662 2197 899 2239 incommodis,
933 2197 1049 2241 quibus
1079 2199 1115 2230 ea

372 2251 411 2284 de
437 2253 532 2284 causa
557 2250 642 2284 Ordo
669 2251 857 2294 praedictus
887 2250 1112 2290 afficiebatur,

372 2304 499 2337 obviam
525 2305 572 2337 ire
599 2305 724 2345 volens,
747 2304 931 2337 huiusmodi
958 2303 1117 2347 supplica-

374 2357 516 2391 tionibus
542 2358 741 2399 inclinatus,
769 2368 808 2390 ne
835 2358 874 2390 de
900 2362 1008 2390 cetero
1044 2366 1116 2400 per-

372 2412 478 2456 petuis
518 2412 634 2444 suturis
674 2411 878 2455 temporibus
920 2411 1114 2454 quicumque

373 2465 447 2498 dieti
466 2464 593 2498 Ordinis
611 2465 790 2498 monachus
808 2475 825 2497 a
842 2464 1008 2507 praedicta
1032 2463 1114 2496 Sede

373 2518 508 2562 quodvis
545 2518 684 2551 officium
720 2529 776 2551 seu
808 2517 965 2561 gratiam,
992 2516 1115 2560 absque

372 2572 516 2615 speciali,
535 2572 598 2605 sive
624 2571 741 2615 prioris
766 2570 899 2604 maioris
918 2569 1113 2607 carthusiae,

408 2645 419 2671 1
443 2643 516 2671 lianc
536 2643 673 2671 Benedicti
695 2642 752 2670 xut
775 2642 824 2670 rP.
853 2641 992 2670 constitut.
1023 2641 1114 2677 legere

371 2688 448 2718 estin
461 2689 634 2725 praecedenti
651 2688 704 2717 vol.
721 2697 797 2717 num.
816 2694 922 2723 Lxxxw,
944 2695 1006 2724 pag.
1028 2687 1090 2715 248.

959 274 1138 302 BULLARIUM
1161 274 1318 301 ROMANUM

1906 270 1959 300 An.
1975 271 2004 300 C.
2026 272 2093 302 1732

1160 325 1210 358 vel
1236 323 1460 368 procuratoris
1487 321 1651 366 generalis
1677 333 1734 367 pro
1753 327 1898 367 tempore

1160 378 1327 412 existentis
1354 378 1499 411 eiusdem
1533 376 1679 417 Ordinis,
1706 375 1837 409 licentia
1870 381 1900 410 et

1160 442 1333 473 consensu⁷
1361 441 1494 475 quoquo
1519 431 1616 463 modo
1636 431 1810 474 impetrare
1828 439 1902 473 pos-

1160 491 1217 525 set,
1243 485 1377 518 auderet
1401 485 1449 517 vel
1468 489 1700 528 praesumeret,
1722 483 1902 526 apostolica

1159 540 1350 572 auctoritate
1377 538 1488 571 statuit
1513 543 1544 571 et
1568 537 1745 578 ordinavit,
1765 542 1796 570 et
1812 536 1901 577 alias,

1159 598 1256 635 prout,
1282 592 1311 624 in
1339 591 1508 624 memorati
1528 591 1689 624 Benedicti
1709 590 1902 634 praedeces-

1158 646 1241 678 soris
1276 645 1394 679 litteris
1432 645 1574 689 desuper
1609 645 1642 678 in
1675 644 1770 677 simili
1797 644 1901 676 forma

1160 699 1269 732 lii-evis
1295 699 1346 732 die
1372 709 1408 732 xx
1430 699 1554 742 augusti
1573 708 1723 733 mcccxxv
1741 696 1900 741 expeditis

1159 753 1290 785 uberius
1317 753 1512 786 continetur.

1203 808 1216 850 g
1243 807 1274 839 2.
1302 806 1379 840 Cum
1405 811 1538 847 autem,
1566 807 1649 839 sicut
1681 805 1785 839 (lictus
1822 805 1898 838 vin·
1929 813 2095 844 Asanrtiseimo

1159 860 1283 893 centius
1308 865 1504 904 procurator
1533 859 1695 903 generalis
1727 858 1822 892 nobis
1848 841 2095 891 n11-3335l'3321225¹‘⁰

1159 924 1218 956 per
1243 913 1360 957 exponi
1388 913 1460 946 fecit
1477 940 1484 953 ‚
1511 913 1579 957 ipse
1605 911 1782 956 praemissa
1799 938 1806 952 ,
1838 921 1901 955 quo

1159 966 1283 999 firmius
1309 966 1487 999 subsistant
1521 972 1552 999 et
1583 965 1804 999 inviolabilius
1837 975 1904 998 ser-

1159 1025 1298 1061 ventur,
1324 1020 1523 1063 apostolicae
1558 1018 1817 1053 confirmationis
1848 1028 1905 1051 no·

1159 1080 1243 1106 strae
1271 1074 1389 1106 robore
1407 1073 1599 1106 communiri
1621 1083 1833 1116 summopere
1853 1073 1905 1105 de·

1160 1127 1301 1160 sideret:
1328 1137 1388 1160 nos
1409 1153 1416 1166 ,
1441 1126 1616 1170 specialem
1647 1126 1708 1170 ipsi
1734 1125 1903 1159 Vincentio

1160 1180 1367 1224 procuratori
1394 1180 1538 1223 generali
1565 1179 1699 1223 gratiam
1724 1180 1831 1213 facere
1849 1189 1905 1212 vo-

1160 1235 1265 1267 lentes
1282 1262 1289 1272 ,
1316 1244 1455 1278 eumque
1481 1245 1498 1267 a
1523 1233 1690 1277 quibusvis
1720 1243 1906 1266 exeommu-

1160 1288 1357 1329 nicationis‚
1395 1287 1620 1332 suspensionis
1657 1292 1688 1320 et
1722 1285 1904 1326 interdicti,

1161 1340 1299 1384 aliisque
1311 1339 1540 1373 ecclesiasticis
1561 1337 1739 1377 sententiis,
1759 1337 1904 1371 censuris

1161 1399 1192 1427 et
1216 1394 1340 1438 poenis,
1360 1394 1460 1426 aiure
1487 1394 1537 1427 vel
1563 1393 1602 1426 ab
1628 1392 1770 1432 homine,
1791 1391 1903 1436 quavis

1161 1448 1331 1481 occasione
1353 1448 1403 1481 vel
1423 1449 1518 1480 causa
1542 1447 1623 1486 latis,
1645 1446 1669 1479 si
1692 1445 1807 1490 quibus
1825 1455 1906 1489 quo·

1160 1502 1342 1535 modolibet
1366 1501 1540 1534 innodatus
1559 1500 1676 1541 existit,
1698 1499 1737 1532 ad
1755 1498 1904 1532 effectum

1160 1555 1383 1599 praesentium
1415 1555 1580 1588 dumtaxat
1609 1552 1872 1597 consequendum
1897 1578 1904 1592 ,

1161 1609 1274 1641 harum
1308 1608 1391 1641 serie
1422 1607 1624 1640 absolventes
1661 1611 1693 1640 et
1722 1605 1903 1639 absolutum

1160 1662 1227 1694 sore
1246 1666 1430 1701 censentes,
1449 1659 1745 1704 supplicationibus
1763 1658 1832 1692 eius
1849 1668 1905 1692 no-

1160 1714 1245 1748 mine
1272 1715 1366 1747 nobis
1391 1725 1489 1758 super
1514 1714 1577 1747 hoc
1602 1713 1770 1746 humiliter
1794 1721 1905 1756 porre-

1160 1768 1219 1801 ctis
1245 1767 1406 1807 inclinati,
1426 1767 1611 1810 praedictas
1629 1765 1794 1799 Benedicti
1814 1775 1905 1809 prac-

1160 1821 1343 1855 decessoris
1368 1821 1502 1861 litteras,
1530 1820 1704 1863 omniaque
1727 1824 1758 1852 ct
1776 1818 1905 1861 singula

1161 1875 1191 1908 in
1218 1875 1265 1908 eis
1292 1880 1464 1915 contenta,
1492 1874 1576 1908 dicta
1608 1872 1797 1907 auctoritate
1815 1898 1822 1912 ,
1860 1876 1905 1905 tc-

1160 1940 1240 1962 nore
1258 1929 1490 1973 praesentium,
1512 1933 1671 1972 perpetuo
1685 1926 1905 1970 approbamus

1161 1987 1192 2015 et
1217 1982 1475 2020 confirmamus,
1502 1981 1631 2024 illisque
1657 1978 1854 2012 inviolabilis
1873 1988 1906 2011 a·

1159 2035 1338 2079 postolicae
1364 2035 1524 2068 firmitatis
1549 2034 1650 2068 robur
1676 2032 1857 2067 adiicimus.

1204 2089 1218 2132 g
1243 2088 1275 2122 3.
1303 2089 1533 2128 Deccrnentes,
1558 2087 1688 2121 easdem
1711 2089 1903 2130 praesentes

1161 2142 1287 2176 litteras
1308 2152 1439 2186 semper
1456 2142 1576 2182 firmas,
1598 2141 1720 2174 validas
1742 2145 1774 2173 et
1800 2138 1905 2173 effica-

1160 2207 1212 2229 ces
1238 2195 1378 2229 existere
1404 2201 1436 2229 et
1461 2196 1544 2236 sore,
1569 2205 1710 2238 suosque
1736 2192 1904 2238 plenarios

1161 2255 1193 2282 ct
1217 2249 1363 2292 integros
1390 2248 1522 2282 effectus
1548 2248 1656 2281 sortiri
1686 2253 1718 2281 et
1742 2247 1904 2287 obtinere,

1160 2314 1197 2336 ac
1228 2303 1267 2336 ab
1306 2303 1390 2343 illis,
1422 2303 1460 2335 ad
1498 2312 1580 2345 quos
1617 2305 1743 2345 spectat
1778 2306 1810 2334 et
1844 2310 1904 2344 pro

1161 2361 1308 2400 tempore
1342 2356 1617 2400 quandocumque
1653 2354 1837 2398 spectabit,
1871 2353 1905 2386 in

1159 2410 1309 2444 omnibus
1328 2414 1360 2444 et
1384 2420 1444 2453 per
1464 2410 1574 2442 omnia
1599 2408 1832 2442 inviolabiliter
1849 2407 1907 2441 ob-

1159 2463 1299 2505 servari,
1326 2463 1437 2507 sieque
1463 2463 1495 2496 in
1521 2462 1711 2506 praemissis
1730 2471 1791 2506 per
1812 2471 1906 2504 quos-

1159 2528 1297 2560 cumque
1324 2517 1449 2550 iudices
1474 2517 1659 2550 ordinarms
1679 2520 1710 2548 et
1727 2515 1903 2557 delegatOS,

1159 2571 1257 2604 etiam
1284 2581 1454 2604 causarum
1478 2569 1591 2613 palatii
1613 2566 1786 2612 apostolici
1812 2567 1906 2600 audi-

1159 2630 1243 2658 tores
1263 2651 1270 2664 ,
1307 2623 1444 2656 iudicari
1471 2627 1503 2656 et
1529 2621 1657 2656 definiri
1692 2621 1832 2661 debere,
1868 2629 1906 2653 ac

1157 2677 1286 2712 irritum
1315 2682 1346 2712 et
1380 2676 1478 2710 inane
1503 2675 1529 2710 si
1562 2685 1654 2710 secus
1679 2683 1778 2720 super
1811 2673 1862 2708 liis
1886 2683 1905 2709 a

1943 2093 2064 2118 ctausutae.
