2182 3137
0 2674 15 2733 ‘l

0 2740 15 2753 „

99 248 147 275 Aa.
163 244 193 272 C.
216 242 284 271 ⁴733

292 301 411 332 praeses
427 302 490 323 eam
508 293 691 332 concionem,
709 301 795 332 quam
815 296 929 322 tenetur
947 292 1035 322 habe-

292 351 336 379 re,
351 342 488 372 idiomate
505 341 641 372 omnibus
657 341 806 372 communi
824 350 876 381 per
891 350 921 371 se
939 341 1034 380 ipsum
1056 332 1058 343 ¹

293 390 417 428 habeam
445 395 473 421 et
499 391 625 430 peractis
649 395 747 430 postea
763 414 770 428 ,
794 399 868 430 quae
891 399 904 419 a
929 391 1036 419 nostris

293 439 554 470 constitutionibus
581 440 790 479 disponuntur,
818 439 902 468 modo
926 448 959 468 eo
983 439 1038 468 ibi-

293 489 358 518 dem
375 489 527 528 disposito,
546 489 595 519 fiat
614 489 740 518 ministri
757 487 902 526 generalis
921 488 1035 516 electio.

335 546 415 567 xxttt.
439 538 520 573 Quod
553 543 617 577 post
651 546 787 576 vesperas
815 536 944 565 eiusdem
980 536 1037 565 diei

294 591 511 624 congregentur
533 586 562 615 in
586 586 654 616 aula
686 585 841 625 capitulari
874 584 988 614 vocales
1011 594 1040 614 o-

296 643 378 663 nmes
401 634 481 663 illius
504 634 643 670 familiae,
669 643 720 673 pro
743 644 799 673 qua
833 633 969 662 minister
992 642 1040 670 ge-

296 682 405 712 neralis
428 684 533 721 spirat,
553 687 581 712 et
604 683 737 722 praeside
753 682 866 718 eodem,
884 682 933 720 qui
951 681 1039 711 totius

297 732 416 771 capituli
440 741 556 771 praeses
579 731 678 769 suerit,
702 736 790 770 atque
806 731 862 760 sibi
878 730 979 760 electis
996 739 1040 760 se-

298 781 424 811 cretario
447 785 474 811 et
497 780 713 811 scrutatoribus
727 781 810 811 modo
830 780 920 818 diem,
939 789 1040 810 omnes

298 829 384 860 simul
416 829 558 859 canonice
587 830 698 868 eligant
727 829 963 859 commissarium
993 838 1042 867 ge·

300 878 431 908 neralem
455 878 488 907 ad
513 878 675 908 triennium
708 878 876 908 immediate
910 878 1040 907 futurum

300 936 353 967 pro
375 928 428 956 sua
451 931 479 957 et
502 936 539 956 ex
561 928 612 956 sna
636 926 745 956 familia
779 931 962 966 assumptum
996 935 1042 955 eo-

300 976 364 1006 dem
399 976 484 1006 modo
506 985 538 1005 ac
562 976 631 1014 ritu,
656 975 764 1015 quibus
788 977 924 1006 minister
955 985 1043 1014 gene-

299 1025 370 1055 ralis
392 1025 509 1056 Ordinis
532 1030 599 1055 ante
623 1026 778 1064 prandium
802 1025 912 1055 electus
935 1025 1040 1055 suerat.

340 1082 419 1104 xxiv.
444 1073 525 1109 Quod
548 1074 683 1114 sequenti
706 1074 769 1112 die,
795 1074 929 1103 videlieet
952 1073 1044 1103 domi-

300 1123 380 1161 nica,
413 1127 631 1161 congregentur
663 1132 765 1153 omnes
788 1123 939 1162 utriusque
960 1122 1044 1152 sami-

301 1172 356 1203 liae
380 1172 494 1202 vocales
515 1176 543 1201 et
566 1172 702 1201 similiter
725 1182 776 1211 per
798 1175 909 1201 secreta
940 1171 1042 1200 sutfra-

301 1221 348 1259 gia
371 1221 480 1259 eligant
501 1221 536 1250 ad
560 1221 690 1250 saturum
714 1221 890 1250 sexennium
913 1229 964 1250 sex
997 1220 1045 1250 de·

302 1271 435 1300 finitores
457 1270 608 1309 generales
632 1270 766 1308 Ordinis,
791 1271 841 1309 qui
864 1279 981 1309 semper
1003 1279 1045 1299 as-

300 1319 437 1350 sumendi
460 1324 546 1350 erunt
568 1330 604 1349 ex
624 1319 732 1349 familia
751 1319 878 1350 ministri
901 1319 1045 1358 generalis

301 1368 417 1399 noviter
439 1368 537 1399 electi.

342 1426 411 1447 xxv.
435 1417 516 1453 Quod
541 1417 678 1447 similiter
700 1421 764 1456 post
787 1427 926 1457 vesperas
958 1416 1046 1446 liuius

302 1466 360 1497 diei
388 1471 604 1505 congregentur
638 1475 738 1497 omnes
770 1467 820 1506 qui
852 1466 1046 1496 commissarii

303 1516 449 1554 generalis
472 1516 581 1546 suerint
603 1515 696 1556 pridie
719 1516 874 1553 etectores,
892 1520 919 1545 et
935 1525 972 1545 ex
993 1516 1047 1544 sua

304 1565 417 1595 familia
439 1569 468 1595 et
490 1574 542 1605 pro
565 1566 601 1595 ea
623 1574 673 1594 sex
697 1565 771 1594 alios
804 1564 973 1594 definitores
1001 1574 1048 1603 ge-

304 1613 420 1644 nerales
444 1614 570 1644 familiae
593 1614 703 1652 eligant
735 1613 770 1643 ad
794 1613 925 1643 futurum
959 1613 1049 1643 trien-

306 1663 409 1702 nium,
434 1663 483 1703 qui
507 1673 560 1693 nec
583 1663 680 1693 vocari
703 1663 815 1702 possint
837 1672 890 1692 nee
921 1671 952 1692 re
984 1663 1048 1701 ipsa

307 1716 394 1743 erunt
414 1712 584 1742 definitores
607 1711 761 1750 generales
784 1711 913 1741 Ordinis.

133 1773 168 1804 ‚oa
190 1773 294 1794 electione
346 1770 423 1791 xxvi.
446 1761 527 1796 Quod
550 1759 754 1790 definitoribus
776 1760 913 1790 omnibus
935 1760 1048 1797 electis,

111 1799 500 1849 {¹:32¹ssss&gbffssicongregetur
524 1814 581 1839 tota
606 1809 725 1848 solaque
753 1809 861 1838 familia
895 1809 1050 1839 intra-llis-

112 1853 394 1907 3325332⁶⁰¹'‘⁰’pana‚
418 1864 446 1890 et
470 1859 602 1899 praeside
626 1859 726 1889 eodem
749 1859 871 1899 capituli
892 1859 1048 1898 generalis,

309 1909 450 1940 canonice
473 1913 501 1938 et
529 1907 563 1938 ad
597 1908 756 1938 triennium
787 1917 823 1938 ex
856 1909 911 1938 sua
940 1907 1052 1937 familia

310 1959 399 1997 eligat
422 1958 589 1988 ministrum
613 1958 706 1988 nostri
736 1961 898 1988 conventus
926 1957 1051 1987 Romani

310 2007 340 2039 S.
364 2007 475 2044 Caroli3
498 2010 527 2037 et
550 2010 648 2046 postea
672 2006 799 2045 familia,
831 2015 864 2036 ex
889 2014 944 2045 qua
968 2005 1053 2035 mini-

308 2060 368 2087 ster
384 2055 531 2095 generalis
547 2055 648 2094 spirat,
667 2055 802 2085 similiter
818 2055 958 2085 canonice
974 2060 1000 2084 et
1017 2054 1050 2084 ad

311 2105 471 2136 triennium
495 2105 584 2142 eligat
606 2113 639 2134 ex
663 2105 717 2133 suo
743 2104 857 2133 familia
884 2103 1052 2133 ministrum

310 2147 403 2186 nostri
425 2154 545 2192 Collegii
564 2154 689 2183 Romani
706 2153 740 2183 de
763 2153 955 2192 Propaganda
970 2152 1050 2182 Fide.

143 2211 172 2234 ne
197 2213 300 2242 nncnone
351 2212 439 2234 xxvn.
457 2203 537 2239 Quod
554 2203 721 2233 immediate
740 2202 810 2232 seria
826 2202 955 2232 secunda
970 2201 1052 2231 sami-

116 2242 300 2287 iiiiiiirsii'r‘tiiffles
311 2252 349 2284 lia
364 2253 490 2283 ministri
507 2252 653 2291 generalis
673 2251 721 2290 qui
743 2251 846 2290 spirat,
859 2250 933 2280 albis
948 2249 1053 2287 nigris-

312 2311 369 2341 que
391 2301 518 2340 globulis
541 2305 590 2331 aut
622 2300 730 2339 lapillis
763 2299 943 2338 assumptis,
967 2299 1055 2336 eligat

313 2355 535 2396 procuratorem
569 2349 736 2388 generalem
765 2347 886 2378 Ordinis
920 2357 972 2387 pro
1000 2348 1055 2378 lio-

313 2402 400 2430 man-:t
421 2400 508 2430 Curia
524 2409 559 2429 ex
582 2400 635 2428 sua
652 2397 760 2428 familia
785 2401 982 2436 assumptum,
1008 2397 1055 2426 eui

312 2453 404 2480 totum
428 2448 611 2488 capitulum,
634 2451 789 2486 antequam
823 2446 963 2484 finiatur,
986 2446 1055 2475 dare

313 2497 462 2529 tenebitur
484 2497 601 2529 Ordinis
624 2496 792 2526 mandatum
816 2495 965 2533 generalis
989 2505 1055 2534 pro-

314 2556 414 2578 curae.

145 2609 247 2632 Etuniuoe
264 2615 303 2631 cu·
355 2604 454 2626 xxvnt.
478 2594 587 2626 Deinde
609 2594 718 2625 familia
752 2593 879 2624 ministri
913 2593 1057 2632 generalis

120 2637 194 2665 ¹¹¹'‘¹'¹⁰
204 2638 304 2660 ‘mm'
315 2644 411 2682 electi,
436 2644 566 2684 praeside
589 2644 689 2675 eodem
713 2642 847 2684 capituli,
872 2642 1007 2674 similiter
1023 2651 1057 2672 ex

131 1090 161 1111 De
183 1089 288 1110 eles-tione

104 1122 205 1138 novorum
216 1116 288 1137 defini-

104 1147 180 1165 torum.

912 244 1055 268 emimus
1082 244 1127 268 xn
1152 245 1201 268 1¹1¹.
1719 233 1783 267 555

1831 244 1879 269 An.
1897 244 1924 269 C.
1952 244 2018 271 2733

1079 294 1129 322 saa
1154 293 1264 323 familia
1286 293 1374 331 eligat
1398 296 1620 332 procuratorem
1653 291 1820 330 generalem

1079 343 1205 373 familiae
1227 352 1296 373 suae
1319 353 1371 383 pro
1387 343 1467 373 illius
1490 343 1615 381 negotiis
1638 342 1666 372 in
1690 342 1823 371 Romana

1080 393 1167 423 Curia
1191 393 1381 433 exequendis,
1405 393 1452 423 eui
1475 393 1562 422 etiam
1586 396 1653 422 ante
1670 391 1756 421 finem
1775 400 1822 420 ca-

1081 442 1164 480 pituli
1188 441 1268 471 dabit
1291 450 1376 471 suum
1401 441 1570 471 mandatum
1596 449 1738 480 procurae
1756 448 1821 469 cum

1082 491 1217 528 expressa
1241 489 1437 528 prohibitione
1460 490 1513 519 sub
1531 494 1686 529 pras-cepto
1709 488 1823 518 formali

1083 547 1118 568 ne
1141 538 1169 567 in
1194 538 1398 567 communibus
1415 539 1539 576 negotiis
1556 538 1707 576 religionis
1723 547 1753 566 se
1772 538 1824 566 im-

1083 587 1214 623 misceat,
1238 596 1292 616 nec
1316 586 1404 616 verbo
1426 592 1476 616 aut
1499 587 1607 626 scripto
1624 596 1637 615 a
1662 596 1691 615 se
1715 590 1763 615 aut
1787 585 1823 615 ab

1083 635 1147 664 aliis
1170 645 1239 664 suae
1262 635 1389 665 familiae
1407 636 1630 673 cognominetur
1653 640 1826 674 procurator

1083 684 1230 722 generalis
1253 684 1382 714 Ordinis.

1124 742 1202 762 xxix.
1226 733 1305 768 Quod
1330 733 1404 762 seri-:2
1427 734 1514 763 tertia
1546 733 1692 773 quaelibet
1716 733 1825 763 familia
1866 748 1894 769 Μ
1927 748 2022 771 mamm.

1084 782 1206 812 seorsim
1230 791 1264 811 ex
1287 781 1419 821 qualibet
1443 782 1591 821 provincia
1610 784 1665 812 sua
1686 782 1756 812 duas
1779 776 2022 829 ὀο-ᾖξἰζζξυῐίζζζζζῖζζ“’”

1086 840 1147 861 mos
1170 831 1315 869 designet,
1333 841 1407 870 quae
1423 831 1600 870 capitulares
1622 832 1830 870 cognominen-

1087 884 1146 918 tur,
1170 885 1213 918 ut,
1238 880 1288 920 qui
1312 880 1422 910 suerint
1444 889 1544 910 earum
1569 880 1707 917 ministri,
1728 881 1830 910 imme-

1086 930 1164 959 diate
1187 934 1254 960 ante
1277 929 1437 969 capitulum
1460 929 1597 968 generale
1627 928 1756 967 Ordinis,
1780 933 1830 957 aut

1087 978 1213 1008 familiae
1236 987 1327 1015 suae,
1352 978 1381 1007 in
1405 978 1496 1008 solius
1518 977 1670 1008 electionis
1693 977 1722 1007 in
1745 977 1832 1006 mini-

1087 1032 1161 1057 stros
1184 1036 1284 1057 earum
1307 1027 1458 1057 domorum
1481 1026 1553 1057 socii
1585 1026 1644 1056 sint
1665 1026 1698 1055 ad
1721 1026 1833 1065 capitu-

1088 1076 1147 1105 lum
1170 1076 1307 1114 generale
1339 1076 1490 1112 suturum;
1514 1076 1587 1105 itaut
1616 1075 1750 1105 minister
1781 1075 1832 1104 do-

1088 1134 1172 1162 mus,
1198 1125 1279 1164 prius
1301 1124 1330 1154 in
1355 1124 1410 1154 hoe
1432 1124 1561 1164 capitulo
1583 1124 1769 1162 designatae,
1794 1124 1831 1152 sit

1089 1174 1201 1213 primus
1224 1175 1332 1211 socius,
1357 1178 1385 1204 et
1407 1174 1436 1203 in
1459 1173 1587 1212 capitulo
1610 1174 1708 1203 saturo
1730 1173 1834 1202 suffra·

1089 1223 1167 1262 gium
1201 1223 1327 1259 habeat3
1361 1227 1389 1253 et
1423 1223 1559 1253 minister
1594 1222 1687 1260 alter,
1721 1222 1834 1251 scilicet

1089 1272 1191 1302 domus
1214 1272 1360 1312 posterius
1379 1272 1557 1310 designatae,
1574 1280 1625 1310 pro
1648 1270 1749 1300 eadem
1768 1280 1834 1309 pro-

1090 1321 1184 1350 vincia
1207 1321 1245 1350 sit
1278 1321 1377 1350 socius
1410 1320 1559 1350 secundus
1581 1324 1609 1350 et
1631 1319 1661 1349 in
1684 1319 1832 1349 desectum

1090 1369 1215 1399 alicuius
1237 1369 1421 1408 capitularis.

1131 1428 1198 1449 xxx.
1222 1418 1303 1454 Quod
1335 1418 1359 1448 si
1388 1418 1474 1448 suerit
1497 1418 1593 1458 aliqua
1627 1417 1730 1448 domus
1753 1422 1834 1448 extra

1091 1467 1295 1507 provinciam,
1320 1472 1436 1507 praeter
1458 1468 1552 1498 dictas
1573 1467 1601 1498 S.
1625 1467 1720 1498 Caroli
1751 1471 1779 1497 et
1801 1467 1835 1497 de

1092 1517 1280 1556 Propagandi·
1296 1541 1303 1555 ,
1341 1521 1370 1547 et
1405 1516 1539 1546 minister
1571 1516 1651 1546 illius
1694 1516 1834 1545 maiorem

1092 1570 1204 1606 partem
1227 1565 1348 1595 triennii
1380 1569 1444 1605 post
1473 1574 1556 1594 suam
1579 1565 1753 1594 electionem
1787 1574 1836 1594 ex-

1092 1614 1237 1654 pleverit,
1263 1614 1370 1643 familia
1395 1614 1456 1651 illa,
1481 1614 1514 1642 ad
1539 1621 1626 1653 quam
1648 1613 1751 1642 domus
1773 1621 1838 1652 per-

1092 1663 1196 1701 tineat,
1221 1663 1390 1692 ministrum
1413 1662 1502 1700 eligat
1525 1662 1555 1691 in
1578 1662 1679 1691 eodem
1707 1661 1837 1700 capitulo

1092 1711 1223 1750 generali
1246 1711 1280 1741 ad
1314 1711 1495 1748 triennium,
1519 1710 1587 1750 quia
1621 1713 1720 1749 postea
1755 1710 1837 1740 finito

1093 1760 1222 1791 trienni0
1256 1760 1290 1789 ad
1313 1759 1512 1790 definitorium
1545 1759 1672 1788 familiae
1707 1768 1758 1798 pro
1782 1758 1838 1788 alio

1094 1809 1222 1839 triennio
1245 1818 1338 1848 usque
1361 1808 1394 1837 ad
1419 1808 1579 1848 capitulum
1613 1808 1750 1846 generale
1773 1816 1838 1846 per-

1095 1857 1199 1888 tinebit
1223 1857 1340 1888 electio.

1134 1916 1213 1936 xxxi.
1237 1906 1319 1942 Quod
1354 1906 1515 1936 electiones
1548 1905 1755 1935 ministrorum
1789 1905 1839 1935 lio-

1095 1966 1161 1987 rum
1184 1956 1214 1985 in
1237 1955 1366 1995 capitulo
1382 1955 1513 1993 generali
1531 1959 1667 1994 poterunt
1691 1954 1754 1984 fieri
1773 1955 1838 1984 sine

1095 2004 1237 2034 scrutinio
1254 2013 1288 2034 ex
1305 2002 1442 2033 omnibus
1465 2003 1553 2042 aptis,
1572 2003 1652 2042 quia,
1678 2002 1840 2042 propositis

1096 2053 1226 2093 quinque
1249 2062 1284 2083 ex
1307 2053 1384 2092 aptis
1414 2062 1428 2082 a
1455 2052 1623 2082 definitorio
1652 2052 1838 2092 provinciae,

1096 2111 1131 2132 ex
1154 2112 1209 2142 qua
1233 2101 1386 2140 eligendus
1409 2101 1517 2131 assumi
1540 2100 1654 2139 debeat,
1678 2101 1786 2131 familia
1810 2101 1840 2130 in

1095 2161 1130 2182 eo
1153 2151 1281 2191 capitulo
1300 2151 1408 2190 eligere
1431 2150 1538 2190 poterit
1557 2160 1642 2190 quem
1668 2150 1841 2180 iudicaverit

1097 2200 1275 2239 eligendum.

1136 2259 1228 2279 xxxii.
1266 2249 1346 2284 Quod
1385 2249 1420 2278 ad
1461 2249 1653 2279 removendas
1686 2248 1840 2288 opiniones
1889 2262 2036 2284 effla-,mmmm

1097 2304 1198 2330 contra
1221 2298 1448 2333 observantiam,
1473 2303 1564 2328 totum
1587 2298 1748 2337 capitulum
1771 2291 2036 2338 con-RJffsJss⁰¹LijssNJsfffj

1099 2350 1217 2379 firmare
1233 2348 1317 2378 debet
1334 2347 1432 2377 onmia
1449 2351 1601 2386 praecepta
1618 2347 1750 2376 formalia
1767 2345 1940 2386 quae¹⁵⁰¹'¹¹¹'··

1099 2399 1128 2428 in
1151 2397 1261 2427 nostris
1283 2395 1545 2426 constitutionibus
1568 2395 1770 2425 continentur.

1140 2455 1240 2476 xxxin.
1264 2445 1344 2480 Quod
1366 2449 1430 2474 octo
1453 2448 1550 2484 postea
1586 2444 1779 2482 designentur
1809 2454 1842 2474 ex

1100 2496 1244 2526 ministris
1268 2494 1496 2535 provincialibus
1532 2493 1696 2524 actualibus
1728 2498 1755 2524 et
1777 2494 1846 2523 defi-

1101 2544 1246 2575 nitoribus
1262 2543 1401 2581 familiae,
1419 2544 1464 2573 et¹
1482 2544 1542 2573 unii
1557 2552 1623 2572 cum
1640 2542 1845 2573 definitoribus

1101 2593 1287 2633 generalibus
1320 2592 1437 2622 Ordinis
1471 2596 1649 2622 concurrant
1680 2591 1713 2621 ad
1748 2600 1845 2622 eorre-

1140 2649 1146 2674 t
1172 2647 1266 2683 Aptius
1286 2646 1345 2682 lege
1366 2645 1416 2682 qui
1436 2654 1485 2682 pro
1505 2648 1531 2675 el
1549 2646 1589 2681 (a.
1606 2645 1655 2671 ·r.l.
