2182 3137
14 224 69 250 §An-
81 221 112 248 C.
133 219 201 246 1730

843 219 985 242 CLEMENS
1013 220 1058 242 ΧΠ
1083 221 1133 243 ΡΡ.

211 271 326 298 veteres
349 267 519 306 christiani,
549 267 651 297 mundi
679 267 715 296 ab
738 266 817 296 omni
841 266 956 295 macula.

211 322 240 347 et
261 317 421 347 infectione
448 317 638 354 iudaeorum,
662 324 887 351 saracenorum,
912 324 957 344 re-

211 371 347 396 centesve
381 374 587 395 conversorum
603 389 610 402 ,
635 369 684 394 aut
707 365 829 394 alterius
858 364 956 393 cuius-

211 424 337 454 cumque
360 419 455 444 sectae
478 413 672 452 reprobatae3
695 413 720 442 si
744 413 803 441 sint
829 412 871 441 vel
896 413 956 441 sue-

209 463 270 493 rint
302 463 387 492 liberi
420 467 469 492 aut
502 462 601 498 servi;
636 462 659 490 si
685 461 893 500 recipiendus,
919 461 956 490 sit

210 515 298 541 natus
321 519 357 540 ex
380 510 568 540 matrimonio
592 510 722 548 legitimo
737 522 743 546 3
760 510 784 538 si
803 509 956 539 matrimo-

209 560 259 590 nio
282 560 320 589 sit
341 559 460 597 ligatus,
484 559 593 588 illudve
612 559 787 588 contrahere
812 558 955 597 promise-

209 609 260 646 rit,
286 611 336 637 aut
358 607 479 637 alterius
503 607 623 637 Ordinis
645 608 682 636 sit
702 607 869 644 religiosus.

265 657 295 686 Si
318 661 361 686 est
385 656 477 686 maior
500 656 646 685 sexdecim
670 665 825 692 annorum,
850 656 955 685 iterum

212 705 425 735 examinetur:
461 705 484 734 si
518 705 635 744 aliquod
669 704 797 734 obtinuit
827 705 954 734 osticium

211 754 258 784 vel
281 764 387 784 munus
411 753 545 793 publicae
562 763 613 782 seu
631 754 818 792 particularis
833 753 956 783 admini-

209 803 374 840 strationis,
398 802 482 832 cuius
501 807 636 842 computa
661 802 784 831 reddere
802 807 955 839 teneatur,

210 851 235 881 si
257 861 324 881 aere
348 852 443 880 alieno
463 855 491 880 ct
513 851 621 880 debitis
638 856 786 889 gravetur,
804 861 878 890 quae
894 852 955 881 suis

209 900 398 930 facultatibus
421 900 586 939 persolvere
615 901 734 929 omnino
759 910 815 929 non
841 900 952 939 pessit3

209 949 234 978 si
256 949 353 988 aliqua
371 949 469 987 gravia
494 952 521 977 et
544 949 675 977 enormia
698 949 804 977 delicta
833 949 955 977 commi-

210 997 292 1034 serit,
318 997 352 1027 de
385 997 493 1036 quibus
516 997 551 1026 ab
575 997 673 1036 aliquo
706 998 804 1026 iudice
829 998 867 1027 sit
891 1007 955 1037 pro-

208 1051 352 1082 cessatus,
379 1047 423 1076 vel
447 1047 608 1085 processuri
637 1051 665 1076 et
687 1047 820 1076 damnari
854 1047 955 1076 timea-

210 1099 279 1132 tur3
303 1095 328 1124 si
351 1105 440 1125 sanus
455 1096 492 1124 sit
508 1104 643 1134 corpore,
662 1096 705 1124 rel
724 1095 810 1124 habet
826 1096 954 1134 aliquam

210 1144 412 1174 infirmitatem
445 1144 588 1173 actualem
622 1144 667 1173 vel
701 1143 881 1173 habitualem
911 1155 955 1175 oc-

210 1193 331 1230 cultam,
356 1202 413 1232 qua
435 1192 572 1231 impediri
590 1193 680 1231 possit
700 1203 713 1221 a
731 1194 792 1222 vit-[t
807 1194 956 1223 communi

211 1242 373 1271 monastica
396 1245 424 1270 et
445 1241 584 1278 regulari,
605 1241 727 1280 eiusque
750 1241 957 1281 asperitatibus

213 1290 386 1320 tolerandis.

271 1338 301 1369 Si
324 1339 378 1368 hoc
401 1338 534 1367 examine
560 1339 727 1368 constiterit
754 1339 956 1378 recipiendum

212 1388 321 1418 habere
345 1388 472 1426 aliquem
495 1387 640 1416 desectum
657 1397 695 1416 ex
712 1388 813 1417 relatis
830 1388 858 1417 in
877 1398 959 1427 prae-

211 1437 300 1467 dictis
332 1436 636 1474 interrogationibus,
660 1436 779 1465 onmino
813 1436 916 1466 debeat
944 1447 958 1466 a

215 1484 327 1523 priore,
344 1483 506 1522 prudenter
525 1486 622 1512 tamen
640 1487 667 1512 et
684 1483 818 1520 discrete,
836 1484 957 1523 repelli,

213 1542 268 1562 nec
281 1532 439 1562 conventui
459 1532 593 1571 proponi,
611 1532 664 1561 sub
679 1534 769 1571 poena
787 1533 960 1571 privationis

214 1582 294 1611 vocis
326 1581 438 1610 activae
466 1585 494 1610 et
521 1581 664 1619 passivae,
689 1582 820 1610 onmium
849 1582 959 1612 officio-

213 1639 291 1668 rum,
315 1630 473 1668 graduum,
499 1629 643 1659 honorum
667 1634 695 1659 et
718 1630 906 1667 dignitatum,
933 1635 960 1660 et

212 1678 409 1708 inhabilitatis
433 1681 592 1717 perpetuae
614 1678 648 1707 ad
677 1678 748 1707 haec
771 1683 799 1708 et
820 1679 875 1708 alia
906 1679 959 1711 im-

215 1732 364 1767 posterum
387 1726 568 1763 obtinenda3
591 1730 618 1756 et
641 1727 664 1755 si
687 1728 775 1757 fuerit
798 1728 871 1757 sacta
896 1737 961 1767 pro-

215 1776 335 1815 positio,
366 1776 483 1805 easdem
515 1785 623 1815 poenas
649 1776 801 1805 incurrant
834 1777 962 1806 scienter

215 1825 405 1865 recipientes,
422 1825 505 1854 iuxta
528 1825 767 1855 constitutionem
790 1826 865 1855 Sixti
890 1826 911 1855 V
934 1830 962 1855 et

215 1874 427 1903 moderatori-as
444 1873 576 1911 Gregorii
592 1873 652 1903 XIV
670 1878 698 1903 et
714 1874 872 1904 Clementis
888 1875 960 1909 Ylll,

215 1933 290 1962 quae
313 1932 364 1961 pro
388 1922 565 1961 recipiendis
597 1923 626 1952 in
660 1923 790 1962 qualibet
820 1924 963 1961 religione

216 1977 414 2006 emanarunt,
440 1977 592 2010 postquam
628 1973 776 2010 praedicta
800 1973 896 2001 onmia
928 1983 963 2003 ex

216 2022 316 2050 nostra
340 2021 483 2050 diuturna
506 2021 719 2050 consuetudine
746 2022 803 2050 iam
828 2021 963 2051 observa-

217 2069 335 2098 bantur.

278 2117 327 2147 Sin
351 2127 420 2147 vero
443 2117 629 2156 recipiendus
661 2118 774 2147 nullum
804 2128 839 2148 ex
866 2119 911 2148 his
934 2129 964 2149 se

217 2165 325 2196 habere
358 2166 503 2196 desectum
527 2166 645 2204 dixerit,
670 2175 808 2205 responsa
832 2167 912 2196 illius
935 2167 964 2197 in

219 2215 381 2245 summario
405 2214 585 2252 scribantur,
610 2219 823 2254 moneaturque
855 2220 882 2245 et
904 2226 965 2246 cer-

221 2264 348 2293 tificetur
370 2263 432 2302 ipse
448 2263 648 2302 recipiendus,
667 2264 743 2302 quod
766 2268 832 2294 ante
857 2265 966 2303 profes-

219 2312 332 2341 sionem
355 2312 390 2341 de
412 2311 548 2341 omnibus
580 2313 760 2351 supradictis
783 2313 857 2342 sumi
881 2313 966 2343 debet

220 2361 353 2400 plenaria
369 2361 548 2399 informatio,
566 2371 621 2400 qua
639 2361 663 2390 si
679 2362 846 2392 constiterit
870 2363 964 2401 ipsum

220 2409 282 2439 suis
305 2409 454 2448 responsis
479 2409 632 2438 veritatem
655 2410 782 2447 celasse,
806 2420 928 2449 prorsus
951 2420 965 2440 a

220 2459 323 2487 nostra
345 2458 487 2495 religione
510 2457 596 2487 debet
619 2459 736 2497 expelli.

282 2507 312 2536 Si
335 2507 523 2546 recipiendus
546 2507 681 2545 fateatur,
700 2508 744 2537 vel
764 2508 836 2537 alias
853 2513 966 2539 constet

220 2565 259 2585 ex
288 2555 419 2593 legitimo
454 2555 640 2585 matrimonio
672 2561 773 2586 natum
808 2566 866 2586 non
890 2567 964 2593 esse,

213 2608 378 2645 -antequam
411 2604 593 2644 recipiatur,
623 2605 742 2634 omnino
774 2605 838 2634 sieri
863 2605 989 2643 debeat,

999 266 1078 296 iuxta
1111 272 1242 298 tenorem
1278 269 1499 299 constitutionis
1529 268 1663 307 Gregorii
1684 268 1747 298 XIV

999 319 1026 344 et
1049 317 1227 346 anteriorem
1251 318 1366 356 praxim
1397 318 1490 347 nostri
1513 317 1632 348 Ordinis
1654 317 1748 347 insor-

999 364 1088 393 matio
1112 365 1242 403 plenaria
1265 366 1300 395 de
1323 366 1394 401 vita,
1413 366 1555 404 moribus,
1572 366 1684 405 indole,
1701 367 1747 396 in-

999 412 1085 449 genio
1108 417 1136 442 et
1159 413 1268 443 virtute
1289 414 1470 453 recipiendi,
1491 414 1599 454 quibus
1615 415 1746 445 defectus

999 461 1142 490 natalium
1175 462 1305 501 suppleri
1340 464 1430 502 possit
1461 468 1489 493 et
1517 464 1623 501 valeat,
1649 474 1746 503 spere·

1001 514 1106 548 turque
1125 510 1186 540 sore
1209 510 1292 540 valde
1315 512 1478 549 proficuum
1495 513 1655 551 utilemque
1678 513 1747 542 reli-

999 559 1090 597 gioni.
1114 558 1176 594 Quo
1195 569 1264 589 casu
1282 561 1387 599 poterit
1403 561 1437 590 ad
1454 566 1587 590 nostrum
1611 561 1744 591 habitum

1001 608 1115 647 recipi,
1140 608 1294 647 profiteri,
1319 609 1411 638 sacris
1434 609 1587 639 ordinibus
1610 610 1743 649 initiari,

1000 666 1128 696 voceque
1150 657 1245 686 activa
1268 661 1295 686 et
1317 657 1433 696 passiva
1456 667 1507 686 suo
1531 662 1662 697 tempore
1677 668 1748 696 gau-

1000 706 1068 735 dere
1083 715 1090 742 3
1115 705 1172 734 nisi
1195 705 1269 735 forte
1285 705 1457 743 illegitimus
1473 706 1597 735 alicuius
1614 707 1746 745 religiosi

1000 754 1089 783 fuerit
1121 754 1218 792 filius,
1253 764 1310 792 quo
1344 764 1412 784 casu
1445 754 1542 784 dictus
1575 755 1748 792 illegitimus

1000 803 1170 832 nullatenus
1203 802 1295 841 possit
1328 802 1443 832 vivente
1477 807 1559 841 patre
1593 804 1684 842 recipi
1717 804 1745 833 in

1000 852 1142 889 religione
1165 851 1280 881 eadem.

1060 902 1134 930 Cum
1158 905 1257 929 antem
1280 900 1470 939 recipiendus
1492 900 1581 930 suerit
1604 901 1748 931 naturalis

1000 949 1086 979 villae
1109 953 1159 978 aut
1181 948 1280 988 oppidi
1303 958 1354 988 per
1377 958 1426 978 sex
1443 949 1541 978 leucas
1564 958 1579 978 a
1603 954 1749 980 monaste-

999 999 1042 1028 rio
1066 998 1095 1027 in
1119 1008 1176 1037 quo
1198 997 1291 1036 recipi
1314 997 1400 1027 debet
1431 1007 1488 1027 non
1516 997 1664 1035 distantis,
1689 1008 1748 1028 non

1001 1051 1181 1086 proponatur
1203 1046 1362 1076 conventui
1386 1045 1496 1085 absque
1519 1046 1639 1075 licentia
1656 1047 1748 1086 patris

1000 1095 1160 1133 generalis,
1186 1094 1235 1133 qui
1259 1094 1352 1133 ipsam
1376 1103 1432 1123 non
1457 1094 1598 1124 concedat
1626 1095 1683 1124 nisi
1706 1095 1749 1125 iu-

1002 1144 1056 1174 stis
1078 1144 1113 1173 de
1136 1144 1233 1173 causis
1258 1152 1332 1182 quae
1355 1143 1384 1172 in
1413 1143 1571 1172 utilitatem
1602 1148 1748 1174 monaste-

1000 1193 1112 1222 riorum
1135 1193 1261 1230 ccdant,
1286 1192 1343 1221 nisi
1367 1193 1441 1222 sorte
1463 1193 1493 1222 in
1517 1193 1665 1232 aliquibus
1688 1203 1749 1224 mo—

1002 1241 1140 1271 nasteriis
1179 1241 1254 1271 adsit
1295 1241 1439 1270 contraria
1478 1242 1661 1271 consuetudo
1698 1252 1747 1273 eos

1002 1290 1112 1329 absque
1136 1290 1216 1320 dicta
1247 1289 1369 1319 licentia
1397 1290 1581 1328 recipiendi,
1607 1301 1681 1330 quae
1703 1296 1750 1322 to-

1002 1340 1123 1370 leratur.

1063 1389 1219 1418 Praeterea
1249 1388 1406 1426 diligenter
1435 1388 1589 1418 attendant
1618 1389 1699 1428 prior
1722 1394 1751 1420 et

1003 1438 1146 1477 deputati,
1171 1447 1207 1467 ne
1229 1437 1391 1475 genitores,
1409 1437 1454 1466 avi
1478 1437 1522 1466 vel
1545 1437 1653 1467 fratres
1675 1438 1750 1468 reei-

1004 1486 1102 1526 piendi
1124 1489 1282 1515 exerceant
1304 1489 1354 1514 aut
1376 1489 1460 1514 antea
1483 1486 1669 1516 exercuerint
1688 1487 1752 1516 ossi-

1004 1535 1047 1564 cia
1077 1535 1175 1573 aliqua
1203 1543 1277 1573 quae
1306 1534 1336 1562 in
1366 1534 1568 1563 aestimatione
1599 1535 1749 1565 communi

1005 1584 1073 1613 vilia
1103 1588 1153 1613 aut
1185 1583 1337 1612 infamiam
1367 1582 1537 1612 inducentia
1561 1588 1749 1622 reputentur,

1005 1630 1141 1660 videlicet
1157 1639 1162 1658 :
1188 1629 1211 1658 si
1235 1629 1294 1658 sint
1317 1628 1360 1658 vel
1378 1629 1488 1658 suerint
1503 1629 1672 1666 histriones,
1690 1630 1752 1668 gla-

1005 1680 1152 1715 diatores,
1187 1688 1239 1707 seu
1272 1687 1339 1707 cum
1372 1677 1543 1707 hominibus
1572 1679 1617 1708 vel
1650 1678 1752 1709 bestiis

1007 1729 1187 1763 luctatores3
1216 1727 1326 1757 scenici
1361 1727 1405 1756 vel
1438 1727 1584 1756 citharedi
1618 1728 1647 1757 in
1681 1728 1752 1757 locis

1007 1777 1133 1817 publicis
1156 1775 1192 1806 ob
1215 1776 1341 1810 lucrum,
1366 1775 1476 1814 publici
1502 1776 1626 1812 lusores,
1656 1777 1753 1806 carni-

1008 1827 1087 1861 fices,
1111 1826 1256 1862 laniones,
1292 1824 1438 1862 tibicines,
1471 1824 1574 1862 baiuli,
1605 1835 1754 1865 caupones

1009 1875 1140 1913 puhlici3
1165 1874 1232 1910 olei,
1256 1873 1344 1910 aceti,
1368 1873 1655 1913 comestibiliumque
1685 1884 1755 1905 ven-

1008 1924 1139 1957 ditores‘,
1172 1927 1299 1960 sutores,
1325 1922 1469 1959 lanilices,
1494 1922 1681 1957 calceatores‚
1706 1933 1755 1953 co-

1009 1972 1104 2007 riarii,
1123 1972 1331 2010 hospitatores,
1350 1971 1577 2005 machinatoreS,
1593 1972 1752 2011 muliones;

1009 2021 1061 2050 filii
1086 2020 1270 2059 publicarum
1293 2019 1484 2049 meretricum
1512 2023 1540 2048 et
1566 2019 1683 2049 illarum
1705 2030 1755 2058 ge-

1009 2070 1131 2107 nitores,
1155 2078 1316 2108 omnesque
1339 2068 1494 2108 complices
1510 2068 1539 2098 in
1556 2078 1656 2098 earum
1672 2070 1754 2100 lucro

1009 2123 1038 2148 et
1061 2118 1220 2156 exercitio,
1244 2118 1386 2156 usurarii,
1418 2118 1541 2155 falsarii,
1577 2118 1752 2157 proditores,

1009 2168 1150 2204 latrones,
1183 2166 1348 2204 assassini,
1382 2166 1433 2206 qui
1466 2171 1617 2206 peccatum
1650 2172 1753 2198 contra

1010 2222 1146 2247 naturam
1168 2216 1385 2254 commiserint,
1409 2216 1525 2255 aliaque
1549 2216 1657 2246 similia
1679 2226 1754 2255 quae

1010 2267 1038 2296 in
1063 2266 1200 2305 opinione
1223 2265 1410 2304 prudentium
1434 2265 1464 2294 in
1487 2265 1563 2294 villis
1588 2270 1616 2294 et
1638 2265 1754 2304 oppidis

1010 2315 1078 2345 vilia
1101 2320 1129 2345 et
1152 2314 1271 2344 infamia
1291 2317 1487 2353 reputantur3
1506 2322 1520 2342 a
1537 2313 1644 2352 quibus
1660 2314 1755 2343 onmi-

1010 2365 1064 2394 bus
1086 2364 1143 2393 nisi
1166 2363 1293 2400 fratres,
1321 2362 1469 2400 genitores
1502 2365 1530 2390 et
1562 2361 1754 2391 ascendentes

1010 2413 1044 2443 ad
1069 2413 1200 2442 habitum
1224 2411 1385 2450 recipiendi
1401 2411 1460 2440 sint
1480 2419 1599 2449 prorsus
1622 2410 1707 2440 liberi
1727 2415 1755 2440 et

1011 2462 1170 2496 immunes,
1194 2470 1251 2489 non
1276 2460 1479 2495 admittantur,
1496 2463 1523 2488 et
1540 2458 1686 2488 admissus
1703 2469 1754 2489 no-

1011 2509 1100 2539 vitius
1122 2509 1298 2547 expellatur,
1316 2512 1400 2537 caute
1417 2512 1514 2537 tamen
1531 2511 1559 2536 et
1582 2507 1753 2546 prudenter,

1011 2567 1046 2587 ne
1069 2557 1124 2596 ipsi
1148 2557 1265 2585 infamia
1289 2555 1410 2585 oriatur.

1070 2605 1196 2635 Caveant
1218 2605 1350 2643 insuper,
1368 2603 1444 2643 quod
1461 2604 1597 2635 similiter
1619 2605 1755 2636 reiician-

1637 210 1702 245 ‘103
1749 221 1801 248 An.
1820 219 1851 247 C.
1874 217 1946 247 1733
