2182 3137
195 305 243 329 An.
264 302 291 329 C.
310 301 377 330 ¹732

202 1904 329 1925 walituuin
339 1910 371 1925 :ts-

189 1935 286 1957 signatio.

422 291 486 325 4⁶20

386 357 456 389 ant,
484 350 616 393 quique,
643 359 702 392 pro
727 348 793 382 suis
820 348 982 382 alimentis
1008 347 1126 381 duran-

388 405 473 436 tibus
500 404 662 437 exercitiis
689 403 862 447 praedictis
889 403 928 436 ab
954 402 1001 436 eis
1029 402 1126 435 susci-

387 458 526 500 piendis,
552 467 727 501 congruam
754 468 790 490 ac
816 457 958 489 debitam
985 461 1127 499 praesta-

389 512 509 544 tionem
537 512 622 544 iuxta
642 517 827 555 temporum
845 510 1125 554 opportunitatem

387 566 514 597 solvere
541 569 730 603 tencantur;
755 563 807 597 alii
835 574 910 597 vero
936 563 1062 603 clerici,
1089 573 1125 595 ex

386 617 549 650 seminarii
576 617 754 651 Placentini
781 617 919 650 alumnis
957 622 988 649 et
1019 615 1126 649 couvi-

386 670 543 710 eloi-ibus,
571 671 677 704 studia
694 681 857 704 sacrarum
883 670 1063 703 litterarum
1090 680 1126 702 ac

386 723 575 766 theologiae
603 724 803 757 theoreticae
829 728 861 757 01
883 723 1026 767 praticae
1052 733 1126 766 pro-

386 782 586 819 sequantur,
614 777 886 820 venerandosque
916 777 996 809 ritus
1021 776 1125 809 eccle-

385 828 542 870 siasticos,
568 840 676 863 sacras
702 829 924 863 caeremonias
942 834 974 862 01
994 834 1125 862 cantum

385 882 638 925 gregorianum,
675 883 733 915 sub
770 881 1036 926 praeceptoribus
1069 881 1123 924 (1111

385 934 451 967 51111
477 935 660 979 presbyteri
688 937 876 969 saeculares
904 935 935 967 in
961 937 1049 967 sacra
1075 944 1126 977 pa-

386 988 459 1030 gina
494 1000 531 1022 ac
566 989 664 1022 verbo
702 990 757 1022 Dei
791 989 911 1032 scripto
946 993 978 1021 et
1010 987 1125 1020 tradito

384 1042 487 1085 probe
502 1043 634 1083 eruditi,
656 1043 856 1086 perdiscant,
879 1047 909 1075 et
927 1041 986 1084 ipsi
1005 1040 1124 1081 clerici,

386 1095 450 1127 hoc
483 1101 579 1138 pacto
617 1095 807 1136 imbuendi,
842 1105 877 1128 ex
904 1094 1041 1127 alumnis
1067 1104 1125 1136 pro

387 1152 533 1191 tempore
576 1148 792 1181 existentibus
835 1147 914 1181 dicti
958 1147 1124 1180 seminarii

383 1210 461 1242 prae
487 1200 557 1234 aliis
584 1201 844 1245 quibuscumque
871 1200 1001 1240 selecti,
1027 1199 1125 1243 gratis

384 1253 613 1295 admittantur,
639 1260 734 1298 atque
752 1265 788 1287 ex
808 1253 1047 1287 convictoribus
1066 1253 1125 1286 ibi-

385 1305 457 1338 dem
473 1307 685 1340 existentibus
700 1307 886 1340 assumcndi
905 1307 1017 1340 eadem
1035 1317 1126 1349 prac-

384 1359 504 1393 latione
521 1360 646 1404 pariter
663 1360 723 1393 frui
747 1360 898 1401 debeant,
914 1371 949 1393 ac
962 1360 1022 1393 sub
1040 1360 1124 1393 iusto

385 1423 493 1446 annuo
519 1413 684 1458 stipendio
703 1414 921 1457 recipiantur,
940 1413 999 1446 hac
1017 1418 1123 1447 tamen

385 1466 594 1508 conditione,
621 1478 661 1500 ne
699 1468 819 1500 alumni
856 1472 889 1500 et
925 1467 1124 1500 convictores

384 1520 542 1563 praedicti
569 1521 640 1554 sine
658 1521 789 1564 praevia
807 1520 1043 1564 approbatione
1062 1521 1125 1564 epi·

384 1573 476 1616 scopi
501 1585 557 1606 seu
583 1573 694 1607 vicarii
720 1574 906 1608 huiusmodi
942 1574 973 1607 in
999 1574 1125 1617 praedi-

385 1632 471 1661 ctum
497 1628 672 1671 collegium
699 1628 890 1671 erigendum
909 1628 1033 1661 admitti
1053 1639 1125 1671 pos-

384 1680 464 1720 sint,
485 1686 583 1724 utque
606 1681 664 1714 sub
683 1681 840 1724 regimine
858 1681 1124 1724 presbyterorum

384 1734 615 1775 saecularium,
643 1745 659 1767 a
682 1735 770 1768 dicto
796 1734 876 1767 111110
903 1735 1059 1768 cardinali
1091 1746 1124 1768 0-

384 1785 499 1830 iusque
513 1787 762 1821 successoribus
777 1788 1002 1830 eligendorum
1024 1793 1055 1822 ct
1072 1788 1125 1822 de-

384 1841 617 1883 putandorum,
644 1841 751 1875 vivere
777 1848 963 1876 teneantur.

427 1896 442 1938 ἓ
466 1894 498 1928 4.
526 1894 671 1937 Collegi'o
698 1900 806 1928 autem
833 1896 878 1928 sic
897 1901 1008 1929 erecto
1027 1902 1059 1929 et
1077 1896 1124 1929 in-

383 1947 510 1988 stituto,
535 1958 595 1991 pro
631 1948 718 1981 illius
745 1958 781 1981 ac
806 1948 999 1981 clericorum
1029 1949 1058 1982 in
1085 1960 1123 1983 00

382 2001 645 2042 101111011110111111,
672 2012 802 2035 necnon
830 2002 976 2043 rectoris,
1001 2004 1125 2046 praele-

382 2061 508 2088 ctorum
535 2055 765 2098 magistrorum
782 2082 789 2095 ,
815 2056 1022 2100 aliorumque
1060 2057 1122 2090 loci

381 2109 603 2142 ministrorum
638 2109 923 2150 substentatione,
950 2110 1058 2143 omnia
1093 2116 1124 2144 et

382 2162 510 2205 singula
535 2164 634 2204 bona,
652 2174 715 2204 res,
735 2163 955 2207 proprietates
977 2170 1009 2197 et
1027 2164 1124 2198 actio-

381 2226 461 2257 nes,
489 2217 527 2249 ad
566 2217 730 2260 hospitale
768 2227 980 2260 suppressum
1019 2224 1121 2251 recto-

380 2279 516 2313 remque
542 2275 689 2303 curaturn
718 2270 898 2313 respective
924 2276 1018 2303 antea
1044 2282 1123 2315 (1110-

381 2323 560 2356 modolibet
586 2324 769 2366 spectantia
800 2324 921 2366 (tamen
948 2324 987 2356 ab
1019 2325 1122 2357 omni-

380 2377 440 2410 bus
465 2383 497 2410 et
520 2377 780 2421 quibuscumque
806 2377 963 2411 oneribus
988 2384 1019 2411 01
1040 2379 1121 2412 obli-

379 2430 565 2473 gationibus
592 2442 871 2475 quorumcumque
897 2431 1024 2475 piorum
1047 2443 1122 2476 ope—

380 2494 450 2516 rum
476 2484 781 2529 adimplendorum,
807 2496 824 2518 a
849 2485 901 2529 pie
929 2486 1121 2519 testantibus

380 2538 516 2581 aliisque
543 2538 810 2572 christifidelibus
831 2539 1007 2582 praedictis
1025 2542 1120 2573 causa

380 2592 504 2632 mortis,
522 2598 576 2626 aut
594 2593 624 2625 in
644 2598 715 2626 actu
734 2592 944 2626 donationum
970 2603 1052 2637 quae
1078 2593 1119 2626 di-

381 2650 500 2677 cuntur
524 2645 595 2679 11011
628 2645 714 2679 111101
738 2646 842 2687 vivos,
870 2646 1119 2690 quomodolibet

381 2698 548 2740 iniunctis,
575 2699 704 2742 penitus
730 2705 762 2734 et
787 2700 919 2735 omniuo
942 2699 1118 2734 eximentes

973 298 1156 324 BULLARIUM
1179 298 1335 324 ROMANUM

1170 353 1201 381 et
1224 346 1433 389 liberantes),
1460 345 1658 390 illorumque
1696 345 1841 379 omnium
1870 350 1909 379 ⁴et

1170 402 1373 445 singulorum
1399 402 1534 440 fructus,
1554 400 1700 433 redditus
1720 405 1751 433 et
1770 409 1909 443 proven-

1172 460 1239 495 tus,
1268 456 1321 499 11111
1358 459 1452 487 autea
1487 454 1517 486 in
1544 452 1718 496 hospitalis
1743 451 1908 496 suppressi

1171 519 1261 541 usum
1289 509 1572 552 impendebantur,
1600 507 1735 551 quique,
1763 512 1798 539 ut
1822 516 1910 539 accc-

1170 562 1288 605 pimus,
1309 561 1488 594 octodecim
1506 560 1644 594 millium
1663 560 1820 593 librarum
1841 569 1910 592 mo-

1169 621 1261 647 netae
1288 615 1489 658 placentinae
1515 614 1657 647 valorem
1683 623 1825 646 aunuum
1844 623 1909 646 non

1170 669 1340 710 excedunt,
1366 667 1535 711 praedicto
1561 667 1641 701 lulio
1660 666 1827 706 cardinali,
1844 666 1910 699 sive

1169 722 1237 755 eius
1253 721 1457 765 procuratori
1473 721 1671 765 deputando,
1686 726 1720 753 ut
1736 720 1908 759 bonorum,

1169 785 1275 808 10111111
1294 779 1323 809 01
1340 775 1574 819 proprietatum
1590 772 1776 807 huiusmodi
1789 782 1910 814 veram,

1169 829 1288 861 realem
1304 834 1336 861 et
1349 829 1510 862 actualem
1526 827 1765 872 possessionem
1776 826 1908 867 nomine

1170 881 1243 914 dicti
1281 882 1411 924 collegii
1436 881 1688 926 apprehendere
1725 886 1756 914 01
1792 890 1909 923 appre-

1170 935 1306 968 hensam
1332 936 1471 969 retinere
1496 935 1613 979 possit,
1635 934 1824 968 Dioecesani
1847 933 1909 967 loci

1168 988 1218 1020 vel
1243 989 1381 1021 cuiusvis
1397 989 1533 1022 alterius
1552 988 1701 1021 facultate
1721 987 1857 1020 minime
1876 986 1909 1019 in

1170 1040 1220 1073 1115
1246 1041 1413 1084 requisita,
1439 1041 1550 1075 cadem
1576 1041 1767 1074 auctoritate
1795 1050 1912 1084 perpe-

1170 1093 1223 1126 tuo
1249 1095 1448 1137 applicamus
1475 1099 1507 1127 et
1531 1094 1791 1138 appropriamus.

1212 1147 1227 1190 g
1252 1146 1283 1179 5.
1311 1147 1514 1180 Amotionem
1529 1157 1616 1187 vero,
1632 1146 1908 1190 suppressionem,

1169 1199 1408 1241 extinctionem,
1428 1201 1638 1240 erectionem,
1659 1199 1907 1240 institutionem,

1168 1254 1420 1297 applicationem
1446 1259 1477 1287 ct
1497 1253 1799 1298 appropriationem
1818 1263 1909 1297 prae-

1169 1307 1278 1348 dictas,
1303 1317 1430 1341 necnon
1455 1307 1583 1340 easdem
1609 1311 1797 1350 praesentes
1822 1306 1909 1340 litte-

1168 1371 1231 1401 raS,
1248 1371 1377 1405 semper
1402 1367 1433 1394 et
1457 1361 1615 1405 perpetuo
1642 1360 1762 1394 validas
1787 1364 1818 1393 et
1842 1359 1909 1393 effi-

1168 1425 1261 1448 caces
1287 1415 1356 1448 sore
1382 1420 1412 1448 et
1437 1425 1526 1454 0550,
1552 1419 1584 1448 01
1608 1413 1647 1447 ab
1674 1414 1841 1454 omnibus,
1869 1413 1908 1447 ad

1168 1479 1249 1511 (11105
1273 1473 1408 1511 spectat,
1435 1458 1601 1501 obser'vari
1629 1467 1766 1507 debere;
1794 1478 1852 1501 nec
1873 1467 1910 1501 il-

1168 1521 1213 1554 las
1238 1522 1305 1555 ullo
1330 1532 1475 1565 unquam
1503 1526 1650 1565 tempore
1672 1520 1711 1554 de
1729 1520 1910 1564 subreptio-

1168 1574 1216 1608 nis
1241 1575 1289 1608 vel
1317 1574 1519 1618 obreptionis
1544 1579 1600 1607 aut
1625 1574 1784 1607 nullitatis
1810 1574 1907 1615 vitio,

1167 1629 1233 1662 sive
1271 1628 1460 1662 intentionis
1498 1634 1628 1662 nostrae
1665 1634 1721 1662 aut
1753 1628 1908 1672 quopiam

1167 1682 1231 1715 alio
1257 1682 1461 1726 quantumvis
1486 1681 1686 1715 substantiali
1706 1682 1845 1722 defectu,
1865 1687 1911 1715 et-

1167 1736 1229 1779 iam
1256 1747 1292 1770 ex
1317 1747 1355 1770 00
1381 1737 1469 1780 (111011
1502 1747 1637 1777 causae,
1663 1741 1800 1780 propter
1828 1746 1908 1779 quas

1168 1790 1242 1823 illae
1269 1795 1474 1831 emanarunt,
1503 1790 1704 1823 sufficienter
1728 1789 1908 1830 adductae,

1168 1842 1384 1882 examinatae,
1411 1842 1595 1876 verificatae
1630 1847 1662 1875 et
1687 1842 1909 1886 approbatae,

1168 1901 1199 1929 et
1223 1896 1417 1940 quicnmqne
1445 1896 1476 1928 in
1503 1895 1689 1940 praemissis
1717 1901 1749 1928 et
1767 1895 1852 1928 circa
1873 1905 1910 1928 ea

1168 1950 1328 1983 interesse
1355 1949 1602 1993 quomodolibet
1627 1949 1787 1982 habentes
1813 1949 1851 1982 ad
1878 1947 1910 1982 id

1168 2003 1270 2036 vocati
1296 2009 1328 2036 et
1354 2003 1454 2036 auditi
1481 2013 1545 2036 non
1565 2002 1696 2044 suerint,
1716 2012 1775 2035 nec
1793 2001 1910 2035 iisdem

1168 2056 1356 2100 praemissis
1393 2066 1591 2090 consensum
1618 2066 1710 2089 suum
1738 2054 1910 2099 praestite-

1167 2110 1242 2152 rint,
1271 2111 1387 2151 notari,
1414 2110 1607 2154 impugnari,
1634 2110 1805 2150 retardari,
1826 2109 1911 2143 inva-

1167 2164 1274 2205 lidari,
1303 2164 1471 2208 suspendi,
1496 2163 1666 2204 annullari,
1694 2162 1805 2196 autad
1827 2163 1908 2195 viam

1168 2224 1199 2251 et
1226 2218 1384 2252 terminos
1411 2217 1489 2250 iuris
1517 2217 1646 2258 reduci,
1672 2221 1726 2249 aut
1756 2216 1909 2250 adversus

1167 2282 1220 2304 eas
1247 2271 1476 2315 quodcumque
1502 2270 1581 2303 iuris
1599 2275 1653 2302 aut
1670 2269 1792 2312 gratiae
1810 2279 1910 2302 reme-

1167 2325 1255 2358 dium
1281 2324 1448 2368 impetrari
1469 2334 1611 2366 unquam
1630 2333 1738 2366 posse,
1760 2332 1819 2356 nec
1836 2322 1909 2356 illas

1166 2377 1224 2410 sub
1250 2377 1415 2421 quibusvis
1440 2376 1592 2409 similium
1625 2376 1674 2409 vel
1701 2375 1908 2409 dissimilium

1166 2431 1341 2474 gratiarum
1378 2429 1643 2464 revocationibus
1659 2457 1666 2471 ‚
1689 2429 1909 2473 suspensioni-

1164 2484 1244 2524 bus,
1270 2483 1535 2524 limitationibus,
1561 2488 1617 2516 aut
1641 2482 1712 2517 aliis
1736 2482 1908 2516 contrariis

1165 2538 1434 2581 dispositionibus
1461 2537 1716 2582 comprehendi,
1742 2537 1799 2571 sed
1825 2547 1908 2570 sem-

1163 2603 1224 2636 per
1249 2592 1288 2625 ab
1313 2592 1377 2626 illis
1404 2592 1527 2636 excipi,
1553 2597 1597 2633 et,
1620 2591 1747 2636 quoties
1773 2591 1848 2625 illae
1874 2601 1907 2624 e-

1163 2647 1364 2687 manabunt,
1392 2645 1487 2680 toties
1513 2645 1544 2678 in
1570 2645 1742 2689 pristinum
1774 2650 1806 2678 01
1830 2644 1906 2677 vali-

1163 2699 1327 2734 dissimum
1352 2704 1470 2734 statum
1497 2699 1675 2742 restitutas,
1692 2698 1850 2743 repositas
1874 2703 1907 2732 et

1919 296 1967 324 An.
1990 295 2018 324 C.
2036 291 2103 324 1732

1921 1154 2012 1175 ttuiu=ec
2028 1153 2103 1175 ‹tt-ero-

1921 1182 1936 1201 u
1966 1182 2052 1202 ttrnutas
2080 1183 2104 1202 ut

1921 1207 2065 1229 observantia.
