2182 3137
841 260 935 285 ixnsx
962 263 1066 285 neuin
1615 255 1677 288 647

272 315 413 356 patentes
438 310 715 345 concionatoribus
740 311 864 346 duobus
888 313 920 346 in
944 315 1083 358 qualibet
1106 317 1280 360 provincia,
1305 317 1407 350 tribus
1425 327 1498 351 xero
1523 317 1554 350 in
1579 317 1727 361 grandio-

272 365 370 405 ribus,
395 364 459 398 212
483 364 518 404 b3
544 368 650 408 patres
675 365 770 399 huius
794 366 1054 410 Congregationis
1089 370 1329 412 grammaticam
1354 380 1390 403 ac
1419 370 1555 404 maiores
1581 370 1725 404 scientias

270 418 414 460 tradere,
439 417 550 450 divites
574 417 759 461 nobilesque
783 429 902 462 pueros
933 420 1118 462 admittere,
1147 423 1315 455 seminaria
1340 428 1369 456 et
1394 423 1527 466 collegia
1552 423 1583 456 in
1613 434 1723 457 curam

273 470 401 513 habere,
422 475 452 504 et
469 470 633 513 regulares
657 469 770 504 domos
795 471 914 516 absque
930 472 1064 506 aliorum
1092 475 1288 517 regularium
1314 486 1471 509 consensu
1496 477 1632 510 condere
1657 488 1727 521 pos-

273 529 356 565 sunt,
382 523 445 557 *246
470 523 487 556 b
511 528 541 557 et
564 534 651 568 seq.;
679 534 714 557 ac
746 524 929 567 specialiter
953 526 1077 567 Vilnae,
1103 527 1165 561 507
1192 540 1210 561 a
1237 534 1267 561 et
1290 540 1371 573 seq.;
1399 529 1525 562 clericis
1549 530 1643 563 huius
1668 530 1726 564 Or-

271 577 353 610 dinis
373 577 584 611 calcearnenta
609 577 764 611 concessit
788 577 964 611 Alexander
990 579 1066 620 vill,
1092 580 1157 613 564
1179 581 1196 613 b
1221 587 1250 614 et
1273 592 1357 624 seq.;
1383 592 1476 625 quam
1502 582 1726 617 inconveniens

275 631 314 664 sit
338 631 466 665 eosdem
492 632 559 665 solo
579 631 674 676 pallio
693 631 819 664 indutos
844 631 1001 665 incedere.
1022 632 1085 665 365
1103 644 1140 674 αξ,
1165 633 1295 677 epitogii
1313 645 1388 667 usus
1404 635 1598 677 conceditur,
1615 636 1679 670 565
1697 638 1723 670 b.

183 683 393 728 Congregatio
419 685 545 719 Piorum
571 684 808 729 Operariorum.
834 703 877 707 —-
902 684 1078 728 Capitulum
1104 688 1251 730 generale
1288 688 1431 731 quolibet
1466 689 1601 722 triennio
1637 690 1722 723 cele-

271 738 440 779 brandum,
457 738 521 772 469
541 739 568 778 b3
596 738 626 770 in
652 747 689 771 eo
713 744 819 770 votum
845 747 938 771 nemo
964 738 1058 773 babet
1082 740 1140 772 nisi
1165 744 1236 784 post
1259 740 1462 774 decennalem
1487 742 1519 774 in
1536 742 1721 785 Congrega-

271 792 357 825 tione
382 802 514 832 moram,
539 801 575 824 ac
599 790 756 824 Ordinarii
790 790 849 824 loci
887 792 1148 836 approbationem
1175 794 1213 827 ad
1239 795 1483 829 sacramentales
1508 796 1725 830 confessiones

274 845 455 886 audiendas,
479 844 540 877 4711
570 855 607 884 a,
633 843 755 887 singula
780 844 881 878 officia
906 846 1088 888 triennalia,
1113 846 1192 881 ibid.

185 899 396 943 congregatio
421 899 540 933 Sacrae
564 898 744 938 Familiae,
770 898 841 932 vide
865 899 978 933 Sacrae
1004 901 1163 935 Familiae.

185 953 453 997 Congregationes
478 951 706 992 cardinalium,
730 951 801 985 ride
826 953 966 987 Decreta.

183 1005 429 1041 Constitutiones
453 1005 645 1049 apostolicae
670 1004 886 1039 confirmatae.
909 1025 950 1031 —
970 1007 1157 1041 Constitutio
1184 1008 1300 1041 L'rbani
1327 1008 1389 1042 &7111
1414 1019 1510 1053 super
1531 1008 1726 1043 subiectione

269 1060 450 1104 provinciae
474 1070 623 1093 romanae
648 1059 773 1093 Ordinis
799 1059 958 1093 Minorum
982 1060 1080 1094 sancti
1105 1061 1263 1095 Francisci
1293 1062 1547 1106 Capuccinorum
1580 1062 1727 1097 ministro

272 1114 425 1157 generali,
444 1124 545 1157 eoque
569 1114 707 1155 absente,
728 1114 929 1158 procuratori
951 1119 980 1147 et
998 1114 1220 1148 commissario
1240 1116 1391 1158 generali,
1408 1116 1626 1157 confirmatur,
1647 1115 1688 1149 60
1708 1129 1727 1150 α

272 1173 303 1200 et
325 1178 401 1211 seq.;
427 1168 502 1200 item
527 1168 640 1201 Leonis
665 1168 689 1200 X
720 1178 782 1211 qua
812 1167 958 1201 canonici
991 1168 1254 1211 metropolitanae
1283 1169 1435 1202 ecclesiae
1463 1169 1665 1202 Florentinae
1695 1170 1728 1203 in

271 1221 412 1254 notarios
436 1220 525 1253 Sedis
545 1220 746 1264 Apostolicae
771 1225 930 1261 creantur,
952 1220 1015 1253 0217
1034 1221 1065 1262 b;
1095 1222 1168 1254 item
1194 1222 1292 1255 altera
1310 1223 1450 1255 ciusdem
1472 1223 1632 1257 Pontificis
1657 1233 1728 1257 con-

272 1274 374 1307 cessio
394 1273 519 1307 notario
544 1277 573 1308 et
597 1274 786 1307 cancellario
812 1274 950 1307 nationis
976 1275 1178 1308 Florentinae
1202 1275 1241 1309 de
1259 1276 1352 1317 Urbe,
1370 1281 1404 1309 ut
1423 1286 1642 1320 quaecumque
1659 1282 1728 1310 acta

271 1327 431 1360 iudicialia
457 1327 557 1371 possit
586 1327 754 1368 conficere,
785 1326 844 1360 0221
875 1339 910 1368 a,
936 1327 1010 1360 item
1036 1328 1196 1362 Benedicti
1225 1329 1293 1362 XIII
1324 1340 1420 1373 super
1447 1329 1728 1363 dismembratione

273 1381 484 1425 quorumdam
511 1387 723 1415 conventuum
749 1392 765 1414 a
789 1381 955 1426 provincia
976 1382 1093 1415 Terrae
1113 1382 1246 1415 Laboris
1264 1382 1387 1415 Ordinis
1411 1383 1545 1415 fratrum
1570 1383 1600 1416 B.
1626 1383 1664 1416 M.
1689 1383 1727 1416 de

274 1435 378 1468 Monte
402 1435 570 1476 Carmelo,
595 1445 629 1468 ac
666 1435 826 1468 erectione
859 1435 1043 1478 provinciae
1073 1435 1312 1479 Neapolitanae,
1340 1435 1403 1469 ⁹239
1435 1436 1451 1467 b
1482 1441 1512 1469 et
1544 1446 1618 1480 seq.;
1652 1435 1728 1469 item

275 1487 393 1522 Urbani
425 1488 490 1522 ml
516 1494 546 1522 et
574 1499 814 1530 successorum,
839 1488 954 1532 quibus
979 1488 1110 1531 singulis
1140 1489 1342 1532 patriarchis,
1368 1489 1631 1533 archiepiscopis,
1660 1489 1727 1532 epi-

274 1541 402 1585 scopis,
432 1547 504 1584 etc.,
530 1541 724 1586 praecipitur
760 1547 794 1575 ut
829 1541 939 1575 saltem
965 1541 1014 1574 bis
1041 1541 1072 1574 in
1108 1552 1191 1575 auno
1227 1543 1345 1586 populo
1379 1552 1544 1575 sacrorum
1581 1542 1727 1575 locorum

276 1594 471 1628 Hierusalem
504 1595 706 1628 necessitates
738 1600 919 1639 exponant,
952 1593 1016 1628 285
1049 1596 1085 1635 l1;
1111 1597 1183 1629 item
1221 1596 1381 1629 Benedicti
1405 1596 1471 1629 XIII
1496 1605 1558 1638 qua
1583 1596 1730 1629 statuitur

274 1658 314 1681 ne
338 1648 408 1692 quis
433 1648 609 1682 monachus
634 1648 759 1681 Ordinis
791 1648 1021 1682 Carthusiensis
1046 1651 1163 1692 gratias
1189 1651 1235 1682 vel
1260 1650 1372 1689 officia,
1398 1649 1583 1682 inconsultis
1606 1649 1730 1683 Ordinis

272 1702 504 1746 superioribus,
532 1702 570 1734 ab
595 1702 776 1746 Apostolica
802 1701 880 1735 Sede
905 1703 1005 1746 possit
1030 1703 1219 1747 impetrare,
1247 1703 1311 1735 4222
1340 1714 1378 1743 a,
1408 1703 1480 1736 item
1507 1702 1675 1737 Clementis
1702 1703 1727 1735 X

273 1765 368 1799 super
399 1756 616 1799 prohibitione
648 1755 787 1789 ambitus
812 1755 842 1788 in
875 1755 1131 1799 Congrcgatione
1156 1756 1353 1791 Clericorum
1384 1756 1577 1799 regularium
1603 1755 1641 1789 de
1673 1756 1728 1789 So-

275 1809 421 1850 mascha‚
446 1808 511 1842 473
536 1820 555 1842 α
580 1814 609 1842 et
633 1820 705 1853 seq.;
739 1809 813 1842 item
839 1809 984 1851 Gregorii
1019 1810 1068 1842 XV
1101 1820 1159 1854 pro
1195 1809 1411 1843 iurisdictione
1436 1809 1600 1852 regiminis
1624 1809 1728 1842 Bono·

273 1863 391 1897 niensis
416 1874 513 1907 super
541 1863 798 1896 universitatibus
823 1863 938 1896 artium
964 1864 1108 1897 eiusdem
1130 1863 1273 1903 civitatis,
1299 1862 1362 1895 530
1388 1874 1406 1895 a
1432 1868 1462 1895 et
1485 1872 1560 1905 seq.;
1586 1862 1727 1895 omnium

274 1917 555 1961 praedecessorum
589 1917 798 1958 Pontificum,
824 1917 933 1961 plures
958 1917 1122 1950 facultates
1147 1915 1341 1960 procedendi
1366 1916 1397 1948 in
1423 1915 1525 1948 causis
1549 1915 1729 1947 debitorum

272 1971 535 2004 communitatum
561 1971 665 2004 Status
700 1970 912 2003 Ecclesiastici
946 1970 1193 2014 Congregationi
1224 1969 1300 2003 Boni
1326 1969 1501 2013 Ilegiminis
1527 1973 1726 2008 asserentes,

272 2023 346 2057 item
371 2023 550 2057 referuntur
575 2029 607 2057 et
631 2023 873 2065 confirmantur,
903 2024 967 2057 683
992 2025 1008 2056 Ι)
1032 2030 1062 2057 et
1086 2035 1150 2068 seq.

184 2077 427 2111 Constitutiones
449 2077 644 2121 apostolicae
667 2078 856 2111 declaratae.
883 2097 925 2102 —
950 2077 1200 2111 Constitutiones
1235 2076 1427 2120 apostolicas
1462 2075 1630 2109 Clementis
1663 2075 1728 2108 VIII

274 2137 304 2165 et
340 2131 458 2164 Urbani
494 2131 615 2174 pariter
651 2131 715 2164 VllI
756 2142 851 2176 super
887 2132 1106 2165 iurisdictione
1143 2136 1360 2176 protectorum
1404 2129 1536 2161 fratrum
1573 2128 1727 2162 Minorum

274 2184 306 2218 S.
334 2184 492 2218 Francisci
517 2184 556 2217 de
580 2184 796 2226 Observantia,
830 2185 934 2230 quoad
969 2185 1139 2228 religiosos
1163 2185 1330 2228 deputatos
1361 2193 1419 2226 pro
1444 2184 1518 2215 cura
1544 2181 1727 2215 monialium

274 2238 303 2272 S.
329 2237 436 2272 Clarae
461 2243 491 2271 et
515 2238 544 2271 S.
571 2238 685 2271 Mariae
706 2239 909 2282 Magdalenae
934 2239 1069 2272 civitatis
1094 2238 1250 2282 Neapolis,
1275 2237 1425 2278 declarat,
1451 2235 1512 2268 337
1539 2236 1574 2275 ἰν,
1603 2235 1730 2268 Alexan-

274 2292 323 2326 dri
348 2293 397 2326 Vll
423 2293 507 2326 circa
532 2298 638 2326 votum
664 2293 696 2326 in
721 2293 893 2337 provinciis
918 2293 1044 2327 Ordinis
1068 2294 1202 2326 fratrum
1239 2292 1395 2325 Minorum
1432 2290 1529 2323 sancti
1568 2289 1727 2322 Francisci

274 2347 314 2380 de
338 2345 547 2380 Observantia
572 2346 781 2380 commissarii
807 2347 965 2390 generalis
990 2346 1103 2381 Curiae
1135 2357 1171 2380 ac
1203 2344 1422 2390 procuratoris
1453 2343 1610 2386 generalis
1634 2342 1727 2375 fami-

278 2400 337 2433 liae
362 2400 589 2442 cismontanae,
612 2400 674 2433 (522
692 2401 708 2432 b
725 2406 854 2445 etseq.;
880 2400 1055 2434 Innocentii
1081 2400 1136 2433 XII
1163 2410 1259 2443 super
1284 2398 1429 2432 facultate
1454 2396 1636 2430 conserendi
1663 2397 1728 2429 lau-

275 2463 362 2487 ream
387 2453 601 2496 magistralem
625 2453 777 2487 fratribus
793 2454 944 2498 protessis
961 2453 1056 2487 Tertii
1075 2453 1201 2487 Ordinis
1225 2452 1323 2486 sancti
1342 2450 1500 2484 Francisci
1527 2449 1558 2483 in
1583 2450 1727 2494 capitulis

279 2506 480 2550 generalibus
504 2507 551 2540 vel
577 2507 826 2551 provincialibus
850 2512 987 2549 tantum,
1014 2506 1077 2539 628
1104 2518 1122 2540 a
1149 2511 1179 2540 et
1202 2516 1264 2550 seq.

186 2559 435 2594 Constitutiones
461 2560 654 2603 apostolicae
678 2559 861 2604 derogatae.
888 2580 929 2585 —
954 2560 1197 2594 Constitutiones
1215 2568 1324 2593 omnes
1344 2557 1626 2602 praedecessorum
1645 2556 1726 2590 Pon-

273 2613 406 2656 tificum,
431 2612 548 2657 quibus
572 2613 789 2648 immunitates
814 2619 844 2647 et
867 2614 1085 2658 exemptiones
1110 2612 1279 2648 Ordinibus
1311 2611 1511 2654 regularibus
1547 2609 1726 2644 concedun-

275 2671 326 2701 tur
350 2667 382 2701 in
405 2666 553 2702 Gamerae
573 2667 774 2712 Apostolicae
798 2666 1038 2713 praeiudicium,
1058 2666 1191 2710 derogat
1215 2664 1415 2700 Innocentius
1441 2664 1505 2706 XII,
1530 2663 1602 2698 vide
1625 2663 1725 2699 Revo-
