2182 3137
200 276 248 300 An.
269 274 298 300 c.
319 273 384 299 1734
430 264 494 296 (5⁹20

392 321 519 360 scriptus
551 322 581 352 in
614 322 679 352 albo
711 327 933 362 procuratorum
957 323 1062 353 audeat
1085 322 1129 352 vel

393 375 558 409 praesumat
581 370 695 410 publice
721 375 771 400 aut
789 371 920 409 occulte,
945 372 1056 402 directe
1085 371 1129 401 vel

393 418 546 454 indirecte,
570 419 599 448 in
619 419 726 449 iudicio
749 429 927 459 comparere,
945 420 1046 460 ibique
1067 424 1129 450 acta

396 472 424 498 ct
447 467 601 498 instantias
624 477 826 508 quascumque
853 468 1021 499 iudiciarias
1049 478 1129 499 assu-

394 526 472 547 mere
505 521 533 546 et
564 516 697 556 explere,
732 521 760 546 et
793 517 991 556 procuratoris
1025 526 1130 547 munus

394 574 533 595 exercere
565 574 662 594 coram
695 574 879 604 quocumque
910 565 1049 595 tribunali
1085 565 1130 595 vel

394 613 489 643 iudice
521 613 669 643 ordinario
702 613 745 643 vel
777 613 925 652 delegato,
951 613 1005 643 sub
1038 615 1131 653 poena

395 662 539 692 nullitatis
561 667 704 699 actorum,
721 662 784 702 ipso
799 663 861 693 iure
884 668 912 693 et
934 663 968 693 de
990 663 1065 693 sacto
1087 663 1131 693 in-

396 711 556 741 currendae
577 720 591 740 a
616 711 745 750 quolibet
766 711 851 741 etiam
876 712 911 741 de
934 711 1039 751 populo
1062 711 1131 741 alle-

393 759 514 798 gabilis,
546 760 655 796 immo,
681 761 758 799 quod
789 770 841 800 pro
873 761 999 799 allegata
1029 760 1130 790 haberi

394 809 485 849 possit
506 819 538 839 ac
561 809 674 844 debeat,
698 819 731 839 ac
746 810 810 839 aliis
827 810 927 849 poenis
949 809 1130 840 declarandis

395 862 423 888 et
445 858 613 896 infligendis
635 858 722 888 etiam
751 858 883 897 corporis
911 858 1057 888 afflictivis
1080 867 1131 897 per

395 906 661 936 eminentissimum
685 906 810 944 legatum
833 915 884 945 pro
907 911 1049 946 tempore.

433 963 473 984 111.
492 955 545 985 Pro
564 955 773 992 declaratione,
797 956 893 985 favore
912 955 1037 993 collegii,
1054 954 1130 994 quod

394 1003 430 1033 sit
446 1003 554 1041 nobile,
572 1003 711 1033 eximium
728 1008 756 1033 et
773 1004 955 1042 honorabile,
972 1008 1000 1033 et
1016 1013 1066 1043 pro
1082 1013 1130 1042 ag-

396 1057 516 1091 gregato
538 1052 660 1089 collegio
683 1056 902 1090 procuratorum
925 1051 1022 1090 Urbis,
1040 1060 1131 1091 quan-

394 1105 455 1131 tum
478 1101 513 1130 ad
536 1100 767 1140 praerogativam
791 1100 922 1130 honoris.

433 1158 471 1178 iv.
497 1149 684 1188 Supplicatur
716 1158 767 1188 pro
797 1149 1008 1186 declaratione,
1032 1148 1127 1188 quod,

395 1198 470 1228 ultra
506 1197 663 1237 qualitates
694 1202 723 1227 et
754 1197 938 1227 conditiones
970 1197 1000 1227 in
1031 1197 1130 1227 littera

393 1246 496 1276 statuti
518 1255 681 1286 expressas,
697 1245 895 1276 admittendus
910 1246 944 1275 ad
961 1245 1128 1284 collegium,

393 1295 479 1325 iustis
501 1299 528 1324 et
551 1294 680 1324 honestis
703 1294 849 1324 natalibus
876 1298 1043 1333 procreatus
1066 1303 1130 1324 esse

393 1342 516 1380 debeat,
539 1343 733 1372 iustificandis
766 1351 833 1372 vere
855 1347 883 1372 et
905 1343 934 1372 in
957 1342 1078 1380 ellectu,
1101 1347 1129 1372 et

393 1401 451 1422 non
475 1391 692 1431 praesumptive
711 1395 836 1429 tantum,
853 1400 919 1428 nec,
936 1392 1002 1421 ficte
1018 1391 1130 1421 scilicet

394 1450 445 1480 per
463 1450 678 1481 quamcumque
694 1441 935 1479 legitimationcm
949 1453 956 1478 ς
972 1445 1000 1471 et
1015 1445 1131 1480 praeter

393 1490 475 1529 haec,
499 1490 577 1530 quod
600 1490 697 1520 nullus
716 1489 807 1529 possit
828 1490 954 1528 admitti,
972 1490 1029 1520 nisi
1044 1490 1131 1520 suerit

395 1543 423 1569 et
445 1539 481 1570 sit
503 1548 588 1569 verus
611 1539 682 1568 civis
704 1539 816 1577 origine
832 1538 952 1578 propria,
967 1543 995 1568 et
1010 1539 1132 1578 paterna

395 1590 430 1618 de
443 1588 453 1608 1
476 1588 594 1618 civitate
618 1588 784 1625 Ferrariae3
801 1588 878 1627 quod
896 1588 993 1628 aliqua
1010 1587 1131 1618 infami-51

395 1638 499 1673 notati,
523 1637 583 1666 sive
605 1637 678 1667 iuris
700 1637 761 1667 sive
784 1637 867 1675 sacti,
892 1638 936 1667 vcl
959 1637 1080 1676 indigna
1101 1647 1130 1667 a-

394 1687 490 1716 ctione
518 1686 714 1725 coinquinati,
742 1686 785 1715 vel
812 1686 960 1725 suspecti,
989 1687 1024 1716 de
1051 1697 1132 1726 prae-

396 1735 472 1765 senti
497 1735 540 1764 vel
564 1735 598 1765 de
622 1736 797 1774 praeterito,
826 1736 933 1765 seclusi
962 1741 1131 1766 remaneant

396 1789 424 1814 et
453 1784 572 1814 omnino
604 1784 756 1823 incapaces
789 1785 1023 1823 aggregationis,
1047 1786 1131 1815 sicuti

397 1833 592 1862 excludantur
620 1833 640 1862 ii
669 1833 719 1871 qui
746 1833 790 1862 vel
822 1834 1056 1871 consanguineos
1088 1834 1131 1864 vel

397 1882 500 1911 aflines
532 1881 561 1911 in
586 1891 777 1920 ¹quocumque
807 1883 899 1920 gradu
935 1882 1062 1912 habeant
1087 1883 1131 1913 vel

396 1931 552 1960 habuerint
582 1931 703 1960 infamia
735 1931 831 1960 taliter
852 1935 986 1968 notat0s3
1017 1942 1131 1963 necnon

397 1984 425 2009 et
447 1979 533 2008 etiam
555 1979 605 2018 qui
627 1979 736 2009 suerint
757 1979 884 2009 alicuius
906 1979 1057 2018 salsitatis,
1082 1981 1132 2010 ho-

398 2027 529 2064 micidii,
554 2027 597 2057 vel
625 2028 745 2058 alterius
767 2027 903 2057 notabilis
931 2028 1062 2058 criminis
1089 2030 1131 2059 rei

397 2076 442 2105 vel
466 2076 634 2115 processati.

437 2134 463 2153 v.
487 2124 653 2160 Quinimmo
676 2125 776 2154 laurea
793 2125 933 2155 doctorali
952 2125 1083 2164 insigniti
1099 2136 1132 2156 ac

397 2173 525 2203 decorati
548 2173 577 2202 in
600 2173 675 2202 almo
698 2173 825 2202 civitatis
848 2173 998 2203 Ferrariae
1031 2174 1133 2213 archy-

397 2223 540 2260 gininasio
563 2222 607 2252 vel
630 2222 688 2251 alia
706 2222 896 2252 universitate
913 2223 1034 2260 famosa,
1052 2223 1132 2262 prius

397 2281 460 2301 esse
475 2271 598 2301 debeant
613 2271 789 2309 aggregandi
806 2272 899 2309 quoad
922 2272 1130 2310 imposterum,

397 2320 532 2359 quodque
552 2320 582 2349 in
605 2329 749 2349 concursu
782 2319 1049 2357 admittendorum,
1079 2321 1132 2350 filii

399 2373 632 2408 procuratorum,
655 2373 775 2407 nepotes
791 2373 818 2398 et
833 2369 1053 2407 consanguinei,
1077 2373 1133 2399 sta-

399 2421 474 2447 tutas
502 2421 529 2447 et
562 2417 610 2446 hic
638 2416 741 2446 volitas
773 2417 955 2447 conditiones
978 2417 1130 2457 habentes,

399 2465 538 2505 praeferri
559 2465 666 2495 ceteris
687 2466 806 2495 omnino
828 2465 962 2495 debeant.

437 2522 475 2542 vi.
495 2513 741 2552 Quotiescumque
763 2514 812 2552 qui
835 2513 980 2543 admissus
1003 2518 1031 2544 et
1052 2524 1133 2545 acce-

400 2566 495 2601 ptatus
523 2562 577 2592 suit
598 2562 628 2592 in
651 2567 886 2601 procuratorem,
918 2563 1076 2602 patraverit
1104 2568 1133 2593 et

437 2665 446 2689 1
471 2662 540 2689 Edit.
561 2663 644 2690 Main.
663 2663 727 2698 legit
744 2672 772 2690 se
791 2665 829 2697 (n.
846 2665 894 2696 τ.).
919 2672 921 2674 ·

971 274 1151 298 ssULLMuUM
1175 275 1329 300 ROMANUM

1170 323 1321 354 admiserit
1342 324 1390 354 illa
1404 347 1411 361 ‚
1435 334 1508 364 quae
1522 347 1529 361 ,
1558 325 1718 355 secundum
1742 313 1907 365 supradicta

1171 370 1323 410 disposita,
1343 376 1410 402 sunt
1425 372 1613 412 impedientia
1629 374 1847 412 acceptationis,
1864 375 1909 404 in-

1173 420 1328 458 telligenda
1351 421 1410 450 sint
1432 421 1520 450 etiam
1551 431 1603 460 pro
1629 422 1835 452 dirimentibus
1861 431 1908 452 ac-

1173 469 1367 508 ceptationem
1390 469 1481 508 ipsam
1496 479 1503 506 ;
1521 469 1593 499 itaut
1615 470 1678 509 ipso
1699 470 1763 500 iure
1785 475 1813 500 et
1835 471 1908 501 facto

1172 517 1283 547 deletus
1305 517 1486 556 intelligatur
1508 518 1543 548 ab
1564 518 1648 555 albo,
1672 519 1758 549 etiam
1781 520 1843 549 sine
1865 520 1910 549 in-

1173 567 1281 596 stantia
1304 567 1406 606 partiS,
1424 572 1453 597 et
1475 567 1553 598 nulla
1576 570 1730 608 expectata
1751 569 1907 599 sententia.

1212 624 1261 645 vn.
1279 616 1359 651 Quod
1383 616 1504 646 facultas
1526 617 1721 655 congregandi
1737 617 1907 656 collegium,

1173 664 1309 694 devoluta
1326 665 1506 703 intelligatur
1521 665 1612 704 priori
1630 675 1681 704 pro
1698 670 1843 705 tempore,
1860 666 1909 697 ubi

1172 713 1330 752 requisitus
1352 713 1413 751 ille,
1442 713 1476 743 ad
1508 723 1594 753 quem
1629 714 1665 744 de
1698 714 1763 744 stilo
1797 720 1908 753 spectat

1173 771 1355 800 convocare,
1379 768 1549 800 recusaret,
1582 763 1625 793 vel
1654 768 1730 793 esset
1758 764 1909 802 negligens

1173 810 1202 840 in
1226 811 1433 848 convocando,
1467 811 1554 841 sicuti
1586 811 1614 841 in
1650 811 1751 842 ordine
1773 812 1909 842 exercitii

1173 859 1294 897 seniori,
1317 859 1385 889 data
1407 860 1513 898 prioris
1544 860 1725 890 recusatione
1748 860 1791 890 vel
1814 860 1909 898 negli-

1173 908 1292 945 gentia3
1310 913 1338 937 et
1351 908 1392 938 sic
1405 909 1569 939 successive
1587 913 1616 938 et
1632 909 1774 947 gradatim
1791 918 1842 947 pro
1858 909 1909 938 illa

1174 957 1235 987 vice
1248 961 1276 987 et
1288 967 1355 987 casu
1370 961 1493 994 tantum,
1507 962 1577 996 etc.,
1595 957 1691 988 habito
1707 962 1804 987 tamen
1820 966 1909 997 super

1174 1005 1341 1044 praemissis
1363 1006 1452 1035 verbo
1468 1015 1533 1035 cum
1549 1006 1781 1036 eminentissimo
1801 1007 1907 1044 legato.

1213 1063 1272 1084 vm.
1306 1054 1494 1093 Supplicatur
1524 1064 1575 1093 pro
1608 1055 1778 1085 extensione
1809 1055 1908 1085 Brevis

1173 1113 1238 1133 cum
1261 1103 1392 1133 clausula
1413 1103 1530 1141 sublata,
1555 1104 1639 1133 firma
1668 1108 1836 1134 remanente
1865 1105 1910 1134 iu-

1173 1152 1353 1188 risdictione,
1378 1162 1464 1191 quam
1488 1162 1538 1192 per
1560 1157 1644 1182 antea
1666 1152 1809 1182 habebant
1837 1153 1909 1182 emi-

1172 1200 1361 1231 nentissimus
1383 1201 1494 1239 legatus
1515 1205 1544 1231 et
1565 1201 1742 1240 prolegatus,
1766 1210 1834 1231 casu
1864 1202 1908 1231 in-

1173 1250 1313 1288 terregni,
1330 1249 1543 1288 interpretandi
1559 1254 1587 1279 et
1603 1250 1751 1280 iudicandi
1767 1255 1908 1280 statutum

1172 1299 1202 1328 in
1225 1298 1341 1328 casibus
1364 1298 1469 1335 dubiis,
1496 1308 1609 1328 necnon
1639 1299 1775 1338 ampliata
1805 1299 1908 1329 eadem

1172 1347 1375 1377 iurisdictione
1411 1356 1462 1386 pro
1494 1347 1736 1386 interpretatione
1757 1347 1856 1377 Brevis
1878 1349 1908 1378 in

1172 1395 1287 1425 casibus
1309 1395 1467 1432 similibus,
1490 1399 1646 1434 quatenuS,
1670 1400 1726 1425 etc.

1213 1445 1246 1474 Et
1268 1454 1295 1474 ix
1318 1444 1454 1483 denique,
1479 1444 1554 1484 quod
1575 1445 1683 1474 electus
1699 1449 1727 1475 et
1742 1450 1908 1484 accept-atus

1174 1498 1308 1523 teneatur
1330 1493 1427 1522 statim
1451 1493 1480 1522 in
1502 1492 1638 1523 manibus
1664 1493 1774 1523 domini
1804 1494 1909 1524 iudicis

1173 1541 1348 1580 sapientium
1372 1546 1520 1581 praestare
1538 1541 1733 1572 iuramentum
1755 1542 1810 1572 sub
1826 1551 1909 1582 prae-

1173 1591 1232 1620 cisa
1256 1591 1348 1621 forma
1368 1590 1518 1629 sequenti:

1215 1640 1279 1669 iuro
1300 1649 1346 1677 eye
1368 1639 1402 1669 N.
1417 1638 1451 1669 N.
1484 1649 1535 1678 per
1564 1639 1613 1669 SS.
1640 1640 1800 1669 Trinitatem
1829 1645 1853 1669 et
1875 1641 1910 1669 ad

1174 1692 1267 1717 saneta
1282 1687 1333 1717 Dea·
1348 1688 1506 1726 Evangelia,
1525 1698 1566 1717 me
1584 1689 1613 1717 in
1635 1689 1681 1726 iis,
1698 1699 1765 1727 quae
1787 1699 1803 1717 (ι
1824 1690 1910 1718 sacris

1174 1737 1320 1766 canonibus
1341 1741 1366 1766 ct
1387 1739 1558 1766 sacrosancta
1579 1739 1749 1766 oecumenici
1775 1738 1911 1767 Tridenti-

1175 1788 1211 1814 mt
1230 1785 1337 1823 Synoclo
1357 1789 1457 1814 statuta
1479 1789 1503 1814 et
1523 1785 1633 1823 delinita
1648 1790 1720 1820 sunt,
1737 1796 1822 1824 neque
1839 1796 1910 1816 nunc

1174 1835 1206 1863 in
1227 1833 1319 1872 aliquo
1340 1833 1493 1870 dissentire,
1517 1843 1602 1872 neque
1624 1833 1679 1863 ullo
1702 1844 1822 1873 unquam
1843 1840 1910 1864 tem-

1172 1892 1239 1921 pore
1254 1883 1458 1912 dissensurwn:
1472 1882 1616 1912 haereticis
1631 1883 1753 1912 omnibus
1768 1888 1791 1911 et
1803 1883 1909 1913 S.[{.E.

1175 1942 1229 1960 non
1249 1931 1511 1961 conmzzmz‘camitus
1541 1940 1648 1970 semper
1678 1932 1909 1967 adcersaturum,·

1175 1991 1268 2010 veram
1289 1986 1314 2009 et
1334 1990 1493 2018 germanum
1524 1980 1701 2009 obedientiam
1731 1990 1834 2010 summo
1857 1981 1910 2011 Ro·

1174 2039 1253 2058 <titano
1288 2029 1415 2067 Pontifici
1444 2030 1556 2067 eiusque
1587 2032 1611 2057 et
1643 2028 1812 2068 Apostolicae
1832 2029 1911 2060 Sedis

1175 2078 1269 2117 lefflctis
1295 2077 1496 2116 prolegetisque
1522 2081 1657 2117 perpetuo
1686 2080 1887 2117 praestiturum
1898 2091 1909 2113 ,-

1175 2127 1246 2164 lites,
1269 2136 1336 2165 quas
1357 2136 1419 2155 vere
1443 2127 1560 2156 ‘iniustus
1591 2128 1650 2165 fore
1682 2129 1909 2166 evistmmzverim,

1174 2185 1315 2214 ‘titlnqtfflm
1345 2180 1551 2214 SUSCBPMU'HHI,
1574 2180 1598 2204 El
1619 2180 1820 2215 susceptarum,
1844 2187 1912 2215 quas

1175 2225 1242 2254 tales
1276 2225 1459 2262 coynoverim,
1495 2225 1680 2262 patrocinium
1715 2225 1909 2263 deserturum,-

1175 2274 1245 2313 leges
1266 2282 1367 2310 onmes,
1390 2277 1502 2309 εΙαΙιιια,
1525 2274 1728 2302 coeistiluliones
1749 2279 1774 2302 et
1804 2275 1910 2304 decreta

1175 2323 1206 2351 de
1228 2322 1302 2351 nobis
1323 2326 1370 2350 aztt
1387 2322 1473 2360 officio
1488 2326 1578 2350 nostro
1593 2322 1774 2360 disponentia,
1791 2326 1816 2352 et
1829 2333 1911 2362 prae-

1174 2370 1266 2399 sertim
1281 2379 1349 2408 quae
1364 2368 1395 2397 ab
1417 2370 1629 2398 eminentissimo
1644 2374 1669 2398 et
1684 2371 1910 2400 reverendissimo

1174 2419 1280 2448 domino
1295 2418 1433 2447 cardinali
1447 2418 1533 2456 leqato
1549 2419 1656 2448 condita
1671 2420 1787 2457 fuerint,
1804 2429 1910 2459 semper

1174 2466 1372 2497 inviolabiliter
1388 2466 1604 2496 observaturum.

1214 2515 1409 2553 Congregata¹
1421 2515 1451 2544 in
1465 2515 1570 2554 palatio
1585 2516 1742 2555 apostolico
1753 2516 1908 2555 Quirinali,

1175 2568 1203 2594 et
1225 2563 1425 2594 mansionibus
1441 2564 1594 2594 reverendi
1612 2565 1700 2604 patris
1716 2565 1825 2595 domiui
1842 2565 1911 2595 I'as-

1211 2666 1222 2692 1
1245 2666 1339 2693 Potius
1357 2665 1416 2701 lege
1435 2666 1620 2700 conqreyatio
1639 2666 1678 2698 (u.
1696 2668 1745 2699 r).

1917 283 1962 304 Λιι.
1986 280 2015 305 C.
2034 279 2100 308 1734
