2182 3137
45 252 101 278 An.
121 250 152 278 c.
173 250 242 278 1732
867 252 1010 276 0101113115
1036 253 1082 276 x11
1106 255 1156 277 pp.
1667 246 1733 280 415
1779 258 1831 284 An.
1851 257 1884 284 c.
1903 257 1976 286 1⁷32

245 301 378 334 tendum
404 307 436 335 et
459 301 711 344 relinquendum
731 301 818 334 bona
839 300 986 333 ecelesia·
1030 302 1164 341 xoniae,
1189 303 1327 347 aliisque
1353 304 1530 338 ditionibus
1545 332 1552 345 ,
1588 312 1770 340 memorato

245 353 340 394 stica,
382 365 466 398 quae
505 353 760 398 praeteritorum
800 358 985 395 temporum
1029 354 1172 396 Augusto
1199 356 1277 398 regi,
1304 357 1350 388 uti
1375 358 1536 391 Saxoniae
1561 359 1635 391 duci
1663 359 1773 392 subie-

245 406 366 439 iniuria
390 418 427 440 ae
452 407 655 448 confusione,
682 407 757 439 dum
784 405 932 438 haeresis
953 406 986 438 in
1029 406 1109 446 ctis,
1138 409 1375 450 consistentia,
1406 411 1658 454 praeteritorum
1694 418 1774 445 tem-

245 470 285 493 eo
310 461 425 493 ducatu
451 460 559 494 omnia
583 460 745 499 misceret,
765 465 921 502 occupata
947 460 986 491 ab
1030 470 1148 502 porum
1173 462 1368 495 confusione
1388 471 1559 507 occupata,
1580 465 1664 497 sicut
1682 476 1778 508 prae-

245 513 310 546 illis
335 514 532 553 detinentur,
559 519 671 556 utpote
690 513 756 555 qui,
777 512 848 544 sine
873 512 912 543 iis
930 512 987 544 bo-
1030 513 1189 553 mittitur,
1216 516 1383 548 modernis
1402 527 1513 549 eorum
1531 518 1774 560 possessoribus

246 565 295 597 nis
310 592 317 605 ‚
342 566 425 598 vitae
452 567 614 598 humanae
639 564 793 597 subsidiis
817 565 867 597 vel
894 574 986 596 eom-
1029 576 1085 597 seu
1104 566 1337 606 detentoribus,
1353 569 1494 602 cuiusvis
1512 576 1625 610 status,
1645 572 1774 612 gradus,

246 618 469 657 moditatibus,
495 618 614 662 quibus
639 617 758 650 assueti
785 623 868 656 sunt,
895 628 987 650 exue-
1031 619 1177 658 ordinis,
1207 620 1386 661 dignitatis,
1413 623 1610 655 conditionis
1637 630 1776 667 etprae-

246 676 378 711 rentur,
405 682 587 714 eorumque
612 670 669 703 filii
706 677 737 703 et
761 670 902 703 familiae
928 680 986 702 ne·
1031 671 1229 705 eminentiae
1255 673 1399 714 fuerint,
1426 676 1480 717 qui
1517 677 1556 708 ad
1592 677 1776 710 catholicae

245 725 387 757 cessaria
428 724 711 763 substentatione,
758 723 809 755 cui
855 723 986 756 aliunde
1030 723 1193 756 Ecclesiae
1219 725 1375 758 unitatem
1401 727 1463 760 iam
1497 729 1690 769 redierunt,
1727 732 1777 764 vel

244 777 418 810 subvenire
439 777 623 820 nequirent,
649 786 760 809 carere
779 782 986 819 cogerentur,
1032 776 1246 820 imposterum
1272 780 1451 821 redierint,
1478 793 1659 825 eorumque
1698 794 1773 817 suc-

245 831 336 864 etad
360 831 473 864 duram
499 835 724 873 paupertatem
743 830 986 873 redigerentur:
1031 831 1216 863 cessoribus
1242 832 1502 877 quibuscumque
1527 836 1716 877 catholicis,
1744 844 1778 870 et

69 894 233 925 commutiqqe
288 884 303 927 ἓ
328 883 360 916 2.
388 884 470 917 Hine
495 890 545 917 est
576 884 663 927 quod
689 894 767 923 nos,
801 895 882 927 quos
915 895 988 917 0011-
1032 883 1063 915 in
1088 885 1274 919 sinceritate
1300 887 1504 921 orthodoxae
1530 889 1604 922 fidei
1624 901 1777 933 perseve-

40 922 349 971 -quamrunncmstimit
371 937 528 970 Dominus
555 948 656 980 super
680 937 833 970 familiam
870 948 959 970 suam
978 966 986 979 ,
1032 938 1178 971 rantibus
1194 965 1201 978 ‚
1227 942 1289 972 una
1314 951 1385 973 eum
1412 942 1570 975 fructibus
1595 945 1778 987 perceptis,

243 996 277 1024 ut
301 996 466 1034 tamquam
491 991 596 1024 fidelis
630 1002 742 1024 servus
779 998 811 1024 et
843 993 987 1034 prudens
1033 991 1148 1023 harum
1174 993 1260 1025 serie
1286 994 1325 1026 de
1357 995 1491 1037 speciali
1530 997 1616 1030 dono
1653 998 1776 1040 gratiae

241 1044 360 1077 Christi
392 1045 627 1088 patrimonium
661 1046 985 1086 administraremus,
1032 1046 1180 1088 plenarie
1207 1047 1425 1089 remittimus,
1455 1050 1700 1092 condonamus,
1727 1062 1779 1085 ce-

242 1097 468 1130 reductionem
493 1098 626 1131 ducatus
645 1099 804 1141 praedicti
823 1099 862 1131 ad
881 1100 988 1132 0111110-
1033 1099 1138 1131 dimus
1166 1105 1198 1132 et
1223 1103 1424 1143 relaxamus3
1452 1103 1612 1147 dictisque
1649 1116 1779 1148 posses-

242 1150 322 1183 licae
348 1157 380 1183 et
404 1151 595 1184 universalis
627 1152 789 1185 Ecclesiae
818 1153 986 1193 unionem,
1032 1153 1162 1185 soi-ihus
1202 1164 1260 1186 seu
1302 1156 1553 1197 detentoribus,
1595 1169 1777 1202 eorumque

243 1209 356 1247 totque
382 1205 560 1237 animarum
586 1206 723 1238 salutem
750 1208 850 1239 nullis
887 1213 986 1240 terre·
1031 1207 1294 1247 successoribus,
1320 1214 1355 1241 ut
1379 1209 1441 1252 ipsi
1466 1211 1505 1243 dc
1528 1211 1624 1245 bonis
1649 1214 1778 1256 praesa—

242 1267 357 1290 narum
381 1269 491 1291 rerum
521 1259 724 1302 respectibus·
757 1260 909 1303 impediri
934 1268 988 1294 aut
1034 1259 1093 1300 tiS,
1121 1266 1284 1304 tamquam
1310 1262 1376 1295 suis
1403 1265 1568 1307 propriis,
1594 1272 1657 1299 tam
1692 1268 1777 1301 inter

242 1312 400 1344 retardari
427 1313 549 1345 debere
574 1313 818 1356 existimantes3
845 1325 880 1347 ac
911 1326 987 1358 pro-
1032 1313 1134 1352 vivos,
1157 1325 1254 1356 quam
1280 1326 1316 1348 cx
1344 1319 1438 1349 causa
1463 1319 1593 1359 mortis,
1619 1326 1673 1352 aut
1697 1322 1778 1355 alias

241 1364 342 1404 inde,
369 1376 451 1408 quae
477 1372 609 1408 gentem
646 1366 804 1400 saxonem
837 1380 854 1400 a
890 1380 985 1402 verae
1031 1367 1278 1408 quomodolibet
1318 1369 1489 1412 disponere
1525 1373 1670 1415 possint,
1709 1376 1778 1417 ple-

240 1418 410 1461 religionis
436 1419 606 1462 proposito
628 1447 635 1460 ,
661 1420 910 1454 amittendarum
943 1423 986 1454 t‘a-
1031 1430 1103 1452 nam
1130 1426 1162 1453 et
1187 1421 1324 1454 liberam
1351 1428 1464 1456 tenore
1482 1426 1704 1467 praesentium
1724 1428 1778 1460 tri-

241 1473 397 1505 cultatum
422 1480 523 1514 metu,
549 1474 832 1518 incurrendaeque
849 1477 985 1509 miserae
1031 1474 1158 1506 buiuius
1177 1474 1364 1508 facultatem
1383 1482 1413 1508 et
1430 1483 1642 1519 potestatem:
1668 1491 1776 1524 neque

241 1526 395 1568 egestatis
410 1527 743 1567 horrore,retrahere
756 1533 898 1572 possent,
915 1530 986 1562 sub·
1030 1527 1105 1560 illos
1130 1538 1191 1571 pro
1218 1534 1310 1571 parte
1335 1528 1428 1562 Sedis
1453 1532 1684 1575 apostoticae,
1723 1546 1776 1568 ec-

241 1589 373 1612 movere
398 1581 565 1620 volentes;
593 1581 756 1624 nobisque
782 1583 985 1625 persuaden-
1030 1581 1225 1621 etesiarum,
1257 1584 1527 1617 monasteriorum
1561 1592 1591 1618 et
1626 1588 1776 1622 locorum

241 1637 305 1672 tes,
331 1643 413 1676 opus
438 1633 641 1667 reductionis
658 1635 843 1668 huiusmodi
862 1647 901 1669 eo
920 1648 983 1669 ma-
1028 1636 1178 1678 piorum‚
1205 1643 1261 1669 aut
1284 1649 1502 1680 personarum
1540 1642 1777 1676 ecclesiastiea-

240 1686 325 1718 iores
352 1696 545 1729 progressus
570 1687 757 1721 habiturum
788 1690 881 1729 sore,
920 1701 983 1733 quo
1030 1698 1100 1720 rum
1117 1715 1124 1729 ,
1151 1689 1190 1721 ad
1217 1701 1297 1732 quas
1322 1699 1353 1723 et
1377 1702 1461 1734 quae
1486 1693 1573 1725 bona
1608 1696 1776 1737 praedicta

240 1740 379 1783 amplior
402 1741 601 1784 uberiorque
627 1741 658 1774 in
677 1742 770 1775 bonis
789 1744 985 1776 ecclesiasti-
1030 1741 1106 1774 olim
1132 1743 1358 1785 pertinebant,
1385 1751 1437 1776 aut
1462 1745 1600 1779 aliorum
1622 1759 1776 1791 quorum—

239 1792 284 1825 cis
308 1793 511 1827 remittendis
536 1801 646 1828 nostra
670 1801 702 1828 et
728 1796 823 1829 liuius
847 1798 983 1831 Sanctae
1029 1795 1074 1827 vis
1099 1795 1131 1827 in
1158 1796 1203 1828 eis
1230 1807 1285 1829 seu
1310 1797 1350 1829 ad
1376 1808 1414 1830 ea
1447 1799 1495 1831 ius
1531 1802 1581 1833 vel
1613 1801 1774 1836 interesse

239 1846 332 1879 Sedis
358 1853 532 1891 perspecta
557 1849 656 1882 suerit
680 1850 866 1893 benignitas
893 1852 984 1884 etin·
1030 1848 1221 1881 habentium
1246 1860 1302 1882 seu
1328 1850 1450 1884 habere
1468 1854 1773 1897 praetendentium,

241 1900 433 1942 dulgentia:
459 1907 536 1944 post
560 1908 744 1943 maturam,
781 1915 876 1946 quam
913 1916 984 1937 cum
1029 1902 1157 1934 ratione
1184 1908 1216 1935 et
1240 1903 1413 1936 occasione
1439 1905 1692 1947 praemissorum
1718 1908 1774 1941 de—

240 1953 366 1996 aliquot
391 1965 428 1986 ex
466 1955 704 1989 venerabilibus
741 1957 890 1990 fratribus
928 1969 984 1991 no-
1029 1966 1128 1998 supet·
1153 1957 1340 1995 molestari,
1378 1957 1575 2000 inquietari,
1609 1966 1665 1992 aut
1700 1972 1775 2005 per-

241 2006 316 2038 stris
342 2006 373 2039 S.
395 2007 430 2039 R.
454 2007 488 2039 E.
517 2008 739 2041 cardinalibus
761 2010 902 2054 desuper
929 2012 984 2044 lia-
1030 2011 1151 2043 turbari
1177 2022 1297 2053 posse,
1324 2018 1432 2052 motu,
1459 2014 1595 2048 scientia
1620 2022 1651 2049 et
1683 2023 1774 2060 pote-

235 2060 371 2093 buimus
386 2061 667 2101 deliberationem,
685 2065 983 2107 11011111111011111111110
1030 2064 1151 2096 testatis
1178 2065 1383 2107 plenitudine
1410 2067 1556 2109 paribus,
1587 2070 1770 2111 statuimus,

240 2114 460 2147 Romanorum
484 2114 675 2148 Pontificum
696 2117 983 2159 praedecessorum
1029 2118 1234 2151 decernimus
1257 2124 1288 2151 et
1314 2119 1529 2153 declaramus.

240 2174 426 2201 nostrorum
440 2168 584 2211 vestigiis
597 2196 604 2209 ‚
624 2180 751 2203 necnon
769 2172 869 2204 menti
880 2173 983 2206 felicis
1071 2172 1086 2214 g
1111 2170 1142 2203 3.
1165 2171 1234 2204 Non
1253 2172 1458 2206 obstantibus
1476 2174 1514 2206 de
1533 2174 1601 2208 iure
1621 2177 1770 2219 quaesito
1781 2182 1966 2234 specfflffffgtguffi

239 2222 479 2255 recordationis
505 2221 682 2256 Clementis
709 2224 813 2267 Papae
831 2226 870 2257 Xl
889 2236 983 2268 prae-
1028 2236 1092 2258 non
1121 2225 1266 2258 tollendo
1285 2253 1292 2266 ,
1321 2226 1460 2269 aliisque
1486 2228 1608 2262 nostris
1634 2235 1666 2262 et
1691 2231 1844 2283 Gan’f1⁵‹i³.⁰³
1874 2216 1965 2264 deroga-

239 2275 424 2308 decessoris
450 2275 562 2308 itidem
584 2277 705 2318 nostri,
723 2278 817 2311 nobis
835 2279 982 2322 adprime
1027 2279 1180 2312 cellariae
1217 2279 1423 2321 Apostoticae
1459 2282 1581 2323 regulis
1596 2309 1603 2322 ,
1637 2294 1769 2317 necnon

238 2334 358 2368 notae,
383 2329 591 2370 insistentes,
618 2330 657 2363 de
683 2332 873 2364 eorumdem
893 2344 982 2367 vene·
1027 2333 1223 2365 recolendae
1248 2333 1423 2366 memoriae
1448 2334 1660 2377 Symmachi,
1687 2349 1770 2381 quae

239 2381 392 2415 vabilium
418 2383 552 2415 fratrum
578 2389 766 2417 nostrorum
792 2386 931 2420 consilio
951 2393 982 2419 et
1026 2386 1140 2429 incipit
1163 2385 1236 2418 Non
1262 2385 1334 2418 licet
1351 2413 1360 2426 ,
1389 2397 1424 2419 ae
1449 2387 1537 2421 Pauli
1573 2389 1597 2421 11
1634 2392 1770 2433 praede-

239 2445 370 2468 assensu
391 2462 398 2475 ,
424 2446 461 2468 ac
486 2435 583 2468 etiam
609 2443 695 2470 motu
721 2440 855 2482 proprio
881 2447 913 2473 et
944 2452 979 2473 ex
1026 2450 1189 2472 cessorum
1215 2451 1344 2483 quoque
1377 2447 1562 2474 nostrorum
1596 2443 1635 2476 de
1672 2446 1769 2479 rebus

239 2490 328 2521 certa
344 2488 479 2522 scientia
497 2489 633 2529 nostris,
654 2491 760 2534 deque
779 2494 981 2535 apostolicae
1025 2493 1192 2526 Ecclesiae
1219 2505 1284 2527 11011
1310 2495 1509 2534 alienandis,
1535 2501 1567 2528 et
1599 2497 1768 2540 quibusvis

239 2542 409 2584 potestatis
433 2542 641 2585 plenitudine
655 2571 662 2585 ‚
681 2545 789 2577 omnia
807 2552 838 2578 ct
853 2547 981 2590 singula
1025 2547 1095 2580 aliis
1110 2548 1308 2590 apostolicis
1324 2559 1360 2581 ac
1373 2546 1423 2580 in⁴
1438 2548 1679 2584 universalibus
1697 2563 1769 2595 pro-

234 2594 326 2627 bona
349 2594 569 2628 ecclesiastica
592 2597 827 2641 cuiuscumque
849 2601 981 2643 qualita-
1025 2602 1280 2645 vincialibusque
1313 2607 1345 2635 et
1376 2603 1586 2645 synodalibus
1619 2606 1767 2640 conciliis

236 2647 291 2689 tis,
318 2647 508 2691 quantitatis
531 2654 563 2682 et
587 2650 706 2683 valoris
732 2651 765 2684 in
790 2652 907 2686 ducatu
925 2654 981 2688 Sa·
1062 2665 1069 2690 1
1096 2663 1244 2698 praeposit.
1267 2665 1299 2691 z'n
1320 2672 1368 2692 nos
1387 2665 1512 2692 addimus
1531 2667 1571 2701 (a.
1588 2668 1637 2700 T.).
