2182 3137
90 233 138 261 An.
155 233 185 261 C.
208 234 275 261 ¹732

274 283 365 316 divus
383 285 587 324 Benedictus,
616 296 734 328 parens
761 291 792 318 et
818 292 929 318 auctor
948 292 1010 318 tam

273 338 431 380 praeclari
462 349 498 370 ac
526 338 738 381 antiquissimi
761 338 927 370 monastici
955 338 1010 371 Or—

274 390 379 430 dinis,
406 390 458 433 qui
490 402 506 422 a
540 401 598 422 suo
626 391 756 423 nomine
783 391 1011 423 Benedictinus

274 443 403 483 dicitur,
428 444 525 482 unde,
544 449 577 475 ut
605 449 713 476 notum
741 449 797 483 est,
821 445 1010 487 prodierunt

273 501 320 529 101
345 496 514 529 Pontifices
540 497 677 537 Maximi,
695 504 825 530 sanctae
846 498 1010 531 Romanae
1032 497 1034 519 ³

271 548 433 582 Ecclesiae
471 550 676 588 cardinales,
703 551 848 594 episcopi
890 551 1010 594 aliique
1032 558 1033 568 ¹

237 615 241 622 ·
271 603 356 635 vitae
383 603 617 642 sanctimonia,
644 603 800 646 singulari
826 604 946 646 pietate
976 614 1011 635 ac

272 656 419 688 doctriua
434 656 534 688 incliti
550 657 622 697 viri,
639 657 690 700 qui
706 657 881 689 Ecclesiam
900 657 1011 689 catho-

270 707 365 741 licam
388 709 524 742 mirifice
547 711 760 749 illustrarunt,
781 711 1010 743 orthodoxam-

272 772 334 805 que
372 763 562 805 religionem
595 763 821 806 multipliciter
849 775 1010 807 propaga-

270 822 367 858 runt,
399 827 516 860 magno
542 817 573 849 in
606 817 731 850 honore
757 828 793 850 ae
818 818 1006 850 veneratio-

270 880 310 903 ne
331 881 346 903 a
365 870 630 903 christifidelibus
650 870 761 903 haberi
782 871 891 914 coepit
911 871 1009 904 Sacer

269 923 401 967 Specus,
422 924 476 957 ubi
496 925 580 956 idem
609 930 738 957 sanctus
756 924 954 957 Benedictus
975 925 1006 957 in

269 987 382 1020 aspero
403 984 510 1010 11101110
531 978 588 1009 sub
615 977 783 1021 praecipiti
804 989 883 1022 rupe
906 990 1006 1022 prope

268 1030 678 1075 80111000101111110511111105
693 1032 854 1065 solitarius
869 1032 1005 1072 delituit,

268 1095 305 1117 ac
331 1084 434 1127 prima
459 1084 587 1117 Ordinis
620 1096 635 1117 a
668 1096 701 1118 se
733 1085 868 1118 instituti
896 1086 1007 1119 sunda-

268 1143 377 1170 menta
401 1137 488 1170 iecit.
519 1138 607 1171 Unde
626 1138 656 1170 111
675 1150 713 1172 00
732 1139 801 1172 1000
828 1145 1006 1173 extructum

268 1191 327 1223 suit
344 1191 571 1224 monasterium
598 1192 834 1225 monachorum
861 1193 934 1225 dicti
952 1193 1006 1226 Or-

269 1244 352 1277 dinis
386 1245 445 1277 sub
479 1245 742 1278 denominatione
772 1245 859 1279 Sacri
885 1246 1006 1290 Specus

268 1309 304 1332 ac
328 1299 598 1342 Congregationis
624 1300 826 1344 Specuensis,
849 1301 880 1333 in
907 1302 1004 1345 quod,

268 1354 416 1396 exemplo
434 1359 598 1395 gestorum
624 1355 663 1386 ab
689 1355 758 1398 ipso
776 1354 807 1387 S.
831 1355 1006 1388 Benedicto

268 1407 342 1439 dum
368 1407 452 1440 inter
477 1407 627 1441 homines
653 1409 857 1448 versabatur,
885 1409 1006 1442 duode-

267 1459 327 1492 cim
342 1461 493 1493 monachi
513 1462 662 1494 cucullati
680 1472 751 1494 01110
770 1462 814 1495 015
833 1462 1005 1495 inservien-

268 1513 352 1546 tibus
370 1514 510 1557 primum
540 1515 714 1547 introducti
734 1521 819 1547 sunt.
850 1515 1004 1559 Licetque

266 1566 404 1599 subinde
423 1567 581 1600 eiusmodi
601 1569 832 1601 monasterium
848 1569 888 1601 011
907 1568 1002 1608 bella,

266 1619 425 1660 incendia,
450 1620 660 1654 barbarorum
687 1621 888 1655 incursiones
913 1622 1003 1655 alias-

266 1685 328 1718 que
343 1675 531 1718 ingruentes
547 1676 746 1709 calamitates
765 1676 906 1709 funditus
921 1687 1004 1709 ever-

265 1738 347 1769 sum,
366 1739 402 1761 ae
429 1730 552 1762 tametsi
581 1729 743 1763 multoties
769 1730 1003 1770 instauratum,

265 1792 300 1814 ac
317 1782 454 1815 vicissim
475 1783 613 1815 dirutum
632 1783 758 1823 suisset;
775 1783 1002 1824 nihilominus,

265 1835 322 1868 illo
348 1846 459 1868 rursus
491 1836 661 1870 aedificato
688 1847 771 1870 anno
796 1847 867 1877 11100,
886 1837 1004 1870 Roma-

265 1898 324 1922 nus
365 1895 441 1922 tunc
481 1891 636 1933 temporis
676 1890 774 1923 abbas
813 1891 1001 1924 monasterii

265 1942 297 1975 S.
320 1942 538 1976 Scholasticae
559 1943 764 1976 Sublacensis
783 1945 928 1977 eiusdem
946 1944 1003 1977 Or-

265 1996 349 2029 dinis
374 1997 554 2037 mandavit,
580 2003 612 2030 ut
639 1997 668 2029 in
696 1997 779 2030 dicto
805 1998 1003 2031 monasterio

264 2049 352 2082 Sacri
384 2049 504 2092 Specus
542 2050 696 2083 continuo
724 2051 882 2084 resideret
918 2062 1002 2084 110115

263 2103 469 2146 praepositus
502 2103 566 2136 sive
602 2104 692 2147 prior
727 2105 905 2138 claustralis
930 2115 1001 2137 cum

263 2156 327 2189 suis
344 2157 513 2190 monachis
539 2157 626 2190 iuxta
653 2158 889 2202 praescriptum
909 2169 1003 2201 regu-

262 2210 311 2243 lae
336 2209 436 2253 ipsius
460 2210 492 2243 S.
520 2210 696 2253 Benedicti,
718 2211 822 2255 iisque
847 2223 908 2256 per
934 2224 1002 2245 mo·

262 2264 437 2297 nasteriurn
474 2264 506 2297 S.
533 2264 752 2298 Scholastieae
772 2292 779 2305 ,
806 2276 871 2298 non
904 2267 1001 2309 longe

262 2316 337 2350 inde
363 2317 522 2358 dissitum,
543 2319 722 2351 necessaria
749 2319 902 2352 alimenta
926 2320 1002 2353 sub-

262 2370 545 2411 ministrarentur,
571 2382 607 2404 ac
639 2372 762 2414 aegroti
797 2372 1002 2406 deferrentur

262 2423 328 2457 illie
353 2425 498 2457 curandi.
536 2425 597 2458 Sed
634 2426 708 2469 quia
744 2436 896 2459 successu
924 2432 1002 2460 tem-

261 2478 350 2522 poris
388 2478 463 2511 dicti
499 2478 668 2511 duodecim
705 2479 856 2512 monachi
895 2481 1000 2513 forsan

261 2531 433 2565 sustentari
463 2531 661 2575 nequibant,
687 2533 848 2575 quondam
874 2533 1000 2567 Laudas

261 2585 417 2628 praedicti
442 2586 629 2619 monasterii
654 2586 685 2618 S.
712 2586 929 2620 Scliolasticae
951 2587 1000 2619 iti-

262 2639 334 2674 dem
359 2639 470 2682 abbas,
495 2640 582 2675 iussu
608 2640 800 2675 recolendae
824 2640 1000 2675 memoriae

904 237 1046 261 CLEMENS
1073 237 1119 262 ΧΠ
1143 239 1193 263 PP.

1056 286 1204 328 Gregorii
1224 288 1328 331 Papae
1347 289 1384 321 IX
1404 290 1666 332 praedecessoris
1691 289 1795 323 nostri

1056 340 1109 382 qui
1130 341 1311 373 devotionis
1331 346 1427 374 eausa
1445 343 1574 376 Sacrum
1597 344 1732 386 Specum
1753 344 1796 375 in-

1055 394 1184 434 viserat,
1210 395 1367 428 ordinarit
1388 408 1440 428 sex
1464 397 1583 429 ibidem
1614 398 1793 430 monachos

1056 445 1171 487 iugiter
1196 448 1260 480 Deo
1287 450 1431 482 lamulari
1460 451 1590 489 debere,
1610 451 1727 494 quibus
1746 451 1793 483 di-

1055 510 1163 532 versas
1177 502 1399 543 possessiones
1414 514 1474 546 pro
1494 515 1606 536 eorum
1621 504 1794 537 subsisten·

1056 553 1096 584 tia
1114 555 1288 594 concessio
1305 566 1424 598 sexque
1440 558 1590 590 monachi
1607 557 1792 590 huiusmodi

1054 605 1086 637 in
1105 607 1249 648 praefato
1275 610 1475 642 monasterio
1493 610 1578 643 Sacri
1605 611 1726 654 Specus
1749 622 1795 644 re-

1055 659 1207 691 sederunt
1234 671 1335 703 usque
1362 662 1400 694 ad
1427 673 1545 695 annum
1563 673 1695 703 mcccxx,
1721 675 1793 696 cum

1055 717 1128 744 1000
1154 713 1421 748 Bartholomaeus
1448 716 1557 755 abbas,
1580 717 1692 750 videns
1718 728 1795 750 con-

1053 775 1179 798 cursum
1207 766 1369 810 hospitum
1406 770 1675 812 peregrinorum,
1708 772 1791 804 alio-

1053 829 1188 862 rumque
1202 820 1332 863 piorum
1347 821 1500 863 fidelium,
1513 824 1565 866 qui
1578 834 1702 856 sacrum
1719 835 1792 857 eum

1053 873 1160 905 locum
1187 874 1313 907 assidue
1341 875 1501 908 visitatum
1528 876 1624 918 ibant,
1650 877 1793 920 vestigiis

1052 936 1087 957 ac
1114 928 1247 969 regulae
1285 928 1429 962 eiusdem
1455 930 1486 962 S.
1515 930 1680 963 Benedicti
1714 931 1792 963 insi-

1029 1002 1030 1006 1
1051 981 1189 1020 51011110,
1217 982 1324 1015 denuo
1351 983 1495 1016 decrerit
1515 985 1600 1017 utin
1626 985 1792 1028 praedicto

1051 1035 1248 1068 monasterio
1267 1036 1353 1069 Sacri
1381 1037 1501 1080 Specus
1529 1039 1699 1072 duodecim
1724 1050 1792 1073 mo-

1051 1089 1147 1121 nachi
1175 1090 1233 1122 sub
1259 1091 1419 1133 regimme
1443 1093 1538 1125 huius
1562 1093 1681 1136 prioris
1706 1094 1793 1126 elau-

1051 1141 1156 1174 stralis
1182 1143 1347 1186 degerent,
1375 1156 1434 1188 pro
1461 1157 1597 1189 quorum
1623 1146 1788 1185 alimonia,

1050 1196 1134 1228 ultra
1159 1197 1246 1229 varia
1272 1197 1357 1230 bona
1390 1198 1451 1231 iam
1478 1210 1494 1231 a
1519 1200 1584 1232 suis
1609 1205 1792 1234 antecesso-

1050 1249 1140 1281 ribus
1166 1250 1300 1290 donata‚
1326 1262 1449 1285 annuos
1475 1252 1575 1296 ipsius
1602 1254 1789 1287 monasterii

1049 1302 1193 1335 redditus
1219 1304 1361 1337 adauxit.
1388 1305 1530 1348 idipsum
1563 1317 1692 1350 quoque
1725 1307 1790 1339 dis-

1049 1362 1228 1398 posuerunt
1258 1357 1358 1390 felicis
1389 1359 1628 1392 recordationis
1653 1361 1790 1394 Alexan-

1050 1409 1107 1441 der
1124 1409 1160 1441 tv
1178 1414 1209 1442 et
1227 1409 1399 1453 Gregorius
1414 1411 1435 1443 Y
1456 1411 1591 1445 Romani
1619 1413 1788 1447 Pontifices

1048 1463 1319 1505 praedecessores
1346 1464 1455 1503 nostri,
1476 1465 1529 1508 qui
1555 1471 1639 1498 ratas
1665 1467 1790 1499 habue-

1049 1521 1123 1548 runt
1140 1526 1252 1549 omnes
1276 1518 1468 1551 donationes
1488 1519 1574 1552 dicto
1591 1521 1789 1554 monasterio

1047 1568 1134 1601 Sacri
1170 1569 1292 1613 Specus
1329 1576 1421 1604 antea
1448 1572 1565 1612 factas,
1597 1575 1789 1607 mandantes

1047 1623 1130 1665 quod
1165 1623 1208 1656 ibi
1234 1635 1364 1668 semper
1389 1626 1471 1658 soret
1491 1637 1576 1659 unus
1603 1628 1693 1670 prior
1717 1639 1787 1661 cum

1047 1675 1215 1710 duodecim
1250 1679 1417 1711 monachis
1449 1690 1484 1712 ac
1518 1680 1644 1713 duobus
1672 1681 1789 1714 oblatis

1047 1741 1101 1763 seu
1120 1731 1292 1773 conversis,
1311 1733 1461 1776 quodque
1488 1734 1585 1767 abbas
1603 1735 1787 1768 monasterii

1046 1783 1074 1817 S.
1094 1784 1326 1825 Scholastieae,
1352 1786 1404 1829 qui
1434 1787 1567 1830 praefati
1598 1789 1786 1821 monasterii

1046 1837 1131 1870 Sacri
1160 1837 1281 1881 Specus
1308 1840 1460 1883 superior
1478 1842 1679 1881 remanebat,
1703 1852 1788 1874 sum-

1046 1897 1119 1934 ptus
1133 1891 1224 1934 panis
1241 1892 1347 1924 etvini
1363 1898 1423 1925 tam
1439 1893 1477 1926 iis
1493 1905 1587 1937 quam
1600 1895 1787 1938 hospitibus

1046 1945 1294 1978 adventantibus
1314 1946 1423 1979 dietim
1444 1947 1681 1990 suppeditaret.
1701 1948 1786 1987 Quae

1047 1998 1154 2031 omnia
1194 1999 1239 2031 sic
1275 2000 1425 2033 ordinata
1459 2002 1665 2044 postmodum
1701 2013 1785 2036 anno

1045 2062 1209 2085 mccccxxv
1245 2053 1360 2086 similis
1397 2055 1631 2088 reeordationis
1657 2056 1781 2099 Grego-

1046 2105 1111 2138 rius
1127 2106 1164 2138 >11
1179 2106 1414 2149 praedecessor
1431 2119 1558 2152 quoque
1580 2115 1691 2142 noster
1708 2120 1786 2153 apo-

1046 2159 1160 2192 stolica
1185 2159 1374 2193 auctoritate
1402 2162 1589 2205 approbavit
1614 2168 1645 2195 et
1669 2163 1785 2196 confir-

1044 2212 1154 2244 mavit.
1174 2212 1439 2247 increbrescente
1466 2221 1571 2247 11111001
1591 2215 1706 2248 exinde
1725 2216 1785 2248 ser—

1046 2276 1120 2299 vore
1145 2267 1391 2307 monachorum,
1413 2269 1465 2311 qui
1484 2268 1629 2301 certatim
1655 2268 1783 2301 Sacrum

1044 2319 1180 2363 Specum
1205 2320 1388 2353 inhabitare
1415 2322 1599 2364 cupiebant,
1618 2333 1721 2366 usque
1743 2324 1783 2355 ab

1045 2385 1129 2406 anno
1155 2384 1310 2407 MCCCLxM
1337 2374 1525 2407 Franciscus
1551 2376 1649 2409 abbas
1674 2386 1784 2420 supra-

1044 2427 1119 2459 dicti
1147 2427 1334 2459 monasterii
1354 2428 1385 2460 S.
1405 2428 1635 2469 Scholasticae,
1656 2429 1710 2472 pio
1733 2441 1783 2463 eo-

1045 2491 1114 2513 11101
1142 2480 1304 2513 desiderio
1330 2481 1517 2514 satisfacere
1542 2483 1665 2519 votens.
1693 2494 1783 2526 quas-

1044 2535 1116 2567 dam
1142 2535 1173 2566 in
1199 2534 1276 2567 locis
1294 2534 1397 2567 cidem
1416 2535 1512 2568 Sacro
1531 2535 1648 2579 Specui
1668 2537 1781 2571 vicinis

1043 2588 1221 2621 construxit
1246 2588 1363 2628 aedes,
1390 2588 1428 2620 ad
1454 2588 1555 2622 instar
1580 2600 1781 2632 eremorum,

1043 2651 1119 2685 quas
1145 2641 1333 2675 incolebant
1357 2642 1509 2677 monachi
1544 2643 1598 2688 qui
1634 2644 1781 2679 solitudi-

1693 231 1757 266 309
1804 240 1854 266 An.
1876 239 1904 267 c.
1923 239 1989 268 1732>
