2182 3137
80 201 182 232 Aine.
199 201 268 231 ¹730

116 1854 166 1876 Cum
189 1855 221 1876 eis
241 1861 276 1876 Δι·11

90 1887 128 1907 per
167 1882 275 1903 delatione

89 1909 109 1928 li
106 1909 176 1929 sistam
187 1909 275 1930 clerica·

90 1935 115 1956 lis
133 1935 164 1955 dr·
156 1937 250 1961 pensat.

884 199 1028 224 C'LEMENS
1053 199 1099 223 ΧΠ
1125 200 1174 224 ΡΡ.

278 251 418 285 iusmodi
445 252 626 295 capacibus,
647 249 800 284 similiter
825 249 887 289 eis,
914 248 1022 291 quoad

279 305 441 346 vixerint,
466 305 516 338 vel
542 314 653 338 eorum
679 302 953 347 procuratoribus
979 301 1024 333 le-

281 358 400 401 gitimis
417 385 425 399 ,
452 358 572 391 eisdem
599 356 696 389 modo
722 361 754 389 et
778 356 880 388 forma
904 354 1023 397 quibus

281 412 405 444 eisdem
432 411 587 454 dapiferis
619 414 801 443 reservatae
834 418 891 440 seu
917 417 1024 441 reser-

281 465 345 497 vati
371 470 481 504 erant,
507 464 602 497 etiam
629 464 751 507 absque
776 461 937 495 beneficia
966 460 1025 493 hu-

282 517 421 550 iusmodi
448 516 667 550 obtinentium
693 526 875 555 consensu,
895 515 1024 557 integre

280 571 516 614 persolvendas
541 581 597 603 seu
623 569 860 614 persolvendos
876 595 883 609 ,
910 573 942 601 et
965 577 1025 611 pei
1045 577 1047 611 ξ

282 633 338 656 eos
362 623 602 667 percipiendas,
629 622 821 666 exigendas,
848 621 1022 659 levandas,

282 686 318 709 ac
343 676 589 720 percipiendos,
617 676 816 719 exigendos,
842 674 1022 715 levandos

283 739 472 769 reservare,
500 729 700 763 constituere
727 734 759 762 et
780 728 946 772 assignare
972 738 1046 760 vas

282 784 386 816 leant:
411 783 539 826 ipsique
566 783 763 816 translatarii
789 782 820 815 in
846 781 1023 825 possessio-

283 846 358 869 nem
384 835 486 869 dictas
511 835 687 879 pensiones
713 835 876 878 exigendi,
904 836 935 868 in
963 845 1048 883 quai

283 888 345 932 ipsi
372 888 509 932 dapiferi
536 894 686 932 tempore
717 887 939 921 translationis
966 886 1048 931 peri

284 952 339 975 eos
356 942 466 984 vigore
483 941 705 986 praesentium
722 941 888 974 faciendae
908 941 1025 974 existe·
1046 954 1047 959 ¹

283 995 377 1036 bant,
402 995 434 1028 in
460 995 612 1029 omnibus
638 1001 670 1028 et
694 1005 751 1038 per
776 994 885 1028 omnia
910 994 1026 1028 subro-

284 1049 348 1091 gati
375 1059 446 1082 esse
471 1054 675 1088 censeantur,
693 1048 788 1081 etiam
815 1049 1025 1081 concedimus

286 1107 318 1136 et
342 1102 557 1144 indulgemus,
583 1101 709 1134 etiamsi
728 1101 865 1134 similem
892 1101 1025 1143 gratiam

288 1166 306 1189 a
325 1154 634 1199 praedecessoribus
659 1155 783 1187 nostris
809 1155 888 1188 alias
916 1155 1025 1187 forsan

288 1208 500 1248 obtinuerint,
518 1218 576 1241 seu
594 1208 732 1251 quilibet
749 1218 863 1241 corum
882 1208 1028 1241 obtinue-

286 1261 338 1302 rit,
357 1261 449 1294 euius
466 1260 582 1294 effectu
600 1262 796 1294 cumulative
815 1271 869 1294 eos
886 1261 1027 1304 gaudere

287 1320 320 1347 et
343 1314 440 1358 potiri
472 1315 642 1355 volumus;
676 1315 907 1354 decernentes,
940 1314 1027 1358 ipsas

286 1367 541 1409 translationes,
566 1373 598 1400 et
628 1378 727 1401 novas
763 1368 1024 1408 reservationes,
1048 1362 1051 1420 ἶ

287 1421 536 1454 constitutiones
567 1426 599 1454 et
623 1420 860 1464 assignationes
895 1420 1027 1464 pensio-

286 1485 375 1515 num,
399 1485 455 1507 seu
483 1474 653 1515 fructuum,
673 1474 871 1514 reddituum,
891 1484 1028 1517 proven-

288 1532 376 1560 tuum
392 1554 400 1566 ,
433 1527 637 1571 aliorumque
663 1527 876 1567 huiusmodi,
896 1528 1026 1570 plenam

285 1581 413 1614 roboris
446 1579 630 1613 firmitatem
662 1580 839 1619 obtinere,
874 1581 1026 1623 ipsosque

285 1633 455 1671 beneficia,
478 1643 575 1677 super
599 1643 736 1676 quarum
762 1632 934 1673 fructibus,
955 1633 1028 1666 red-

286 1687 406 1721 ditibus
425 1692 456 1720 et
469 1686 681 1730 proventibus
698 1691 878 1719 reservatae
897 1686 1026 1726 fuerint,

286 1741 474 1788 obtinentes
500 1740 537 1773 ad
564 1740 635 1774 illas
661 1741 897 1784 persolvendas
923 1741 1028 1774 effica-

286 1795 366 1829 citer
390 1795 552 1837 obligatos
578 1794 660 1827 fore.

330 1848 344 1892 S
370 1847 401 1881 8.
431 1848 474 1880 Ac
498 1847 619 1880 eisdem
647 1847 812 1890 dapiferis,
837 1852 881 1886 ut,
902 1847 1027 1880 ratione

286 1911 563 1946 quarumcumque
584 1900 779 1944 pensionum
800 1901 847 1933 eis
866 1905 898 1933 et
915 1911 1027 1933 eorum

286 1955 420 1988 cuilibet
444 1965 543 1998 super
576 1955 834 1998 quibuscumque
859 1953 1028 1987 beneficiis

288 2007 527 2047 ecclesiasticis,
543 2013 578 2040 ut
591 2008 785 2051 praefertur,
799 2009 848 2041 vel
864 2008 943 2040 alias
955 2018 1028 2051 quo-

286 2060 466 2096 modolibet
491 2060 698 2104 qualificatis,
721 2070 787 2094 non
818 2066 922 2094 tamen
944 2062 1029 2094 ultra

287 2124 446 2148 summam
483 2114 697 2147 ducentorum
735 2114 926 2147 ducatorum
959 2114 1027 2147 auri

288 2168 328 2201 de
354 2167 485 2201 Camerti
517 2177 578 2211 pro
607 2167 775 2211 quolibet,
801 2177 888 2200 nunc
914 2172 945 2200 et
969 2177 1028 2211 pro

288 2225 436 2264 tempore
452 2225 690 2253 reservatarum
704 2227 734 2253 et
748 2221 1028 2260 reservandarmn,

289 2272 436 2306 habitum
456 2278 487 2306 et
512 2278 679 2306 tonsuram
698 2273 866 2306 clericales
891 2278 1026 2315 gestare,

291 2329 323 2358 ct
346 2325 379 2357 in
404 2325 480 2365 iltis,
506 2325 682 2358 dummodo
707 2325 769 2368 ipsi
796 2326 946 2359 habitum
973 2326 1029 2359 de-

291 2382 419 2410 centem
444 2382 476 2410 et
500 2378 670 2412 honestum
697 2379 853 2419 deferant,
876 2379 1028 2412 incedere

289 2430 424 2464 minime
450 2430 602 2472 debeant,
621 2441 682 2465 nec
706 2431 745 2464 ad
765 2432 796 2464 id
822 2443 838 2465 a
864 2442 1028 2476 quoquam
1050 2432 1053 2437 ’

291 2484 361 2526 cogi
397 2494 456 2517 seu
493 2485 666 2528 compelli,
693 2486 868 2530 minusque
905 2486 1029 2529 aliquas

290 2537 469 2571 sententias
502 2542 558 2570 aut
590 2547 771 2580 censuras,
797 2539 893 2573 ctiam
923 2539 1030 2582 priva-

291 2590 389 2624 tionis
422 2600 480 2624 seu
512 2591 703 2626 cessationis
737 2593 879 2638 ipsarum
903 2593 1032 2637 pensio-

1728 189 1770 222 5²35

1069 259 1159 287 num,
1187 249 1355 282 incurrere
1382 250 1526 293 possint:
1554 250 1705 293 ipsasque
1731 259 1811 292 pen-

1068 301 1178 334 siones
1204 302 1241 334 ad
1270 302 1446 344 praefatam
1474 312 1629 335 summam
1657 303 1813 335 ducento-

1068 364 1138 386 rum
1161 354 1352 387 ducatorum
1375 356 1588 388 ascendentes
1608 360 1637 388 et
1667 365 1812 388 reserva-

1069 412 1127 447 tas,
1145 413 1180 439 ut
1199 408 1393 450 praefertur,
1412 409 1539 441 etiamsi
1566 408 1811 441 matrimonium

1069 461 1289 494 contraxerint
1314 472 1387 494 cum
1413 462 1509 495 unica
1534 467 1656 494 tautum
1675 462 1811 504 virgine,

1069 514 1216 558 recipere
1242 519 1272 547 et
1298 514 1455 547 retineie

1113 568 1127 609 g
1152 566 1183 600 9.
1211 567 1390 607 Postmmo,
1414 567 1501 609 quod
1527 567 1611 600 bona
1638 578 1814 611 quaecum-

1071 630 1133 663 que
1152 621 1191 653 ad
1211 620 1312 653 dictos
1339 621 1504 664 dapifeios
1523 626 1682 653 eteorum
1702 632 1813 664 quem-

1070 673 1151 706 libet
1174 674 1371 717 spectantia,
1399 679 1431 706 et
1456 684 1513 717 per
1539 684 1616 713 eos,
1644 675 1740 707 etiam
1765 685 1814 707 ra-

1071 726 1160 760 tione
1188 737 1468 770 quorumcumque
1500 726 1733 759 beneficiorum
1760 738 1812 760 οι

1070 779 1345 820 clesiasticorum,
1372 779 1469 812 etiam
1507 780 1755 812 canonicatuum
1782 786 1812 812 et

1070 833 1330 877 praebendarum
1368 839 1397 866 et
1434 834 1626 875 dignitatum
1662 844 1814 876 quarum-

1070 897 1302 930 cumcumque,
1330 897 1388 930 per
1421 897 1476 920 eos
1501 887 1580 920 alias
1605 887 1811 919 obtentorum

1071 946 1102 973 et
1118 941 1384 980 oluinendorum,
1403 947 1457 974 aut
1474 941 1551 974 alias
1570 940 1816 984 quomodolibet

1047 1021 1049 1040 ζ
1071 1000 1102 1028 et
1127 995 1240 1039 quovis
1267 995 1415 1039 quaesito
1441 996 1549 1028 colore
1582 996 1632 1028 vel
1659 994 1813 1037 ingenio,

1071 1059 1125 1082 seu
1152 1059 1267 1082 eorum
1293 1046 1467 1089 industria,
1490 1049 1635 1091 legitime
1654 1053 1762 1080 tamen
1784 1052 1815 1080 et

1071 1102 1157 1135 licite
1184 1102 1339 1145 acquisita
1364 1107 1396 1134 et
1420 1102 1633 1145 acquirenda,
1661 1101 1756 1133 etiam
1784 1101 1813 1132 in

1048 1190 1049 1196 ἵ
1072 1155 1156 1188 Urbe
1183 1155 1318 1198 eiusque
1337 1154 1495 1194 districtu,
1513 1160 1544 1187 et
1560 1155 1733 1198 ubicuch
1750 1154 1816 1186 exi·

1071 1209 1200 1249 stentia,
1221 1208 1335 1251 spoliis
1363 1208 1495 1241 minime
1522 1208 1734 1247 subiaceant;
1759 1207 1814 1240 sed

1071 1261 1131 1305 ipsi
1158 1261 1317 1305 dapiferi,
1341 1261 1466 1294 etiamsi
1501 1260 1652 1304 religioni
1680 1260 1815 1293 alicuius

1070 1315 1215 1354 militiae,
1236 1325 1299 1348 non
1327 1319 1434 1348 tamen
1452 1314 1482 1347 S.
1504 1315 1635 1347 loannis
1661 1314 1817 1347 Hieroso-

1072 1368 1237 1411 lymstani,
1265 1368 1420 1410 adscripti
1456 1368 1573 1400 fuerint
1592 1395 1599 1407 ,
1627 1368 1666 1400 de
1693 1367 1757 1400 illis
1783 1366 1816 1399 in

1072 1422 1211 1454 favorem
1230 1431 1506 1465 quarumcumque
1527 1431 1756 1464 personarum,
1777 1420 1815 1452 de

1072 1475 1140 1507 iure
1168 1479 1275 1507 tamen
1301 1475 1490 1518 capacium,
1517 1474 1645 1508 etiamsi
1676 1474 1815 1506 curiales

1071 1538 1143 1561 esse
1170 1528 1345 1567 desierint,
1372 1531 1402 1561 et
1435 1528 1466 1560 in
1503 1538 1709 1571 quocumque
1742 1528 1815 1560 loco

1071 1581 1278 1624 quantumvis
1298 1586 1422 1614 remoto
1449 1592 1504 1614 eos
1531 1581 1690 1614 decedere
1717 1581 1817 1614 conti-

1071 1633 1167 1676 gerit,
1187 1634 1308 1673 testari,
1336 1638 1368 1667 et
1393 1635 1472 1667 alias
1494 1634 1682 1678 disponere,
1702 1634 1815 1677 eisque

1072 1687 1110 1720 ab
1129 1687 1282 1720 intestato
1308 1687 1545 1721 decedentibus
1566 1698 1677 1721 eorum
1704 1688 1819 1720 haere-

1073 1741 1130 1774 des
1149 1741 1346 1785 quicumque
1364 1742 1538 1775 succedere
1558 1741 1660 1775 libere
1679 1746 1711 1774 et
1728 1741 1816 1774 licite

1073 1796 1213 1834 valeant,
1234 1795 1331 1828 simili
1358 1795 1456 1828 modo
1483 1795 1689 1828 concedimus
1716 1800 1747 1828 et
1771 1795 1819 1827 in-

1073 1848 1266 1891 dulgemus:
1294 1848 1533 1892 praecipientes
1568 1855 1599 1881 et
1624 1849 1818 1881 mandantes

1072 1901 1197 1934 dilectis
1224 1901 1298 1934 filiis
1328 1913 1415 1935 nunc
1434 1906 1464 1935 et
1489 1912 1550 1945 pro
1576 1907 1725 1945 tempore
1752 1902 1817 1934 exi-

1072 1955 1234 1988 stentibus
1259 1955 1289 1988 S.
1314 1955 1350 1988 R.
1371 1956 1404 1989 E.
1431 1956 1626 1996 camerario,
1650 1957 1819 1989 thesaura-

1073 2007 1146 2047 rio,
1176 2008 1466 2051 praesidentibus,
1502 2009 1630 2042 clericis
1664 2009 1817 2043 Gamerae

1074 2066 1205 2094 nostrae
1238 2061 1471 2104 Apostolicae‚
1499 2072 1535 2095 ac
1560 2062 1817 2106 quibuscumque

1073 2113 1143 2146 aliis
1162 2113 1344 2156 spoliorum
1364 2114 1551 2147 huiusmodi
1574 2115 1816 2153 collectoribus,

1073 2178 1109 2200 ac
1134 2167 1323 2201 militiarum
1355 2169 1575 2211 praefatarum
1609 2169 1818 2207 officialibus,

1073 2226 1130 2254 aut
1147 2221 1427 2264 procuratoribus,
1448 2232 1488 2254 ne
1507 2221 1538 2254 in
1561 2222 1747 2254 huiusmodi
1766 2223 1818 2255 lio-

1050 2274 1123 2318 ¹nis
1154 2284 1268 2306 manus
1305 2280 1490 2317 apponant,
1517 2285 1625 2317 neque
1658 2275 1817 2307 haeredes

1075 2327 1233 2360 dictorum
1249 2327 1470 2370 dapiferorum
1487 2328 1627 2370 desuper
1643 2329 1817 2361 molestare

1073 2382 1217 2414 audeant
1239 2391 1296 2414 seu
1322 2386 1555 2424 praesumant:
1584 2391 1619 2413 ac
1644 2381 1738 2414 etiam
1765 2381 1819 2413 ‹le-

1074 2440 1248 2467 cerncntes
1275 2434 1491 2475 donationes,
1524 2434 1620 2467 etiam
1652 2445 1711 2477 per
1735 2435 1818 2467 viam

1075 2486 1255 2520 testamenti
1278 2491 1310 2519 et
1330 2487 1556 2519 codicillorum
1575 2497 1634 2530 per
1652 2488 1741 2531 ipsos
1763 2488 1819 2521 ‹la-2

1075 2539 1198 2583 piferos
1214 2540 1252 2572 dc
1279 2549 1394 2572 eorum
1419 2539 1513 2572 bonis
1533 2540 1732 2583 huiusmodi,
1754 2551 1818 2573 ser-

1076 2593 1155 2627 vatis
1180 2593 1218 2627 tle
1245 2593 1313 2626 iure
1339 2593 1519 2634 servandis,
1538 2593 1712 2636 faciendas,
1737 2605 1819 2629 seur

1817 199 1864 226 An.
1882 199 1910 228 C.
1935 200 2005 229 1730

1851 582 1872 633 1}
1884 587 1927 601 rum
1953 581 2009 602 bona

1877 610 2010 628 1(113611·1-

1824 615 1908 661 [lapsui-
1912 616 1998 655 ederet-,⁴¹
