2182 3137
109 248 160 278 Αῐι.
180 247 210 277 C.
227 247 297 277 ¹730

915 246 1057 270 CLEMENS
1082 246 1129 270 ΧΠ
1154 246 1203 270 PF.

1749 237 1792 270 113
1841 246 1891 273 An.
1913 246 1941 273 c,
1960 246 2028 274 1730

304 307 340 330 ac
360 296 562 330 individuam
589 295 835 339 expressionem
858 295 1048 338 requirente
1091 304 1161 327 rem
1186 295 1244 327 sub
1270 296 1391 328 annulo
1417 295 1603 336 piscatoris,
1629 295 1680 329 die
1699 305 1720 330 11
1742 305 1835 338 augu-

305 350 433 384 defectu
453 350 570 389 notari,
589 348 787 392 impugnari,
802 347 981 386 invalidari,
1001 347 1049 379 in-

306 402 605 446 s1·ingi,retractari,
615 402 654 435 ad
667 401 823 435 terminos
836 401 915 433 iuris
926 399 1048 440 reduci,

304 466 360 490 seu
375 456 407 489 in
420 455 675 489 controversiam
692 454 852 494 revocari,
868 459 922 486 aut
939 453 1050 486 adver-

305 519 359 543 sus
377 510 449 543 illas
466 508 659 554 aperitionis
674 509 753 549 oris,
773 506 992 541 restitutionis
1017 507 1050 539 in

304 563 489 606 integrum,
515 562 644 596 aliudve
686 562 919 606 quodcumque
946 560 1048 601 iuris,

304 616 380 650 sacti
397 617 447 650 vel
465 616 587 659 gratiae
605 615 787 649 remedium
813 613 982 657 impetrari
999 613 1050 646 vel

305 669 472 711 intentari,
489 679 545 703 seu
564 669 749 713 impetrato,
767 672 822 701 aut
837 666 932 701 etiam
949 671 1050 706 motu,

305 723 442 756 scientia
467 728 500 756 et
524 722 697 766 potestatis
723 720 932 765 plenitudine
965 719 1052 763 pari-

306 775 368 808 bus
405 786 561 809 concesso
594 775 644 808 vel
675 779 825 808 emanato
863 772 1051 817 quempiam

307 829 338 862 in
377 829 499 863 iudicio
535 830 584 863 vel
618 834 708 862 extra
744 828 826 862 illud
854 827 901 860 uti
934 837 990 860 seu
1017 836 1051 859 se

307 882 419 916 iuvare
445 893 541 927 posse
559 910 566 922 ,
593 882 648 916 sed
675 881 760 925 ipsas
785 886 976 925 praesentes
1002 879 1052 912 lit-

308 941 393 970 teras
419 936 536 976 sirmas,
557 935 679 969 validas
698 939 728 969 et
746 934 894 968 efficaces
913 934 1052 967 existere

308 994 340 1023 et
366 990 447 1029 sore,
479 999 623 1032 suosque
647 987 816 1033 plenarios
849 993 881 1021 et
905 987 1052 1030 integros

309 1041 439 1076 effectus
464 1042 574 1076 sortiri
599 1047 631 1075 et
656 1042 822 1080 obtinere,
851 1051 887 1074 ac
913 1039 986 1079 illis,
1012 1039 1052 1072 ad

308 1105 389 1139 quos
425 1100 549 1139 spectat
585 1101 617 1128 et
641 1094 803 1139 spectabit
830 1094 860 1126 in
900 1093 1051 1132 futurum,

310 1148 498 1192 plenissime
513 1147 694 1191 suffragari,
709 1153 741 1181 et
753 1148 793 1180 ab
808 1147 853 1180 eis
872 1146 1052 1190 respective

310 1201 544 1235 inviolabiliter
569 1201 754 1240 observari,
779 1200 889 1244 sicque
924 1206 955 1233 ct
987 1209 1051 1232 non

310 1254 406 1288 aliter
441 1254 472 1287 in
508 1254 697 1298 praemissis
732 1264 792 1297 per
828 1263 1052 1297 quoscumque

309 1306 435 1341 iudices
461 1307 647 1341 ordinarios
673 1312 706 1340 et
730 1307 916 1350 delegatos,
942 1305 1051 1345 etiam,

310 1366 389 1400 etc.‚
416 1370 587 1394 causarum
613 1360 725 1404 palatii
760 1359 935 1403 apostolici
962 1358 1053 1392 audi-

311 1418 417 1455 tores,
446 1424 575 1447 necnon
601 1414 747 1448 eiusdem
772 1413 804 1447 S.
828 1413 864 1446 R.
885 1413 920 1446 E.
948 1412 1054 1446 cardi-

310 1468 412 1507 nales,
439 1467 537 1500 etiam
555 1467 594 1501 de
619 1468 723 1501 latere
749 1468 886 1510 legatos,
913 1472 945 1499 et
969 1466 1052 1499 alios

309 1520 477 1564 quoslibet
501 1531 706 1564 quacumque
739 1519 997 1563 praeeminentia
1023 1524 1054 1552 et

310 1579 466 1616 potestate
486 1574 659 1616 fungentes
678 1578 709 1606 et
724 1573 902 1612 suncturos,
924 1572 1054 1604 sublata

309 1625 354 1659 eis
372 1631 535 1659 eteorum
557 1625 692 1658 cuilibet
717 1625 829 1668 quavis
854 1625 948 1658 aliter
973 1623 1053 1657 iudi-

308 1678 402 1712 candi
418 1683 448 1711 et
466 1677 708 1721 interpretandi
723 1677 876 1710 facultate
898 1682 928 1709 ct
944 1681 1052 1710 aucto-

307 1731 426 1772 ritate,
454 1731 588 1765 iudicari
623 1736 655 1764 et
688 1730 816 1764 definiri
849 1731 991 1769 debere,
1017 1739 1053 1762 ac

308 1783 435 1817 irritum
470 1789 502 1818 et
536 1785 634 1817 inane
666 1784 690 1816 si
717 1794 810 1818 secus
836 1794 934 1827 super
959 1783 1010 1816 bis
1035 1795 1053 1817 a

309 1849 492 1882 quoquam,
532 1838 645 1882 quavis
671 1837 884 1877 auctoritate,
912 1838 1054 1871 scienter

183 1893 359 1926 roroaaliovcl
385 1892 588 1935 ignoranter,
616 1891 793 1934 contigerit
818 1891 984 1924 attentati.

115 1928 280 1947 contrariorum.

170 2213 232 2235 Fides
247 2216 303 2238 tran·

120 2243 256 2267 sumptorum.

355 1945 424 1990 56.
458 1945 527 1978 Non
564 1945 770 1978 obstantibus
795 1944 991 1988 piaemissis,
1017 1955 1053 1977 ac

312 1998 462 2032 omnibus
489 2001 519 2032 et
543 1997 681 2041 singulis
703 1997 767 2030 illis
788 2008 871 2041 quae
889 2007 1053 2030 memora-

313 2056 362 2084 tus
379 2050 587 2084 Innocentius
605 2050 658 2083 XII
676 2050 910 2093 praedecessor
929 2050 960 2082 in
985 2049 1052 2082 suis

312 2103 427 2138 litteris
459 2103 658 2148 supradictis
685 2103 787 2137 voluit
814 2113 880 2136 non
905 2103 1051 2144 obstare,

313 2156 498 2201 ceterisque
524 2156 698 2190 contrariis
720 2156 996 2199 quibuscumque.

357 2210 372 2253 ἓ
397 2208 427 2242 7.
455 2209 606 2243 Volumus
642 2215 770 2250 autem,
804 2214 840 2241 ut
864 2209 1053 2242 earumdem

314 2264 537 2307 praesentium
554 2265 736 2298 litterarum
756 2263 977 2307 transumptis,
996 2273 1054 2296 seu

315 2317 480 2360 exemplis,
506 2318 602 2350 ctiam
628 2317 807 2361 impressis,
832 2327 929 2350 manu
956 2317 1055 2350 alicu-

315 2369 366 2402 ius
391 2370 507 2402 notarii
533 2370 654 2413 publici
676 2370 867 2414 subscriptis
892 2375 924 2403 et
944 2369 1053 2413 sigillo

314 2432 476 2465 personae
501 2422 533 2454 in
559 2423 777 2456 ecclesiastica
797 2422 955 2466 dignitate
981 2432 1055 2456 con-

314 2474 449 2507 stitutae
482 2474 635 2515 munitis,
662 2476 775 2508 eadem
806 2485 940 2519 prorsus
972 2475 1053 2508 sides

313 2525 494 2569 habeatur,
520 2537 602 2570 quae
629 2527 854 2570 praesentibus
880 2528 1055 2561 haberetur

313 2579 338 2612 si
366 2579 474 2613 forent
499 2580 663 2613 exhibitae
690 2580 740 2613 vcl
767 2586 929 2614 ostensae.

359 2632 471 2666 Datum
498 2633 620 2667 Romae
647 2633 732 2677 apud
756 2633 787 2667 S.
809 2634 938 2668 Mariam
963 2633 1055 2669 Maio-

1093 347 1132 380 sti
1158 357 1317 388 noccxxx,
1343 358 1428 381 anno
1455 360 1476 382 1.

1129 408 1188 435 llat.
1209 408 1254 436 die
1274 409 1289 435 *2
1307 410 1415 443 augusti
1439 410 1523 443 1730,
1546 411 1642 445 pontif.
1664 419 1734 437 anno
1756 419 1773 437 ι.

1383 463 1417 496 F.
1445 463 1534 496 card.
1560 463 1745 497 Omvumus.

1443 613 1490 646 Vl.

1096 683 1307 726 Confirmatio
1342 683 1470 717 indulti
1495 689 1523 717 et
1549 694 1626 717 usus
1656 684 1838 717 celebrandi

1139 738 1255 770 missas
1294 741 1322 770 et
1355 737 1458 780 officia
1488 742 1673 770 sanclorum
1705 737 1839 769 Ordinis

1140 791 1372 824 canonicorum
1386 790 1594 833 rcfyulurium
1608 791 1642 823 S.
1658 791 1682 823 Α
1692 791 1839 831 antistius

1137 854 1196 887 pro
1223 844 1480 887 Conyregyatz'oue
1509 843 1542 876 S.
1574 844 1717 876 Antonii
1756 843 1841 875 lien-

1140 897 1250 930 nensis
1273 896 1417 930 eiusdem
1445 896 1610 930 Ordinis&

1305 976 1440 1004 clemens
1462 977 1542 1010 Papa
1562 976 1627 1007 ΧΗ,

1236 1021 1274 1049 ad
1295 1021 1431 1048 futuram
1451 1021 1498 1048 rei
1513 1020 1698 1048 memoriam

1141 1093 1214 1137 gl.
1238 1092 1363 1137 Exponi
1381 1092 1473 1126 nobis
1487 1102 1592 1136 nuper
1609 1092 1684 1125 fecit
1702 1092 1840 1125 dilectus
1890 1103 1910 1120 ι

1096 1146 1182 1180 filius
1208 1146 1367 1189 Iosephus
1392 1146 1540 1189 Depluvii
1571 1150 1765 1189 piocur·1tor
1790 1156 1841 1188 ge·
1853 1156 1941 1175 [mi

1096 1200 1216 1234 neralis
1241 1199 1513 1243 Congregationis
1540 1199 1571 1232 S
1600 1199 1731 1232 Antonii
1750 1199 1839 1233 lien
1851 1188 1877 1207 ¹
1870 1185 1904 1202 ¹
1909 1163 1962 1203 ΜΠ

1096 1253 1206 1287 nensis
1231 1253 1360 1286 Ordinis
1386 1253 1617 1286 canonicorum
1637 1253 1838 1295 regularium

1096 1306 1127 1340 S.
1147 1306 1327 1349 Augustini,
1350 1306 1436 1349 quod
1464 1306 1533 1350 ipsa
1553 1305 1779 1348 Congregatio,
1800 1306 1839 1337 vi<

1097 1370 1176 1403 gere
1202 1359 1321 1392 indulti
1348 1359 1377 1392 ei
1405 1359 1483 1392 alias
1505 1370 1522 1392 a
1546 1359 1629 1392 Sede
1647 1359 1838 1402 Apostolica

1096 1413 1263 1453 concessi,
1297 1413 1405 1456 quod,
1432 1418 1466 1445 ut
1491 1413 1658 1452 asseritur,
1685 1412 1718 1444 in
1746 1412 1838 1444 viridi

1097 1466 1306 1500 observantia
1331 1466 1447 1507 existit,
1475 1465 1640 1509 reperitur
1661 1466 1692 1498 in
1710 1476 1840 1509 posses—

1096 1519 1187 1552 sione
1208 1530 1265 1552 seu
1291 1518 1381 1562 quasi
1400 1518 1609 1562 possessione
1629 1518 1785 1551 recitandi
1805 1529 1839 1550 ac

1096 1572 1284 1605 celebrandi
1315 1571 1428 1604 missas
1463 1576 1493 1604 et
1517 1569 1624 1603 officia
1648 1570 1838 1603 Sanctorum

1096 1625 1171 1658 dicti
1205 1624 1335 1657 Ordinis
1372 1623 1602 1657 canonicorum
1641 1624 1839 1666 regularium

1096 1677 1127 1711 S.
1155 1677 1327 1720 Augustini
1362 1677 1402 1710 ad
1435 1676 1538 1710 instar
1563 1676 1676 1709 similis
1707 1687 1841 1710 conces-

1096 1730 1198 1763 sionis
1230 1730 1351 1763 dudum
1379 1740 1396 1762 a
1420 1735 1551 1762 sanctae
1582 1729 1756 1762 memoriae
1783 1729 1839 1762 Pio

1096 1784 1155 1817 PP.
1184 1783 1219 1816 V.
1247 1783 1504 1827 praedecessore
1540 1788 1653 1816 nostro
1679 1794 1738 1826 per
1768 1794 1840 1816 suas

1096 1837 1129 1870 in
1148 1836 1246 1870 simili
1264 1836 1368 1870 forma
1393 1836 1504 1870 Brevis
1531 1836 1582 1869 die
1607 1846 1683 1870 xvnt
1709 1836 1839 1869 decem-

1096 1890 1163 1924 bris
1188 1899 1294 1924 MDLxx
1327 1889 1496 1933 expeditas
1529 1889 1669 1929 litteras,
1704 1900 1839 1933 quarum

1097 1944 1225 1977 initium
1252 1948 1301 1976 est
1326 1941 1412 1976 Licet
1447 1943 1612 1985 Ecclesia,
1649 1949 1731 1982 ctc.,
1765 1943 1840 1976 Con-

1097 1997 1278 2041 gregationi
1306 1996 1516 2030 Laterancnsi
1543 1997 1686 2030 eiusdem
1712 1996 1840 2029 Ordinis

1097 2051 1214 2091 factae,
1240 2060 1322 2093 quae
1357 2050 1496 2083 subinde
1534 2050 1573 2082 ad
1606 2050 1684 2082 alias
1722 2049 1840 2092 passim

1096 2103 1226 2137 Ordinis
1248 2103 1405 2146 praedicti
1423 2103 1712 2146 Congregationcs,
1734 2109 1765 2136 et
1784 2113 1841 2134 no-

1097 2156 1242 2190 minatim
1264 2157 1295 2189 S.
1315 2156 1489 2190 Salvatoris
1508 2156 1541 2189 in
1558 2157 1659 2196 ltalia,
1685 2157 1715 2189 S.
1737 2156 1840 2188 Geno-

1095 2210 1185 2243 vesae
1210 2210 1243 2243 in
1268 2209 1379 2250 Gallia,
1397 2220 1433 2242 ac
1452 2209 1656 2243 reformatam
1683 2220 1699 2241 a
1727 2209 1760 2241 ll.
1784 2209 1841 2241 rc-

1098 2269 1146 2296 tro
1172 2262 1307 2296 Fourier
1337 2263 1368 2295 in
1399 2262 1633 2305 Lotliaringia,
1660 2262 1838 2305 apostolica

1096 2317 1290 2350 auctoritate
1316 2321 1450 2349 extensa
1475 2326 1532 2349 seu
1557 2316 1710 2359 ampliata
1738 2315 1805 2348 t‘uit.

1142 2370 1156 2412 ἓ
1180 2369 1212 2402 ⁶2.
1240 2369 1317 2403 Cum
1353 2374 1470 2410 autem,
1497 2369 1577 2402 sicut
1603 2368 1715 2402 eadem
1743 2379 1840 2412 expo-

1932 1106 1989 1175 lis:S
1995 1110 2035 1148 Ιλιι-

1882 2374 1976 2396 Ι“ι11111111
2004 2382 2037 2396 an.

1854 2405 1896 2421 111111
1914 2406 1993 2427 [ιι-11111»,

1136 2468 1145 2494 1
1172 2466 1340 2494 Facultatem
1373 2465 1529 2493 celebrandi
1558 2466 1624 2493 festa
1645 2466 1839 2493 nonnullorum

1097 2515 1252 2538 sanctorum
1286 2510 1326 2537 sui
1357 2510 1466 2537 Ordinis
1497 2510 1637 2537 canonicis
1671 2510 1842 2545 regularibus·

1097 2555 1183 2581 sancti
1213 2553 1358 2587 Augustini
1392 2553 1614 2588 Cougregatiouis
1651 2554 1842 2581 Lau-rauensis

1098 2598 1233 2626 concessit
1254 2597 1318 2624 Pius
1336 2597 1405 2632 l‘apa
1427 2597 1455 2629 V,
1477 2606 1546 2625 auno
1563 2605 1651 2625 nonu
1673 2599 1780 2626 constit.
1803 2600 1843 2625 Li·—

1097 2646 1137 2672 cc(
1160 2641 1285 2670 Iit-cusia
1311 2642 1374 2676 Dei,
1396 2645 1449 2669 etr.
