2182 3137
209 257 256 283 An.
273 255 301 281 C.
325 255 391 281 1734
436 245 497 279 596

398 304 563 342 siasticam,
580 308 631 336 aut
646 303 890 346 irregularitatis
904 308 1025 344 notam,
1042 303 1128 336 dum·

399 357 493 389 modo
519 356 691 388 sententias
711 356 874 399 sanguinis
899 367 956 400 per
981 367 1015 389 se
1041 357 1127 400 ipsos

398 420 462 441 non
490 410 600 449 serant,
630 410 762 442 minime
788 410 967 449 incurrant,
991 410 1126 453 plenam,

399 464 534 496 liberam
553 469 584 496 et
597 464 736 506 amplam
751 463 983 503 auctoritatem,
1003 464 1128 496 faculta-

399 522 460 548 tem
480 521 510 547 et
527 522 718 558 potestatem
744 516 949 549 concedimus
969 522 1000 549 et
1017 516 1129 560 impar-

399 568 503 600 timur.
523 567 592 601 Non
610 569 813 602 obstantibus
837 569 1128 609 constitutionibus,

398 621 654 654 ordinationibus
679 623 884 665 apostolicis,
911 634 946 655 ac
981 623 1127 656 omnibns

398 674 475 714 iltis,
501 685 580 718 quae
607 675 709 708 dictus
734 675 879 709 Clemens
904 676 1129 719 praedecessor

397 727 429 759 in
455 728 565 760 eadem
591 729 820 762 constitutione
847 730 948 762 voluit
971 740 1036 762 non
1066 730 1126 762 ob-

397 786 498 821 stare,
522 782 701 826 ceterisque
736 783 906 816 contrariis
932 784 1128 827 quibuscum-

398 844 469 877 que.
491 834 643 868 Volumus
669 836 763 868 etiam
787 842 819 868 ut
845 847 897 876 ea,
917 847 997 879 quae
1023 848 1040 869 a
1064 846 1130 868 ma-

396 887 456 920 iori
483 893 572 931 parte
597 899 708 921 eorum
734 890 875 922 resoluta
905 889 1039 929 suerint,
1067 890 1130 932 ple-

396 951 467 973 nam
492 942 658 975 obtineant
689 942 886 982 firmitatem,
912 949 941 976 et
965 943 1129 986 plenariae

398 995 577 1028 executioni
603 996 787 1029 demandari
814 996 963 1029 debeant.

432 1055 526 1083 Datum
546 1058 659 1092 Romae,
681 1059 751 1093 apud
772 1058 797 1084 S.
820 1058 939 1090 Petrum,
960 1059 1010 1085 sub
1029 1059 1130 1085 annulo

396 1101 550 1136 piscatoris,
563 1101 605 1128 die
620 1109 646 1128 lv
657 1102 720 1129 iunii
733 1109 815 1136 MDCV,
829 1103 921 1138 pontif.
933 1103 1018 1130 nostri
1029 1111 1100 1130 anno
1111 1110 1127 1130 1r

439 1155 567 1188 Paulus
591 1156 686 1199 Papa
715 1155 754 1193 V,
781 1156 822 1189 ad
841 1157 987 1199 futuram
1005 1157 1053 1189 rei
1069 1167 1130 1190 me-

395 1209 544 1242 moriam.
573 1209 766 1252 Iampridem
791 1211 957 1253 cupientes
977 1211 1131 1243 constitu-

397 1262 529 1302 tionem,
548 1274 564 1296 a
590 1263 690 1296 felicis
713 1264 944 1297 recordationis
965 1263 1130 1298 Clemente

397 1316 481 1360 Papa
506 1317 568 1350 Vlll
604 1318 854 1360 praedecessore
887 1324 995 1351 nostro
1034 1329 1131 1362 super

396 1370 482 1403 hono
508 1370 665 1413 regimine
689 1371 796 1404 Status
821 1371 981 1405 Ecclesiae
999 1372 1128 1412 editam,

397 1425 577 1457 executioni
603 1425 807 1465 demandari,
833 1425 957 1458 dilectis
981 1424 1053 1457 filiis
1078 1436 1132 1458 no-

396 1477 470 1510 stris
494 1478 524 1510 S.
543 1477 579 1510 R.
599 1478 633 1511 E.
661 1478 879 1511 cardinalibus
905 1489 964 1521 pro
985 1478 1130 1512 eiusdem

395 1531 632 1564 constitutionis
656 1533 846 1565 executione
872 1543 888 1564 a
915 1532 1007 1565 nobis
1033 1533 1131 1576 depu-

396 1585 476 1623 tatis,
502 1595 613 1618 omnes
640 1591 671 1618 et
696 1596 915 1629 quascumque
934 1596 1045 1619 causas
1068 1591 1129 1620 tam

396 1638 505 1672 civiles
530 1650 626 1682 quam
650 1638 834 1673 criminales
859 1644 891 1672 et
916 1639 1052 1679 mixtas,
1091 1641 1128 1674 ad

397 1693 640 1725 communitates
665 1698 696 1725 et
720 1692 942 1725 universitates
963 1704 1130 1737 quascum-

398 1755 459 1788 que
484 1744 589 1778 Status
613 1745 847 1787 Ecclesiastici,
872 1746 965 1779 nohis
991 1747 1129 1780 mediate

397 1799 446 1831 vel
482 1798 667 1832 immediate
704 1799 890 1839 subiectas,
927 1805 990 1832 tam
1027 1800 1130 1834 active

398 1862 490 1895 quam
515 1852 640 1895 passive
654 1851 674 1893 ¹,
701 1863 758 1896 per
782 1863 816 1885 se
842 1854 891 1886 vel
916 1853 996 1886 alios
1021 1854 1059 1886 ab
1085 1854 1130 1886 eis

398 1904 677 1948 subdelegandos,
711 1906 884 1946 audiendi,
918 1906 1129 1947 discutiendi,

398 1959 601 1992 examinandi
638 1965 669 1992 et
705 1960 917 2001 terminandi,
950 1971 987 1993 ac
1023 1961 1132 1995 omnia

398 2012 458 2045 alia
482 2018 514 2046 et
537 2013 663 2056 singula
687 2012 720 2046 in
752 2014 865 2046 eadem
902 2014 1130 2048 constitutione

399 2071 549 2099 contenta
574 2066 753 2100 executioni
787 2067 1027 2108 demandandi,
1062 2078 1132 2101 eas-

399 2120 536 2163 demque
557 2130 666 2153 causas
681 2130 896 2164 quascumque
910 2122 1130 2155 reassumendi

399 2178 432 2206 et
465 2173 640 2213 avocandi,
680 2174 934 2218 quibuscumque
970 2175 1130 2208 iudicibus

398 2226 592 2267 inhibendi,
619 2233 650 2259 et
674 2227 753 2260 alias
771 2255 779 2268 ‚
815 2233 909 2271 prout
941 2229 973 2261 in
1013 2229 1132 2262 nostris

398 2279 513 2312 litteris
537 2279 569 2312 in
594 2280 777 2314 huiusmodi
802 2281 903 2314 forma
935 2282 1042 2314 Brevis
1079 2283 1132 2316 de-

399 2343 495 2375 super
519 2333 679 2377 expeditis
705 2334 763 2366 sub
789 2334 840 2367 die
866 2345 896 2368 1v
921 2334 1000 2367 iunii
1026 2345 1131 2376 MDCV,

399 2386 604 2429 pontificatus
629 2387 729 2420 nostri
754 2398 839 2421 anno
865 2398 892 2428 1,
913 2388 1040 2432 plenius
1061 2398 1134 2422 con-

400 2439 541 2480 tinetur,
565 2440 748 2474 facultatem
773 2441 929 2475 dedimus.

443 2491 520 2530 Quia
544 2503 619 2526 vero
650 2495 691 2527 ob
729 2495 975 2537 generalitatem
1008 2495 1133 2539 praedi-

401 2551 519 2578 ctarum
543 2546 723 2580 litterarum
747 2553 931 2582 nostrarum
964 2549 1055 2582 facile
1088 2549 1134 2582 vi-

402 2599 467 2632 deri
493 2600 587 2632 alicui
614 2606 744 2644 posset,
772 2613 809 2636 ea
834 2613 892 2637 nos
917 2603 1133 2646 commisisse,

436 2662 449 2687 1
471 2659 550 2689 Deest
566 2663 743 2697 pertinentes
763 2664 800 2700 (a.
816 2664 865 2701 π),

992 254 1169 279 BULLARIUM
1192 254 1344 280 ROMANUM

1170 314 1253 347 quae
1278 308 1409 337 nostrae
1427 303 1615 337 intentionis
1633 304 1833 338 committere
1849 303 1902 337 mi-

1171 357 1254 389 nime
1281 357 1353 391 suit:
1380 357 1509 397 idcirco,
1537 359 1574 391 ad
1601 358 1769 391 solvendas
1793 357 1902 390 huius-

1173 410 1254 443 modi
1282 411 1502 451 difficultates,
1527 412 1762 455 praedictarum
1784 411 1903 444 littera-

1172 474 1241 496 rum
1262 469 1406 497 tenorem
1427 465 1650 508 praesentibus
1668 475 1727 508 pro
1743 464 1903 498 sussicien-

1173 522 1220 549 ter
1245 528 1398 561 expresso
1425 524 1455 551 et
1480 519 1517 551 ad
1544 519 1674 552 verbum
1695 519 1815 552 inserto
1848 519 1903 551 ha-

1172 570 1303 610 bentes,
1331 577 1415 604 motu
1442 572 1573 615 proprio
1591 578 1672 604 etex
1692 573 1778 604 certa
1795 573 1903 604 nostra

1172 624 1304 657 scientia
1323 628 1510 668 maturaque
1532 625 1774 665 deliberatione,
1791 625 1902 667 vigore

1173 677 1387 720 praesentium
1409 678 1618 718 declaramus,
1637 678 1826 711 intentionis
1850 688 1903 711 no-

1172 736 1265 770 strae,
1284 731 1404 763 eisdem
1430 731 1647 764 cardinalibus
1666 741 1718 764 eas
1736 731 1904 764 solummo-

1173 784 1213 816 do
1232 790 1263 817 et
1280 794 1343 817 non
1361 784 1439 817 alias
1456 795 1566 817 causas
1586 785 1694 818 civiles
1719 785 1903 817 criminales

1173 843 1203 869 et
1228 838 1356 879 mixtas,
1378 845 1440 871 tam
1466 839 1567 871 active
1593 849 1688 882 quam
1712 838 1838 881 passive
1863 837 1903 870 ad

1174 891 1417 924 communitates
1457 898 1490 924 et
1527 891 1750 925 universitates
1796 891 1901 924 Status

1173 944 1273 976 nostri
1298 945 1435 977 mediate
1460 945 1508 977 vel
1534 945 1716 978 immediate
1742 944 1903 977 subiectas

1174 998 1373 1040 pertinentes
1392 1025 1399 1036 ‚
1425 1008 1482 1040 per
1506 1009 1538 1030 se
1562 999 1610 1031 vel
1636 998 1716 1030 alios
1746 1002 1781 1030 ut
1812 1007 1904 1040 prae-

1174 1049 1310 1082 mittitur
1341 1050 1619 1093 subdelegandos,
1645 1050 1820 1090 audiendi,
1845 1049 1904 1083 dis-

1174 1103 1323 1143 cutiendi,
1342 1103 1553 1142 examinandi,
1572 1103 1766 1147 expediendi
1791 1108 1823 1136 et
1839 1108 1904 1135 ter—

1174 1157 1328 1195 minandi,
1347 1156 1567 1190 reassumendi
1588 1163 1620 1189 et
1636 1156 1802 1196 avocandi,
1822 1166 1903 1199 quae

1174 1211 1212 1243 ad
1238 1211 1383 1244 redditus
1416 1216 1448 1243 et
1479 1216 1652 1254 proventus
1679 1210 1763 1253 (non
1797 1215 1904 1243 tamen

1175 1274 1350 1306 poenarum
1376 1263 1626 1307 maleficiorum)
1658 1264 1696 1296 ad
1721 1263 1793 1297 illas
1818 1273 1901 1307 quo-

1175 1317 1352 1350 modolibet
1388 1323 1594 1361 spectantes,
1619 1323 1650 1351 et
1686 1328 1767 1361 quae
1792 1317 1824 1350 in
1849 1317 1904 1350 su-

1176 1376 1281 1404 turum
1319 1372 1533 1414 spectabunt,
1564 1376 1618 1404 aut
1653 1371 1814 1405 rationem
1846 1381 1905 1404 seu

1174 1430 1395 1467 computorum
1421 1424 1636 1465 redditiones,
1659 1424 1755 1458 etiam
1780 1424 1903 1458 ratione

1174 1477 1462 1510 administrationis
1485 1488 1632 1511 annonae
1659 1488 1715 1511 seu
1741 1479 1905 1512 abundan-

1176 1530 1234 1563 tiae
1266 1537 1298 1564 et
1327 1531 1536 1574 pecuniarum
1561 1543 1597 1565 ac
1621 1543 1728 1566 rerum
1759 1532 1821 1566 illis
1847 1543 1905 1565 seu

1174 1585 1220 1618 illi
1246 1585 1496 1625 destinatarum,
1523 1586 1684 1619 civitatum
1702 1614 1709 1627 ,
1746 1591 1904 1620 terrarum

1174 1644 1205 1670 et
1230 1634 1373 1672 locorum
1399 1640 1540 1672 eiusdem
1558 1639 1663 1673 Status
1680 1640 1903 1681 Ecclesiastici‚

1174 1692 1237 1725 sive
1262 1693 1301 1725 ad
1328 1703 1605 1736 quorumcumque
1630 1693 1789 1727 bonorum
1807 1694 1906 1727 admi-

1174 1745 1381 1778 nistrationes
1419 1746 1654 1788 praedictarum
1694 1747 1905 1780 communita-

1176 1805 1241 1833 tum
1266 1806 1298 1832 et
1328 1800 1571 1833 universitatum
1604 1801 1904 1844 quomodocumque

1175 1859 1206 1886 et
1230 1854 1510 1896 qualitercumque
1534 1854 1699 1897 pertinent
1718 1859 1748 1887 et
1765 1854 1906 1898 pertine-

1175 1907 1260 1947 bunt,
1286 1907 1467 1940 facultatem
1492 1908 1646 1949 tribuere,
1673 1907 1749 1940 itaut
1767 1918 1820 1941 eas
1839 1913 1906 1941 tan-

1176 1966 1241 1993 tum
1267 1966 1298 1994 et
1318 1971 1383 1994 non
1409 1961 1487 1994 alias
1512 1971 1622 1994 causas
1647 1961 1746 1994 iidem
1762 1961 1907 1994 cardina-

1175 2015 1231 2054 les,
1248 2024 1306 2057 per
1331 2024 1364 2046 se
1390 2015 1438 2047 vel
1463 2014 1543 2047 alios
1568 2014 1836 2057 subdelegandos,
1855 2025 1908 2047 au-

1175 2067 1244 2100 dire
1262 2094 1269 2108 ‚
1294 2067 1454 2101 discutere
1469 2094 1476 2108 ,
1505 2068 1686 2101 examinare
1708 2095 1716 2109 ,
1753 2068 1906 2112 expedire

1175 2127 1207 2155 et
1230 2121 1400 2155 terminare
1419 2149 1426 2162 ,
1453 2132 1652 2155 reassumere
1678 2127 1709 2155 et
1733 2132 1865 2155 avocare
1889 2132 1907 2154 a

1176 2175 1430 2219 quibuscumque
1454 2175 1623 2216 iudicibus,
1642 2186 1770 2209 necnon
1791 2175 1908 2208 iisdem

1175 2228 1346 2270 inhibere,
1373 2234 1405 2262 et
1428 2229 1534 2262 omnia
1559 2235 1590 2262 et
1628 2229 1755 2272 singula
1790 2229 1822 2262 in
1859 2226 1906 2262 eis

1177 2288 1325 2316 contenta
1340 2309 1347 2323 ,
1373 2283 1588 2326 omnibusque
1623 2284 1693 2316 aliis
1717 2288 1748 2316 et
1771 2282 1906 2326 singulis

1176 2335 1209 2368 in
1244 2336 1417 2379 praedictis
1451 2336 1568 2369 litteris
1602 2336 1720 2369 nostris
1754 2336 1907 2369 facultati-

1176 2390 1234 2421 bus
1259 2389 1324 2422 illis
1341 2390 1503 2422 concessis
1521 2390 1552 2422 in
1571 2389 1754 2433 praemissis
1774 2395 1805 2423 et
1821 2390 1908 2423 circa

1178 2453 1214 2476 ea
1239 2442 1284 2474 uti
1309 2448 1442 2486 possent
1466 2448 1496 2475 et
1520 2443 1682 2484 valerent,
1716 2453 1751 2477 ac
1783 2443 1908 2487 possint

1177 2501 1208 2529 et
1231 2496 1369 2536 valeant;
1395 2496 1521 2529 irritum
1548 2497 1760 2530 decernentes
1784 2500 1814 2530 et
1839 2497 1907 2530 ina-

1177 2559 1216 2582 ne
1241 2549 1393 2593 quicquid
1411 2560 1503 2583 secus
1520 2560 1618 2593 super
1635 2550 1684 2583 his
1702 2561 1720 2582 a
1736 2560 1905 2593 quoquam,

1178 2603 1289 2646 quavis
1310 2603 1510 2644 auctoritate,
1526 2603 1663 2637 scienter
1687 2603 1735 2637 vel
1755 2603 1907 2646 ignoran-

1178 2661 1243 2697 ter,
1268 2656 1438 2700 contigerit
1462 2656 1628 2691 attentari:
1655 2667 1721 2692 non
1746 2656 1907 2691 obstanti-

1908 257 1960 282 Αη.
1976 256 2004 283 C.
2026 256 2093 285 173AE
