2182 3137
57 186 110 211 An.
125 184 155 210 C.
178 182 247 209 1730

254 229 327 267 dito,
351 239 417 259 cum
434 229 490 259 alio
505 228 660 266 monacho,
677 227 712 256 de
734 225 843 265 prioris
865 224 996 262 licentia,

253 278 343 308 simul
366 278 525 317 procedant
554 280 582 306 et
608 277 820 315 permaneant,
844 282 898 302 nec
920 272 998 302 ullus

254 327 415 356 monachus
430 330 511 355 extra
535 323 721 363 disciplinam
736 322 809 361 ipsis
824 321 996 351 associetur.

294 374 506 405 Inviolabiliter
528 377 678 412 praeterea
711 371 846 400 observet
868 369 998 399 laudabi-

253 425 310 454 lem
328 424 496 453 diuturnam
513 420 756 451 consuetudinem
773 418 902 457 Ordinis,
919 418 999 448 vide-

252 472 342 509 lieet,
367 471 444 510 quod
467 469 590 507 singulis
613 469 695 498 feriis
727 468 816 498 sextis
838 466 908 497 anni
930 475 997 496 cum

253 520 411 558 omnibus,
437 520 486 559 qui
508 518 562 548 sub
585 518 648 548 eius
670 518 829 556 disciplina
851 517 996 554 existant,

252 568 339 598 saciat
361 567 548 607 disciplinam
580 567 642 596 sive
664 567 695 596 in
717 566 891 596 dormitorio
921 573 999 594 com-

253 617 336 647 muni
364 618 425 647 sive
449 617 479 646 in
502 617 559 646 alio
587 616 651 646 loco
684 618 870 654 opportuno,
894 618 926 644 ut
948 614 997 644 alii

253 666 340 696 etiam
364 665 511 702 monachi,
535 665 559 694 si
583 674 618 695 ex
640 664 796 694 devotione
819 664 922 701 velint,
946 664 999 693 hu-

252 714 378 744 iusmodi
402 714 543 743 exercitio
566 713 704 743 assistere
726 713 853 742 valeant.

293 763 376 793 Modo
390 768 418 792 et
431 763 525 792 forma
538 762 697 801 praedictis
713 762 816 791 fratres
827 761 894 791 laici
910 761 998 791 etiam

253 812 288 842 ad
304 812 434 841 habitum
451 816 479 841 et
496 811 706 850 professionem
723 810 905 849 recipiantur
920 820 927 847 ς
944 809 998 839 sub

253 861 410 900 disciplina
445 860 578 898 magistri
612 869 664 898 per
687 864 800 898 septem
823 868 915 888 annos
938 859 999 888 exi-

253 914 342 946 stant,
365 909 473 949 quibus
497 909 526 938 in
549 908 745 938 observantiis
762 908 881 938 Ordinis
903 912 932 938 et
958 908 1000 938 of-

253 958 328 988 ficiis
350 958 503 988 servitutis
518 982 525 996 ,
550 957 586 987 ob
609 967 682 997 quae
710 957 820 996 recepti
845 957 964 994 fuerint,
983 966 998 986 a

252 1008 394 1046 magistro
428 1008 632 1044 instruantur,
657 1015 837 1046 prorsusque
867 1015 1000 1045 perseve-

250 1060 318 1086 rent
348 1057 376 1085 in
408 1059 485 1085 statu
518 1065 587 1085 suae
621 1055 794 1085 vocationis.
819 1055 850 1084 ln
874 1055 999 1093 singulis

252 1114 321 1135 vero
340 1105 528 1134 monasteriis
551 1104 579 1134 in
605 1105 656 1134 tali
679 1104 858 1143 competenti
875 1113 999 1134 numero

252 1153 454 1188 admittantur,
471 1157 502 1182 ut
521 1153 555 1182 ab
578 1152 683 1182 officiis
705 1153 856 1182 servitutis
872 1158 898 1182 et
929 1157 1000 1182 tem-

253 1202 404 1242 poralibus
420 1202 556 1232 monachi
572 1202 692 1232 omnino
709 1201 794 1232 liberi
811 1211 876 1232 cum
895 1201 999 1231 maiori

253 1252 362 1281 mentis
386 1251 598 1290 tranquillitate
615 1250 722 1280 divinis
745 1251 858 1289 possint
881 1259 997 1279 vacare.

86 1306 146 1330 Quod
161 1312 199 1327 nee
215 1307 243 1326 te-
294 1300 411 1330 Priores
436 1309 504 1329 vero
527 1303 555 1329 et
577 1299 709 1338 magistri
732 1299 930 1339 maximopere
954 1309 1000 1328 ca-

59 1339 164 1390 “135stssss
175 1339 243 1385 '⁵2⁵5'ssss
253 1354 351 1385 veant‚
370 1358 405 1378 ne
421 1349 527 1388 aliquis
550 1349 639 1378 frater
662 1348 753 1378 laicus
770 1352 834 1388 post
856 1349 1000 1387 receptio—

59 1389 100 1407 ’Μ’
116 1386 220 1407 ediscere.
253 1407 321 1428 nem
343 1397 461 1427 habitus
483 1398 592 1436 legere,
616 1402 645 1427 et
670 1398 761 1427 multo
784 1398 882 1427 minus
903 1407 1000 1436 gram-

253 1447 391 1476 maticam
413 1447 516 1483 discat,
534 1456 587 1476 nec
603 1447 686 1476 illum
709 1446 816 1486 aliquis
838 1447 999 1476 monachus

253 1496 315 1526 sive
337 1497 428 1525 frater
458 1496 553 1534 legere
580 1495 624 1525 vel
648 1496 869 1533 grammaticam
893 1495 998 1525 docere

253 1544 376 1582 audeat3
405 1549 433 1574 et
462 1544 511 1583 qui
540 1553 624 1574 secus
652 1544 794 1578 fecerint,
819 1544 998 1573 novitiorum

254 1593 384 1622 habitum
403 1602 454 1632 per
476 1602 584 1622 annum
608 1597 734 1632 portent,
752 1593 808 1622 nisi
835 1592 885 1632 qui
901 1593 998 1632 ipsum

253 1641 386 1671 docuerit
402 1642 563 1671 monachus
579 1642 609 1671 in
626 1641 717 1671 sacris
746 1641 924 1671 constitutus
941 1641 1000 1671 exi-

254 1693 331 1727 stat3
356 1700 413 1729 quo
435 1700 504 1720 casu
528 1699 580 1729 per
602 1690 714 1720 dictum
737 1699 846 1720 annum
870 1699 938 1720 voce
954 1700 1000 1719 ca-

254 1739 373 1778 pitulari
397 1740 528 1779 privetur
543 1750 548 1769 :
566 1739 596 1769 iu
612 1749 668 1779 qua
686 1741 780 1781 poe-na
801 1739 902 1768 nullus
919 1739 999 1778 prior

254 1788 425 1828 dispensare
448 1789 551 1828 possit.

295 1838 425 1878 Denique
444 1839 549 1868 fratres
571 1837 639 1868 laici
661 1837 787 1875 singulis
809 1837 914 1867 diebus
937 1842 1000 1877 post

255 1887 411 1926 prandium
434 1891 462 1916 et
484 1896 606 1916 coenam
629 1895 695 1916 cum
719 1886 764 1916 his
778 1911 785 1924 ,
810 1887 859 1925 qui
881 1886 934 1915 sub
957 1886 1001 1916 di-

255 1936 381 1974 sciplina
403 1935 536 1973 magistri
560 1935 711 1968 existunt,
732 1935 768 1964 ad
790 1944 906 1964 mensas
928 1934 1000 1964 rese-

255 1983 341 2013 ctorii
378 1983 570 2021 extergendas
607 1983 786 2013 intervenire
823 1988 998 2020 teneantur,

255 2033 346 2062 donec
378 2032 481 2070 viginti
504 2041 596 2061 annos
619 2031 736 2061 babitus
767 2032 998 2070 compleverint3

255 2082 427 2120 prioresque
450 2090 508 2111 non
534 2081 705 2120 permittant
727 2081 929 2111 sacerdotibus
951 2091 1000 2110 eos

254 2130 346 2160 nimia
364 2130 530 2159 reverentia
546 2133 574 2159 et
593 2129 703 2158 honore
720 2133 844 2158 tractare
858 2152 865 2165 ‚
880 2139 933 2159 nec
944 2130 1001 2159 alio

255 2179 374 2209 nomine
398 2179 496 2209 vocari
519 2187 606 2217 quam
630 2179 772 2208 fratrum:
797 2179 874 2217 quod
904 2178 1000 2217 ipsum

255 2233 388 2258 servetur
412 2238 477 2258 cum
501 2228 577 2266 aliis,
602 2229 651 2267 qui
676 2227 839 2267 presbyteri
863 2238 919 2258 nou
943 2228 1002 2257 exi-

255 2281 344 2307 stant.

97 771 129 791 De
144 769 242 790 fratribus

60 797 241 822 lateiseorumqun

62 829 155 845 munere.

124 1849 154 1870 De
171 1855 243 1871 eorum

59 1875 138 1897 officio.

496 2354 690 2383 Coxsrrrrrio
714 2353 768 2382 XL.

91 2438 121 2458 ne
136 2439 246 2464 tempore,
298 2424 398 2453 Nullus
421 2425 540 2453 novitius
562 2424 723 2453 admittatur
746 2424 780 2452 ad
792 2425 1000 2462 professionem,

66 2470 107 2491 quo
123 2466 198 2485 durare
210 2465 247 2485 de-

65 2491 102 2512 bet
131 2473 313 2512 „mnfflmnisi
331 2473 362 2501 tle
384 2472 462 2501 rebus
483 2473 539 2500 suis
561 2477 640 2501 aulea
662 2472 800 2510 disponat,
817 2473 896 2500 herta
911 2472 1002 2510 dispo-

66 2518 247 2565 ssssu‘ffiffi‘ffl'gffi
258 2523 383 2551 sillonem
398 2520 515 2550 Concilii
529 2520 695 2557 Tridentini,
719 2530 779 2558 cap.
793 2528 851 2557 xvi,
865 2530 929 2549 sess.
946 2528 1001 2548 xxv

69 2570 100 2592 ιίι.
259 2570 298 2600 De
319 2570 460 2608 regular„
485 2570 608 2598 donando
637 2570 708 2598 inter
739 2570 813 2598 vivos
841 2570 1002 2599 monasterio

890 176 1033 200 CLEMENS
1058 176 1102 199 x11
1127 177 1178 200 PP.

1679 166 1744 199 107

1041 224 1082 253 vel
1103 224 1169 254 aliis
1189 226 1314 263 personis
1332 229 1379 255 aut
1402 225 1467 255 loeis
1489 225 1524 254 ad
1542 224 1690 264 placitum,
1716 223 1788 252 nihil

1041 273 1093 302 sibi
1114 275 1224 303 omnino
1245 284 1399 311 reservam,
1423 279 1451 303 a!
1473 276 1591 312 spiritns
1623 275 1683 303 eius
1707 272 1788 302 Clzrz'-

1041 326 1113 350 stum
1134 326 1265 360 sequatur
1289 322 1412 356 liberius,
1438 334 1454 351 a
1475 324 1594 352 terrenis
1615 322 1742 351 oneribus
1763 326 1788 351 et

1041 379 1135 398 eorum
1156 370 1258 409 fidncisi
1280 372 1434 410 expeditus
1451 371 1505 401 ,vec
1522 371 1674 410 recipiatur
1696 371 1789 399 caius-

1042 427 1123 456 qaam
1152 420 1289 458 professio
1321 424 1383 448 ante
1415 430 1519 448 annum
1549 419 1719 459 probationis
1741 429 1789 448 ea:-

1040 466 1158 505 pletum.

1793 176 1844 200 An.
1864 173 1983 201 c.1730

1287 549 1548 571 EXTRAVAGANTES.

1082 623 1102 642 1.
1127 612 1190 642 Non
1212 612 1394 651 recipiantur
1427 612 1463 641 ad
1495 612 1626 642 habitum
1650 613 1692 642 illi
1707 636 1714 649 ‚
1738 613 1789 652 qui
1819 620 1846 639 oe
1863 622 1934 650 aei-ate
1952 625 1984 639 re-

1043 672 1101 692 non
1125 661 1282 691 habuerint
1298 662 1398 691 decem
1415 666 1442 691 et
1460 665 1524 691 octo
1547 671 1639 692 annos
1661 663 1789 701 comple·
1800 648 1984 698 ffi'fi'ieeffliiimsffi

1042 716 1097 746 tos,
1114 712 1182 751 quia
1213 711 1241 740 in
1266 715 1361 741 aetate
1383 710 1490 740 minori
1514 720 1572 740 non
1597 716 1718 750 possunt
1741 721 1789 740 co-

1042 769 1184 798 gnoscere
1207 759 1278 789 adeo
1312 759 1441 798 perfecte
1465 763 1573 788 statum
1597 769 1683 798 quem
1706 769 1788 789 assu—

1043 813 1137 838 munt.
1164 809 1238 838 Cum
1268 807 1403 846 personis
1433 811 1541 843 tamen,
1567 817 1641 846 quae
1664 808 1789 846 speciale

1044 857 1180 886 meritum
1205 855 1325 893 liabent,
1350 856 1456 895 poterit
1479 855 1560 894 prior
1582 864 1647 884 cum
1670 864 1722 884 suo
1745 865 1791 884 ca-

1043 905 1135 944 pitulo
1159 905 1350 944 dispensare,
1374 909 1406 934 ut
1428 905 1508 943 ipsae
1530 904 1565 933 ad
1589 903 1720 934 habitum
1743 904 1792 933 ad-

1043 954 1199 984 mittantur
1226 958 1293 983 ante
1326 953 1433 983 dictam
1467 957 1608 989 aetatem,
1633 952 1791 982 dummodo

1043 1008 1139 1032 tamen
1154 1003 1296 1042 professio
1315 1012 1373 1031 non
1390 1002 1550 1041 recipiatur
1563 1006 1629 1031 ante
1644 1002 1790 1031 decimum

1043 1056 1157 1082 sextum
1174 1061 1284 1081 annum
1301 1051 1460 1090 expletum,
1479 1051 1557 1080 iuxta
1575 1051 1649 1080 sacri
1670 1050 1791 1080 Concilii

1043 1100 1212 1130 Tridentini
1235 1100 1457 1139 dispositionem
1480 1108 1543 1139 cap.
1564 1107 1613 1136 xv,
1637 1108 1709 1128 sess.
1733 1107 1791 1128 xxv

1043 1150 1083 1179 De
1105 1149 1192 1187 repul.

1083 1207 1113 1227 11.
1137 1197 1257 1227 Noviter
1276 1197 1412 1236 professi,
1426 1197 1528 1226 saltem
1546 1206 1597 1236 per
1612 1199 1723 1235 septem
1740 1205 1791 1225 an-

1043 1256 1095 1276 nos
1119 1246 1153 1276 ab
1176 1246 1294 1276 habitus
1323 1246 1492 1284 receptione
1526 1245 1708 1284 completos,
1736 1245 1790 1275 sub

1043 1296 1203 1335 disciplina
1226 1295 1356 1333 magistri
1380 1294 1559 1323 novitiorum
1584 1293 1707 1323 subiecti
1727 1303 1791 1332 per-

1042 1349 1189 1382 severent,
1214 1348 1245 1373 ut
1267 1354 1301 1374 ex
1324 1343 1487 1373 inviolabili
1512 1343 1594 1382 praxi
1617 1342 1736 1372 Ordinis
1759 1344 1789 1372 in

1043 1397 1142 1423 nostro
1167 1393 1317 1423 ordinario
1341 1393 1492 1422 statuitur.
1518 1391 1548 1421 Si
1572 1396 1668 1420 autem
1692 1392 1721 1420 in
1738 1391 1791 1420 ali-

1043 1442 1149 1481 quibus
1184 1442 1370 1472 monasteriis
1405 1442 1499 1479 vigeat
1532 1441 1732 1475 consuetudo,
1757 1444 1789 1469 ut

1043 1491 1168 1529 longiori
1196 1496 1327 1530 tempore
1350 1490 1481 1528 magistri
1504 1490 1677 1528 discipliuae
1700 1489 1790 1519 subii-

1042 1541 1179 1579 ciantur,
1205 1541 1322 1580 penitus
1345 1540 1528 1570 observetur.
1551 1540 1651 1578 Neque
1674 1539 1789 1577 expleto

1042 1590 1118 1620 dicto
1141 1594 1272 1629 tempore
1295 1599 1310 1619 a
1333 1590 1411 1619 dicta
1434 1589 1591 1628 disciplina
1613 1588 1787 1621 liberentur,

1042 1639 1134 1668 donee
1154 1638 1268 1677 priores
1290 1638 1325 1668 de
1348 1638 1471 1667 consilio
1494 1647 1614 1667 suorum
1638 1637 1791 1675 magistro-

1043 1698 1107 1719 rum
1139 1688 1274 1728 (absque
1297 1691 1395 1718 tamen
1419 1688 1536 1717 illorum
1561 1688 1660 1726 aliqua
1689 1687 1791 1716 huius-

1043 1738 1121 1767 modi
1144 1737 1326 1767 liberationis
1355 1736 1585 1776 praetensione)
1609 1735 1679 1774 ipsis
1702 1735 1792 1764 liber-

1044 1791 1086 1816 tas
1109 1786 1296 1816 concedatur.
1321 1786 1351 1816 Si
1383 1786 1432 1825 qui
1468 1795 1534 1814 vero
1557 1795 1571 1814 a
1595 1785 1676 1814 dicta
1704 1784 1791 1814 disci—

1044 1835 1125 1874 plina
1147 1835 1258 1865 absolvi
1282 1835 1392 1865 directe
1415 1838 1464 1864 aut
1486 1834 1629 1863 indirecte
1653 1841 1791 1872 procura-

1043 1884 1151 1920 verint,
1175 1884 1317 1913 subiectio
1343 1883 1397 1913 suh
1421 1883 1562 1921 magistro
1585 1882 1643 1911 illis
1666 1882 1790 1920 ipsomet

1044 1936 1118 1964 sacto
1141 1933 1267 1963 ulterius
1289 1933 1491 1972 prolongetur.

1843 1199 1872 1231 lle
1891 1202 1985 1226 tempore

1801 1229 1920 1247 nox-inatus

1275 2008 1469 2039 Coxsnrrrlo
1492 2007 1561 2037 XLI.

1084 2080 1253 2110 Praeccdant
1276 2080 1401 2109 monaehi
1423 2080 1449 2108 in
1481 2080 1567 2107 saeris
1597 2079 1738 2107 constituti
1760 2078 1788 2106 in
1803 2087 1832 2107 ne
1855 2086 1987 2112 praeceden-

1045 2130 1257 2168 ‹Jnibascamqae
1280 2128 1344 2157 lacis
1366 2132 1466 2156 Γρῖννος
1484 2127 1626 2155 ›noum—hos
1648 2136 1719 2154 snos.
1742 2114 1986 2159 Γυ-Ῐᾞᾋῑ,ἷ’,ι,ῃηζ’“”ὼ,“ζῗ

1044 2183 1199 2208 ramlamea
1223 2180 1295 2206 inter
1313 2177 1469 2216 praedictos
1485 2178 1643 2205 constitutus
1659 2175 1685 2203 in
1703 2175 1789 2203 saeris
1802 2170 1831 2186 Μ’
1847 2166 1970 2187 ¹¹¹⁴'''³¹⁰¹¹⁰⁸·

1045 2228 1108 2257 ordo
1122 2227 1305 2266 praecedendi
1321 2227 1435 2255 minime
1450 2225 1618 2253 obser-mlier.
1639 2223 1708 2251 Idem
1724 2232 1788 2260 qno-

1046 2287 1095 2315 que
1118 2277 1191 2305 inter
1217 2275 1488 2313 celi-ros„monachas
1516 2273 1628 2302 elericos
1655 2277 1679 2300 et
1706 2271 1789 2299 laicos

1045 2325 1210 2354 observetur.

1286 2407 1380 2427 EXTRA
1386 2405 1546 2426 t'.x‹·..x.x'T1‹;.<.

1085 2480 1104 2500 1.
1129 2469 1249 2505 Quando
1266 2473 1415 2499 corrector
1431 2476 1548 2496 mensae
1572 2466 1659 2495 suerit
1681 2465 1869 2503 hebdo-Lwffi
1883 2483 1987 2503 mmm,

1046 2519 1215 2556 madarius,
1240 2518 1269 2547 in
1302 2518 1363 2546 loro
1396 2516 1572 2545 correctoris
1605 2515 1726 2551 sedeat,
1760 2512 1936 2544 etff‘'²'¹'⁶⁴'¹⁰f¹³·

1044 2568 1161 2598 aliunde
1184 2567 1330 2605 corrigere
1353 2570 1401 2595 aut
1423 2565 1578 2594 emendare
1602 2574 1658 2593 non
1682 2564 1787 2593 valeat.
