2182 3137
178 252 230 277 An.
249 252 278 276 C.
296 249 361 276 1731

412 240 476 274 283

376 299 525 339 stituere,
554 298 580 331 si
611 298 694 331 forte
719 297 760 330 ob
785 297 872 330 bella
898 296 946 329 vel
972 296 1035 328 alia
1068 295 1121 327 im-

377 352 564 394 pedimenta
604 352 732 384 vocales
776 350 941 393 praefatae
981 349 1122 381 nationis

377 404 569 446 congregari
594 403 771 446 nequirent
788 413 846 445 pro
865 407 1004 445 quatuor
1029 411 1123 443 prae-

377 456 538 489 dictorum
565 461 716 499 patrum,
743 460 778 486 ut
804 455 863 497 ipsi
890 454 1002 493 aiunt,
1030 463 1123 496 prae-

377 509 576 549 sentatione,
597 514 704 552 atque,
723 513 913 541 occurrente
932 507 1021 540 obitu
1044 507 1124 539 eius-

379 563 452 595 dem
479 562 696 595 commissarii
715 562 877 604 generalis
896 561 1000 593 dictae
1020 560 1124 592 natio-

377 616 449 655 nis,
476 617 524 648 vel
551 626 589 648 eo
614 615 647 648 in
682 614 912 658 provincialem
939 613 1122 646 ministrum

378 679 456 702 suae
482 670 607 702 nativae
634 668 818 712 provinciae
838 669 954 706 eleeto,
983 667 1122 699 durante

378 723 482 766 ipsius
509 733 666 761 inuuere,
692 722 799 754 statim
833 721 998 764 antiquior
1030 726 1124 764 pater

379 787 416 810 ex
429 776 598 820 provincia
613 776 755 809 defuncti
771 774 983 808 commissarii
1000 775 1030 807 in
1045 774 1124 806 vice-

378 829 634 862 commissarium
662 829 857 871 generalem,
877 828 930 870 qui
953 827 1057 870 sigilla
1074 837 1124 858 re-

381 884 485 916 tinere
512 890 543 916 et
568 883 679 915 munia
704 882 813 915 omnia
837 879 1121 914 vicecommissarii

379 937 568 978 generaliS,
600 936 706 968 donec
742 945 843 967 novus
880 932 1121 966 commissarius

379 995 413 1021 ut
438 989 622 1032 praefertur
646 986 799 1026 electus¹,
818 992 849 1020 et
866 992 900 1018 ut
917 996 1015 1028 supra
1033 985 1123 1017 insti-

379 1047 549 1081 tueretur,
573 1051 725 1073 exercere
751 1040 894 1079 valeret3
921 1044 953 1071 et
979 1039 1120 1077 tandem,

379 1099 414 1126 ut
430 1094 626 1137 quicumque
645 1093 854 1126 laudabiliter
871 1102 929 1135 per
948 1091 1122 1124 triennium

380 1158 497 1180 munus
517 1147 731 1181 commissarii
756 1146 918 1189 generalis
941 1146 1047 1178 dictae
1069 1155 1123 1177 na-

380 1201 477 1234 tionis
492 1200 710 1240 sustinuisset,
724 1205 829 1243 pater,
848 1205 882 1231 ut
897 1203 1022 1237 vocant,
1040 1198 1124 1230 eius-

380 1255 452 1287 dem
480 1254 620 1287 nationis
647 1258 854 1296 reputaretur
871 1258 902 1285 et
922 1256 1121 1290 censeretur,

380 1314 410 1341 et
436 1308 479 1340 uti
508 1308 579 1340 talis
612 1306 790 1349 privilegiis
827 1305 991 1339 concessis
1026 1305 1122 1348 plene

381 1361 568 1398 frueretur,
601 1359 685 1392 aicta
712 1359 904 1391 auctoritate
929 1358 1025 1390 ctiam
1052 1367 1123 1398 per-

380 1420 479 1457 petuo
497 1413 697 1446 concessitet
711 1411 853 1444 indulsit.
867 1411 1011 1449 Demum,
1029 1410 1123 1443 unius

380 1473 411 1499 et
436 1467 585 1500 eiusdem
610 1466 740 1498 Ordinis
779 1465 908 1497 indivisi
941 1464 1000 1497 sub
1025 1464 1124 1496 unico

380 1527 411 1554 et
437 1522 552 1554 eodem
582 1520 688 1563 eapite
721 1520 901 1562 eademque
927 1519 1040 1561 regula
1064 1519 1125 1551 Do-

380 1573 468 1606 mino
504 1573 727 1606 famulantium
757 1572 873 1604 unitati
908 1572 1004 1604 etiam
1037 1576 1124 1604 exte-

380 1627 470 1665 riori⁷
492 1632 647 1669 quantum
674 1625 704 1657 in
728 1625 865 1658 Domino
886 1629 1028 1667 poterat,
1049 1634 1125 1667 pro-

381 1680 514 1719 videre,
543 1685 574 1712 et
597 1685 777 1722 propterea
809 1688 1030 1721 quascumque
1058 1677 1124 1709 dis-

383 1733 557 1766 sensiones
584 1738 616 1765 et
641 1731 898 1774 discrepationes
926 1731 1120 1769 exteriores,

381 1797 462 1830 quae
488 1786 558 1829 ipse
584 1785 778 1817 Benedictus
803 1785 1037 1827 praedecessor
1059 1794 1122 1815 non

379 1838 543 1873 modicum
563 1839 718 1870 damnum
735 1837 880 1869 eiusdem
896 1836 1043 1869 interiori
1059 1835 1126 1867 uni-

380 1893 436 1926 tati
459 1898 490 1926 et
518 1892 679 1924 fraternae
705 1890 852 1922 charitati
880 1889 992 1922 afferre
1017 1891 1124 1922 solere

380 1946 538 1989 putabat,
566 1954 702 1987 prorsus
727 1953 877 1976 amovere
905 1943 1058 1985 cupiens,
1093 1954 1125 1975 o-

379 2009 472 2031 mnes
499 2005 530 2031 et
555 1998 702 2040 singulos
736 1997 852 2029 fratres
886 1996 962 2029 dieti
995 1995 1124 2028 Ordinis

379 2053 544 2096 praefatae
584 2050 911 2091 Germano-Belgicae
953 2049 1096 2082 nationis
1116 2077 1124 2089 ,

381 2104 646 2139 denominatione
673 2103 935 2136 Recolleetorum
969 2110 1001 2136 et
1028 2114 1127 2146 capu-

381 2159 427 2192 tio
453 2157 637 2191 acuminato
663 2167 698 2189 ac
721 2156 950 2189 mantellorum
972 2156 1127 2198 ligamen-

381 2215 422 2247 tis
450 2213 568 2255 ligneis
592 2212 657 2244 sive
693 2211 867 2248 eburneis,
900 2216 954 2243 aut
986 2211 1063 2243 alias
1088 2210 1127 2242 ab

380 2268 535 2299 universo
557 2276 646 2298 more
673 2265 808 2296 fratrum
835 2264 993 2296 Minorum
1012 2263 1050 2296 de
1067 2263 1128 2296 Ol)-

382 2320 552 2353 servantia
569 2318 787 2356 discordibus,
806 2317 923 2360 quibus
949 2322 1044 2349 antea
1061 2323 1129 2349 ute-

381 2373 522 2406 bantur.
557 2371 708 2411 reiectis‚
741 2381 777 2403 ex
804 2376 880 2402 tunc
903 2370 936 2402 in
963 2376 1150 2415 poste1·1iu¹;

383 2425 550 2469 perpetuis
585 2424 701 2456 futuris
738 2423 961 2466 temporibus,
994 2418 1150 2456 servatis?

385 2486 492 2512 tamen
520 2479 551 2510 in
578 2478 713 2521 reliquis
749 2477 842 2510 dictis
873 2477 1000 2509 statutis
1025 2477 1149 2520 natio-,

384 2531 535 2569 natibus,
560 2531 592 2562 in
629 2529 893 2563 denominatione
930 2534 962 2562 et
998 2529 1128 2562 habitus

424 2604 432 2626 1
459 2601 503 2627 Vel
520 2601 579 2634 lege
594 2601 759 2633 eliqeretur,
781 2600 822 2627 vel
842 2599 979 2626 coniunct.
1002 2603 1042 2633 et,
1060 2607 1129 2634 quae

384 2645 517 2680 sequitur,
538 2645 654 2672 delenda
674 2646 711 2680 (a.
727 2645 776 2678 T.).

963 247 1146 272 BULLAMUM
1171 247 1324 271 ROMANUM

1165 294 1327 328 delatione
1353 296 1470 328 ceteris
1497 296 1646 328 fratribus
1677 296 1754 329 dicti
1779 295 1908 329 Ordinis

1165 358 1237 380 sese
1263 349 1396 381 omnino
1423 350 1630 382 conformare
1662 349 1850 392 praecepit,
1877 355 1909 382 et

1166 411 1231 433 non
1258 401 1395 444 amplius
1414 401 1626 440 Recollectos‚
1643 402 1699 434 sed
1720 402 1836 434 fratres
1853 401 1909 434 Or-

1167 454 1251 486 dinis
1288 455 1388 487 saueti
1426 454 1586 487 Francisci
1621 454 1783 497 resqularis
1804 455 1909 487 obser-

1166 508 1298 539 vantiae
1323 508 1523 550 nuncupari,
1553 514 1583 540 ct
1604 508 1648 540 uti
1677 508 1756 540 tales
1782 508 1821 540 ab
1840 508 1910 540 uni-

1167 571 1260 593 verso
1279 561 1398 593 Ordine
1418 561 1539 603 absque
1565 561 1627 594 alia
1645 561 1909 594 denominatione

1167 614 1290 646 censeri
1318 613 1456 653 deberc;
1482 613 1581 652 itaut,
1608 614 1633 646 si
1661 614 1774 646 fratres
1806 614 1909 646 dictae

1167 666 1309 698 nationis
1329 667 1626 699 denominationem
1649 667 1909 699 Recolleetorurn

1168 724 1199 751 et
1224 719 1387 762 caputium
1422 719 1638 751 acuminatum
1673 730 1708 751 ac
1740 719 1911 752 mantello-

1169 783 1238 804 rum
1266 773 1442 815 ligamenta
1460 774 1568 815 lignea
1589 773 1655 805 sive
1674 773 1816 805 eburnea
1835 772 1910 805 reii-

1167 837 1256 865 cere,
1279 837 1314 859 ac
1340 826 1473 859 fratrum
1499 826 1659 869 regularis
1684 826 1909 858 observantiae

1168 879 1453 922 nuncupationem,
1474 885 1505 911 et
1523 879 1681 919 habitum,
1699 880 1738 911 ab
1756 880 1910 911 universo

1167 932 1287 965 Ordine
1314 934 1431 975 gestari
1457 933 1595 972 solitum,
1619 942 1782 965 assumere
1804 932 1911 964 detre-

1167 990 1300 1024 ctarent,
1318 986 1365 1018 illi
1379 986 1484 1018 statim
1501 991 1532 1018 et
1546 985 1618 1029 ipso
1633 985 1726 1023 facto,
1742 991 1774 1018 et
1787 986 1910 1028 absque

1169 1038 1282 1070 iudicis
1308 1038 1487 1071 ministerio
1504 1065 1511 1078 ‚
1539 1038 1693 1070 fruitione
1727 1038 1909 1071 litterarum

1168 1101 1225 1133 per
1259 1092 1471 1124 Benedictum
1507 1092 1796 1134 praedecessorem
1833 1096 1910 1124 tunc

1168 1143 1326 1175 editarum
1352 1144 1476 1187 privati,
1495 1144 1635 1187 illaeque
1661 1154 1796 1187 prorsus
1816 1143 1911 1176 abro-

1168 1202 1260 1238 gatae
1279 1198 1405 1230 censeri
1427 1197 1596 1237 deberent,
1616 1197 1805 1230 auctoritate
1823 1207 1912 1239 prae-

1168 1250 1229 1282 fata
1256 1250 1407 1283 similiter
1432 1256 1592 1293 perpetuo
1613 1250 1725 1289 voluit,
1743 1249 1855 1282 statuit
1879 1254 1911 1281 et

1168 1303 1356 1336 declaravit.
1376 1303 1422 1342 Et,
1442 1314 1500 1346 pro
1521 1303 1653 1336 firmiori
1672 1314 1747 1336 suae
1770 1304 1911 1336 volunta-

1170 1357 1207 1387 tis
1233 1357 1369 1394 robore,
1388 1357 1686 1390 denominationem
1705 1357 1911 1390 Recollecto-

1169 1419 1237 1440 rum
1257 1414 1288 1441 et
1312 1420 1405 1441 usum
1433 1410 1553 1453 caputii
1580 1410 1752 1443 acuminati
1780 1415 1811 1442 et
1835 1409 1911 1452 liga-

1168 1467 1352 1494 mentorum
1381 1464 1610 1495 mantellorum
1638 1463 1820 1505 ligneorum
1846 1463 1910 1495 sive

1169 1514 1398 1555 eburneoruin,
1417 1521 1470 1548 aut
1487 1515 1565 1548 alias
1590 1516 1628 1548 ab
1649 1516 1803 1549 universo
1821 1525 1911 1548 more

1169 1568 1303 1601 fratrum
1321 1569 1480 1601 Minorum
1500 1570 1538 1602 de
1557 1569 1768 1602 observantia
1793 1569 1912 1602 discor-

1168 1621 1268 1661 dium,
1294 1622 1477 1655 huiusmodi
1502 1627 1592 1655 motu
1617 1622 1752 1665 proprio
1769 1649 1776 1662 ,
1802 1623 1910 1666 deque

1168 1675 1362 1717 apostolicae
1389 1676 1559 1718 potestatis
1586 1675 1810 1719 plenitudine,
1836 1685 1911 1718 per-

1169 1733 1264 1769 petuo
1291 1728 1473 1771 suppressit
1490 1734 1521 1761 et
1546 1728 1732 1771 abrogavit:
1759 1740 1797 1761 ac
1822 1728 1911 1767 aliaS,

1168 1787 1265 1825 prout
1284 1782 1315 1814 in
1338 1782 1460 1814 eisdem
1486 1782 1603 1815 litteris
1630 1782 1799 1815 Benedicti
1817 1792 1912 1825 prae-

1169 1835 1347 1867 decessoris
1387 1835 1619 1878 incipientibus
1664 1835 1911 1878 Flayilanlium

1166 1898 1296 1930 preces,
1325 1892 1406 1925 ele„
1433 1888 1493 1920 sub
1531 1889 1638 1922 datum
1672 1889 1791 1921 Romae
1824 1887 1911 1931 apud

1169 1940 1200 1972 S.
1223 1941 1349 1973 Petrum
1369 1951 1451 1973 auno
1472 1940 1706 1973 incarnationis
1730 1941 1912 1973 dominicae

1169 2004 1342 2033 Moccxxix,
1367 1995 1513 2027 kalendis
1540 1994 1715 2033 februarii,
1743 1994 1913 2038 pontifica-

1171 2052 1220 2079 tus
1239 2046 1285 2078 sui
1304 2057 1389 2079 anno
1407 2057 1438 2080 v1
1457 2047 1624 2090 expeditis,
1645 2047 1772 2090 plenius
1791 2053 1822 2080 et
1837 2047 1914 2079 ulic-

1170 2100 1236 2131 rius
1264 2100 1464 2132 continetur.

1215 2156 1229 2197 ᾗ
1254 2153 1285 2186 ⁶2.
1318 2153 1396 2186 Cum
1434 2159 1565 2193 autem,
1591 2154 1674 2186 sicut
1707 2154 1913 2197 accepimus,

1882 2206 1889 2211 ,
1926 2187 2068 2208 turbationem
2083 2187 2112 2208 ἰίς

1171 2207 1298 2240 litterae
1324 2206 1491 2239 Benedicti
1525 2207 1789 2249 praedecessoris
1819 2208 1856 2238 ea
1881 2216 1914 2238 in

1171 2267 1274 2304 parte,
1293 2271 1356 2303 qua
1382 2266 1416 2291 ut
1441 2261 1622 2302 praefertur
1647 2260 1742 2292 dictis
1759 2260 1913 2292 fratribus

1171 2314 1335 2357 praefatae
1361 2313 1501 2346 nationis
1526 2312 1862 2355 Germano-Belgicae,
1883 2319 1914 2346 et

1173 2367 1200 2399 ei
1226 2377 1424 2399 annexarum
1452 2365 1704 2409 provinciarum,
1726 2365 1914 2398 denomina-

1173 2421 1294 2451 tionem
1322 2419 1578 2451 [tecolleetorum
1612 2424 1645 2451 et
1676 2429 1766 2450 usum
1794 2419 1912 2461 caputii

1171 2472 1344 2505 acuminati
1383 2478 1415 2504 et
1445 2472 1697 2514 ligamentorum
1729 2472 1912 2514 ligneorum

1171 2527 1236 2559 sive
1265 2528 1486 2560 eburncorum
1511 2526 1732 2569 praefatorum
1760 2525 1911 2565 reiicere,

1171 2586 1202 2614 et
1228 2581 1362 2613 fratrum
1391 2579 1555 2622 reyularis
1579 2579 1799 2611 observantiae
1830 2588 1912 2610 nun-

1172 2634 1374 2678 cupationem
1401 2639 1432 2666 et
1456 2632 1598 2665 habitum
1624 2632 1664 2664 ab
1689 2631 1838 2664 universo
1854 2630 1912 2663 Or-

1917 246 1967 274 An.
1986 247 2015 272 C.
2036 245 2103 275 1731

1925 2160 1984 2184 Quae
2000 2165 2046 2181 cum
2061 2165 2111 2187 pet·-
2131 2152 2133 2155 ⁴
2164 2186 2173 2192 ·

2130 2240 2131 2245 ,
2151 2190 2182 2240 24

2144 2229 2174 2323 ἐὴ

2147 2328 2166 2355 ,¹5

2153 2390 2162 2407 ἰ

1926 2214 1946 2234 in
1992 2213 2110 2240 provinciis

1925 2239 1999 2266 aliqua
2015 2245 2039 2261 ex
2049 2241 2112 2266 parto

1925 2266 2059 2291 adduxerint,
