2182 3137
66 218 120 243 An.
135 217 164 242 C.
190 215 256 242 ¹732

119 276 250 297 Noritiorum

67 305 138 323 vestes
166 308 250 322 serran-
264 312 269 317 ·

66 329 108 349 dae
133 334 200 354 usque
224 328 249 348 ad

67 356 122 375 dmm
138 355 251 381 professio-

66 382 107 403 nis.

92 1251 186 1271 Dur-antu
201 1255 250 1276 pro-

65 1277 159 1298 bationis
170 1280 250 1303 tempo·

64 1309 87 1324 re
109 1306 140 1324 ter
162 1304 248 1324 fratrum

65 1330 166 1355 suffragia
182 1331 207 1350 de
224 1337 249 1351 eo

62 1357 198 1378 admittendo
210 1364 249 1378 uec

66 1390 93 1405 ne.
108 1384 211 1409 roganda.

83 2375 189 2401 Tyn-ocimi
202 2377 252 2395 tein-

69 2406 122 2427 φοι-ο
144 2402 164 2422 in
186 2402 241 2422 mani

69 2428 146 2448 festum
175 2434 253 2448 crimen

70 2454 142 2479 tapsus
168 2455 254 2476 eiicien-

67 2480 117 2501 dus.

886 216 1028 238 CLEMENS
1056 217 1101 239 ΧΠ
1127 218 1175 239 ΡΡ.

303 272 363 293 xm.
378 264 561 294 Novitiorum
578 268 672 293 vestes
685 273 788 302 resque
804 272 904 292 omnes
921 267 1001 292 certo

262 322 292 341 in
315 312 378 342 loco
400 316 602 352 reponantur,
628 316 778 351 postquam
813 311 842 340 in
872 311 1000 340 codicem

262 360 376 398 singula
396 361 486 390 relata
510 360 629 397 fuerint,
647 360 709 399 ipso
725 359 833 389 novitio
850 363 1002 398 praesente

263 410 321 438 una
343 418 409 438 cum
432 408 582 438 fratribus.
606 408 663 437 Nec
692 408 743 437 ulti
771 407 877 444 liceat,
903 407 1003 436 incon-

262 457 339 487 sulto
361 457 480 486 domino
495 481 502 495 ,
527 457 676 495 quidpiam
701 466 737 485 ex
760 456 818 485 illis
840 456 896 484 sibi
919 465 1003 485 usur-

263 515 333 544 pare
355 509 404 534 aut
427 505 604 535 monasterio
628 505 785 544 applicare.
802 504 857 534 Sed
872 513 924 533 nec
941 504 1002 542 ipse

262 554 391 583 novitius
406 553 441 583 de
457 553 546 583 rebus
562 554 623 583 suis
645 553 799 592 disponere
817 553 919 589 valeat,
940 562 1003 591 pro-

263 602 381 632 batione
408 603 555 635 durante.
586 607 635 632 aut
666 603 752 632 aliter
784 611 884 632 corum
918 611 1002 631 usum

262 650 365 680 cedere
387 651 497 690 absque
520 651 633 680 abbatis
655 660 812 680 consensu.
830 650 859 679 Si
877 650 1003 679 novitius

263 699 298 729 ad
323 700 471 729 saeculum
494 700 626 737 redierit,
644 709 691 729 res
718 709 785 729 suas
807 700 922 729 auferre
945 709 1002 728 non

263 748 449 787 prohitetur3
466 748 531 778 illas
549 753 644 778 tamen
661 753 794 788 repetere
811 758 867 777 non
884 748 1001 788 poterit,

262 806 334 836 quas
368 801 471 836 sponte
494 801 521 827 et
546 806 682 836 expresse
717 797 892 826 monasterio
915 797 1003 826 dona-

263 845 348 883 verit,
372 850 422 875 aut
444 846 467 875 si
492 845 633 885 professio
655 850 752 875 secuta
776 846 875 875 fuerit.

301 902 360 923 ΧΠ.
395 894 530 923 Neritius
552 899 618 923 ante
641 894 875 933 professionem,
900 894 1003 933 quovis

263 943 351 972 etiam
374 942 547 973 brevissimo
564 943 705 982 temporis
728 943 832 982 spatio,
852 948 946 982 potest
969 943 1002 972 dc

262 990 350 1020 rebus
372 996 400 1021 et
423 991 506 1021 bonis
529 991 590 1020 suis
608 1001 660 1030 pro
683 991 805 1021 arbitrio
828 991 1000 1031 disponere:

262 1044 326 1079 post
349 1040 452 1069 factam
480 1050 548 1070 vero
585 1041 793 1080 professionem
824 1041 936 1070 nullum
960 1042 1003 1070 illi

262 1093 393 1118 remanet
409 1090 437 1117 in
462 1091 494 1118 ea
510 1089 670 1118 dominium
686 1112 692 1125 ,
710 1099 763 1118 nec
782 1090 852 1118 item
876 1089 1001 1127 abbatis,

261 1136 311 1166 sed
333 1137 405 1167 illud
428 1138 461 1167 ad
486 1137 625 1168 Ordinem
656 1138 755 1167 statim
789 1139 913 1167 transire
937 1148 1004 1167 cen-

261 1189 352 1215 setur.

301 1243 347 1264 xv.
372 1235 514 1265 Currente
538 1235 720 1275 probationis
745 1241 886 1274 tempore,
906 1241 950 1265 ter
970 1235 1003 1265 de

260 1284 370 1314 novitio
393 1285 517 1314 fratrum
552 1285 688 1323 suffragia
713 1290 872 1323 rogentur:
897 1290 924 1314 et
947 1285 1005 1324 pri-

262 1342 340 1363 mum
357 1334 472 1373 quidem
490 1335 605 1373 expleto
629 1334 763 1373 tyrocinii
787 1344 878 1363 anuo:
898 1334 1004 1363 iterum

261 1391 330 1412 vero
354 1387 417 1421 post
439 1383 584 1412 decimum
609 1388 743 1412 octavum
776 1392 905 1412 inensem
925 1393 930 1411 :
956 1393 1005 1422 po-

262 1434 372 1461 stremo
400 1436 464 1471 post
497 1432 668 1469 vigesimum
700 1436 860 1471 quartum,
886 1432 938 1461 boc
961 1437 1004 1462 est

263 1479 361 1518 elapso
385 1480 566 1519 probationis
598 1480 728 1510 biennio.
753 1481 782 1510 Si
805 1481 834 1509 in
858 1482 1005 1519 postrema

263 1528 488 1565 congregatione
525 1529 612 1558 suerit
645 1528 843 1568 approbatus,
871 1529 1002 1558 habitum

262 1577 414 1616 suscipiat,
434 1580 570 1616 quamvis
586 1578 614 1607 in
633 1578 757 1615 geminis
774 1577 921 1616 prioribus
937 1588 1004 1608 con-

262 1626 483 1663 gregationibus
505 1626 677 1665 reprobatus
700 1626 822 1663 fuisset3
848 1630 875 1656 et
898 1636 913 1656 e
936 1637 1004 1656 con-

263 1674 363 1708 trario,
387 1675 410 1703 si
435 1675 463 1704 in
488 1675 570 1704 tertia
594 1675 767 1714 reprobatus
790 1676 889 1713 fucrit,
907 1675 1005 1705 dimit-

263 1727 349 1761 tatur,
374 1732 428 1752 nec
450 1723 582 1762 priorum
599 1713 727 1753 duarum⁸
745 1725 1004 1762 congregationum

262 1771 321 1801 ulta
352 1772 426 1801 ratio
460 1772 591 1802 habenda
629 1773 695 1802 erit.
726 1773 780 1807 Qui
817 1783 867 1811 per
895 1783 1003 1803 annum

263 1821 425 1858 dumtaxat,
444 1825 475 1851 ut
498 1832 596 1861 supra,
615 1821 767 1860 probatur,
792 1822 826 1851 de
850 1832 882 1851 eo
907 1832 1006 1852 mona-

265 1870 388 1899 chorum
411 1870 550 1908 sutfragia
573 1876 713 1908 rogentur
730 1876 793 1910 post
809 1876 936 1907 sextum,
957 1882 1006 1901 no-

263 1929 332 1948 num
356 1923 384 1949 et
407 1919 610 1948 duodecimum
641 1929 781 1949 mensem.
806 1920 859 1954 Qui
884 1930 934 1958 per
957 1931 1006 1949 an-
1026 1928 1028 1952 ς

264 1976 334 1995 num
358 1977 423 1996 cum
447 1967 580 2003 dimidio,
606 1973 669 2006 post
691 1968 908 2005 duodecimum,
929 1969 1005 1998 dcci-

265 2016 494 2055 mumquintum,
512 2021 539 2045 et
556 2017 838 2047 decimumoctavum
863 2027 1004 2047 mensem.

303 2073 361 2093 xri.
396 2064 548 2102 Suttragiis
586 2066 794 2095 monachorum
828 2065 1006 2104 approbatus

263 2117 400 2143 censetur
429 2114 478 2153 qui
503 2114 545 2143 vel
570 2124 660 2143 uuum
691 2124 742 2154 pro
771 2116 937 2154 receptione
959 2125 1007 2145 su-

265 2171 316 2201 pra
341 2163 528 2192 medietatem
562 2164 733 2201 suffragium
765 2164 862 2194 habet.
887 2164 915 2193 Si
940 2175 1006 2194 tero

263 2211 402 2249 suffragia
425 2212 535 2242 suerint
557 2213 636 2251 paria
655 2223 705 2252 pro
728 2214 894 2252 receptione
911 2218 939 2243 et
957 2224 1006 2252 pro

264 2261 484 2300 reprobatione,
502 2262 608 2292 iterum
631 2268 788 2300 rogentur:
813 2263 897 2302 sique
913 2264 1007 2293 adliuc

264 2310 346 2349 paria
370 2311 491 2348 suerint,
516 2311 690 2350 reprobatus
712 2316 877 2341 censeatur.

303 2368 375 2389 xvn.
399 2359 428 2389 Si
453 2360 525 2389 forte
555 2361 684 2390 novitius
719 2361 853 2400 tyrocinii
879 2366 1007 2400 tempore

264 2408 294 2438 in
317 2417 404 2446 grave
437 2409 547 2438 crimen
581 2408 731 2448 pubiicum
762 2413 790 2439 et
820 2410 1006 2440 manifestum

266 2457 419 2497 prolapsus
435 2457 534 2494 suerit,
552 2467 582 2487 re
595 2458 676 2496 prius
699 2468 765 2487 cuin
782 2459 1007 2497 congregatione

267 2506 476 2536 monachorum
493 2506 722 2544 communicata,
740 2506 828 2536 abbas
845 2507 926 2537 illum
944 2508 1007 2537 siue

266 2556 351 2585 moriz
373 2554 493 2590 eiiciat3
510 2554 548 2584 ita
573 2558 668 2584 tamen
691 2559 723 2584 ut
744 2555 807 2584 eius
824 2555 915 2585 famae
933 2556 1006 2595 apud

266 2602 445 2639 saeculares,
468 2602 564 2642 quoad
588 2603 652 2633 fieri
677 2603 801 2642 poterit,
825 2604 1006 2634 consulatur.

1689 207 1754 241 3:³3
1801 221 1850 242 An.
1867 217 1894 241 c.
1918 216 1984 244 1732

1084 272 1162 293 xvm.
1186 264 1318 294 Neritius
1342 270 1492 304 postquam
1510 265 1543 295 ad
1560 265 1780 304 suscipiendum

1046 311 1177 341 habitum
1200 313 1229 342 in
1253 313 1341 342 terti-:t
1362 314 1588 351 congregatione
1612 313 1788 353 approbatus

1045 359 1154 397 fuerit,
1178 359 1267 389 abbas
1289 360 1332 390 itti
1354 361 1472 391 habitus
1504 363 1722 401 susceptionem
1751 363 1787 392 ad

1048 408 1174 437 triduum
1190 408 1316 447 differat,
1334 420 1390 448 quo
1408 410 1562 439 intervallo
1590 410 1688 440 iubeat
1705 421 1788 440 euin-

1046 456 1112 484 dem
1131 456 1165 485 de
1188 461 1264 486 statu
1287 466 1338 486 suo
1362 458 1540 488 deliberare:
1560 464 1655 488 utrum
1673 459 1786 489 scilicet

1047 504 1087 532 illi
1108 504 1219 542 placeat
1237 509 1298 534 rota
1317 506 1461 543 emittere,
1480 512 1529 536 aut
1547 508 1659 543 contra,
1673 508 1788 537 ad'sae-

1046 552 1145 581 cuium
1169 553 1275 582 redire.
1293 554 1320 583 Si
1337 554 1451 584 evoluto
1469 556 1564 585 triduo
1587 557 1714 586 novitius
1731 562 1789 587 sta-

1047 601 1136 630 tuerit
1164 602 1330 639 religiosam
1361 604 1570 641 professiomnn
1594 606 1729 635 emittere
1762 611 1789 636 et

1048 649 1207 678 monachus
1230 650 1305 686 fieri,
1323 650 1357 679 ad
1376 651 1529 681 ecclesiam
1552 654 1585 682 ad
1600 654 1714 683 lucatur
1731 655 1788 684 fra-

1048 701 1124 726 trum
1147 703 1231 727 coetu
1254 699 1431 736 deducente,
1456 705 1541 739 atque
1563 711 1660 731 coram
1683 703 1787 733 abbate

1047 745 1081 774 ad
1098 746 1197 775 altaris
1216 746 1291 776 latus
1313 747 1459 777 assidente
1475 758 1567 785 genua
1587 750 1693 787 flectat,
1714 752 1786 781 duo-

1047 793 1101 823 bus
1116 794 1217 823 saltem
1236 795 1386 825 monachis
1403 797 1541 834 professis
1559 800 1763 836 praesentibus
1780 811 1786 837 ;

1047 847 1076 872 et
1091 843 1180 873 abbas
1195 844 1229 873 de
1247 844 1339 883 ipsius
1362 846 1509 884 proposito
1532 856 1564 876 ac
1588 853 1683 878 incute.
1703 850 1786 879 iilum

1047 892 1227 930 interroget:
1246 893 1329 932 sique
1353 893 1484 923 habitum
1506 895 1632 933 petierit,
1650 897 1789 927 induatur

1047 941 1128 971 iuxta
1150 944 1239 971 ritum
1263 943 1425 981 Syriacum,
1447 949 1597 983 postquam
1617 946 1791 983 pronuncia-

1050 991 1121 1020 verit
1144 991 1219 1020 hanc
1242 996 1372 1021 votorum
1396 993 1573 1022 formulam:

1091 1052 1101 1065 ‹-
1120 1040 1178 1078 Ego
1194 1041 1229 1070 N.
1246 1041 1279 1070 N.
1299 1042 1435 1079 promitto
1458 1052 1490 1071 ac
1514 1051 1601 1072 voveo
1622 1044 1677 1073 Deo
1698 1045 1790 1075 otnui-
1858 1063 1932 1082 smmi,
1955 1068 1986 1081 m-

1049 1090 1158 1127 potenti
1191 1094 1219 1119 et
1252 1090 1495 1119 reverendissimo
1529 1091 1625 1121 abbati
1658 1094 1787 1130 generati
1804 1091 1892 1108 '‘·¹¹'¹“‘¹¹¹
1935 1091 1983 1108 ³⁰³⁹

1811 1116 1886 1134 «nme
1904 1117 1980 1134 tionem

1048 1138 1081 1167 N.
1107 1138 1139 1167 N.
1163 1138 1285 1177 eiusque
1309 1139 1528 1169 successoribus
1561 1141 1757 1172 obedientiam
1803 1121 1901 1161 ¹¹¹l'‘['¹⁵p
1930 1144 1990 1161 ΕΜ·

1778 1167 1785 1180 7
1820 1176 1821 1180 ,

1048 1186 1210 1216 castitatem
1223 1192 1249 1216 et
1268 1193 1466 1226 paupertatem
1485 1190 1679 1219 voiuntariain
1698 1201 1791 1230 usque
1804 1169 1869 1188 Um*

1049 1235 1083 1263 ad
1107 1240 1240 1271 mortem,
1260 1236 1338 1265 iuxta
1363 1237 1491 1275 reguinn
1515 1242 1540 1267 et
1565 1240 1789 1270 constitutiones

1048 1283 1285 1322 Congregationis
1298 1288 1414 1315 nostrae
1431 1288 1618 1317 monasticae.
1634 1288 1703 1317 Item
1723 1299 1790 1328 pro-

1050 1333 1132 1362 mitto
1155 1343 1186 1362 ac
1210 1343 1308 1367 voveo,
1329 1344 1372 1363 ine
1387 1335 1495 1364 nullam
1512 1336 1681 1374 dignitatem
1699 1349 1790 1377 quae-

1049 1382 1173 1411 siturum
1206 1383 1267 1412 sive
1290 1384 1318 1412 iu
1343 1386 1445 1413 nostra
1478 1384 1705 1423 Congrcgatione
1728 1388 1788 1418 sire

1049 1436 1145 1467 extra,
1169 1442 1223 1461 nec
1245 1432 1422 1461 erubiturum
1448 1443 1499 1472 per
1522 1444 1566 1463 me
1589 1435 1684 1473 ip<um
1701 1461 1707 1473 ,
1733 1447 1785 1466 nec

1048 1490 1100 1519 per
1122 1481 1193 1510 alios
1216 1486 1451 1520 procuraturum,
1476 1492 1571 1522 neque
1595 1484 1715 1514 subdole
1738 1495 1789 1514 au-

1048 1534 1235 1569 cupaturnm,
1253 1539 1346 1569 neque
1370 1531 1455 1560 ctiam
1479 1537 1710 1571 acceptaturum,
1729 1534 1787 1564 nisi

1048 1578 1082 1607 ad
1106 1578 1133 1607 id
1151 1587 1196 1607 me
1218 1579 1346 1615 coegerit
1369 1579 1525 1617 imperium
1544 1582 1704 1620 superioris
1721 1583 1789 1618 mei,

1049 1626 1095 1655 cui
1118 1631 1220 1656 teneor
1241 1627 1360 1656 obedire
1379 1639 1405 1656 ».

1090 1684 1149 1704 xix.
1167 1676 1196 1705 Si
1214 1676 1341 1705 novitius
1356 1676 1495 1706 Ordinem
1513 1677 1686 1716 deseruerit,
1704 1685 1790 1719 atque

1049 1725 1084 1754 ad
1101 1725 1249 1754 saeculum
1262 1725 1350 1754 fuerit
1368 1735 1514 1763 reversus,
1532 1736 1582 1756 seu
1602 1733 1706 1766 sponte
1725 1730 1789 1767 sua,

1049 1783 1100 1803 seu
1136 1774 1372 1811 congregationis
1409 1775 1618 1805 monachorum
1652 1777 1790 1816 suffragio

1049 1822 1198 1859 dimissus,
1222 1832 1279 1852 non
1303 1823 1358 1853 erit
1381 1823 1486 1853 iterum
1509 1825 1707 1865 recipiendus,
1732 1827 1790 1857 nisi

1049 1876 1197 1900 annuente
1220 1872 1447 1909 congregatione
1474 1873 1723 1911 hegumenorum3
1751 1876 1790 1905 si-

1050 1929 1105 1958 que
1128 1921 1231 1949 tierum
1255 1921 1400 1958 permissu
1424 1927 1570 1960 receptus,
1595 1927 1698 1961 sponte
1721 1927 1787 1961 suh,

1050 1973 1099 1997 aut
1121 1978 1134 1995 a
1158 1969 1383 2006 congregatione
1417 1971 1626 1999 monachorum
1653 1971 1790 2002 dimissus

1027 2011 1029 2049 f
1050 2018 1158 2055 fuerit,
1183 2028 1332 2057 nunquam
1366 2019 1505 2058 deinceps
1538 2020 1708 2059 recipiatur.
1732 2022 1787 2057 Qui

1050 2075 1118 2095 vero
1154 2071 1218 2106 post
1255 2067 1378 2105 primam
1413 2067 1619 2097 discessionem
1653 2075 1789 2109 receptus

1027 2146 1029 2155 Υ
1050 2116 1158 2153 fuerit,
1183 2115 1363 2155 probationis
1394 2116 1457 2145 eius
1480 2117 1549 2146 anni
1573 2127 1586 2146 a
1610 2118 1655 2147 die
1679 2119 1789 2149 reditus

1049 2170 1257 2204 supputentur,
1282 2174 1335 2194 nec
1353 2165 1458 2204 prioris
1480 2167 1615 2203 tyrocinii
1640 2167 1695 2196 ulta
1714 2168 1789 2198 ratio

1050 2213 1203 2242 habeatur.

1092 2272 1137 2291 xx.
1160 2262 1188 2291 Si
1212 2262 1340 2291 novitius
1362 2272 1375 2291 a
1401 2263 1550 2302 proposito
1583 2264 1739 2301 resilierit,
1764 2271 1791 2294 et

1051 2312 1085 2341 ad
1110 2312 1258 2340 saeculum
1281 2311 1369 2340 fucrit
1395 2321 1529 2341 reversus
1544 2336 1551 2349 ,
1581 2317 1668 2351 atque
1691 2313 1731 2342 ibi
1755 2314 1791 2343 ad

1052 2371 1150 2390 sacros
1173 2361 1289 2390 ordines
1312 2361 1444 2389 cumdem
1476 2362 1639 2399 promoveri
1665 2362 1794 2400 contige·

1051 2411 1109 2446 rit,
1133 2410 1195 2439 sine
1218 2409 1454 2446 congregationis
1477 2410 1623 2447 generalis
1646 2411 1791 2449 permissu

1052 2458 1237 2497 recipiendus
1260 2468 1317 2487 non
1337 2462 1391 2487 est.

1093 2517 1150 2537 xxi.
1169 2507 1225 2536 Nec
1247 2506 1335 2536 abbas
1354 2516 1407 2536 nec
1423 2507 1613 2545 congregatio
1637 2509 1794 2538 monacho·
1835 2526 1885 2547 Ante
1902 2527 1990 2547 „‚-„p‚.„.

1052 2567 1114 2586 rum
1138 2556 1275 2593 sutfragia
1300 2556 1375 2585 serre
1408 2560 1503 2595 potest
1531 2566 1582 2595 pro
1612 2557 1792 2588 admissione
1806 2554 1989 2603 ssssssl'ssafiffim‘

1053 2605 1152 2634 novitii
1175 2605 1210 2634 ad
1235 2604 1443 2643 professionem
1476 2603 1586 2643 absque
1609 2605 1722 2635 abbatis
1745 2615 1794 2644 ge·
1806 2607 1885 2627 flfflfls
1900 2612 1989 2626 ΝΜ·
