2182 3137
64 239 111 268 An.
129 239 158 265 C.
179 237 246 265 ¹73⁵,

80 2017 109 2038 De
125 2018 242 2038 eommuni-

58 2045 125 2065 tando
146 2047 182 2064 tun
203 2046 242 2065 or-

59 2071 101 2090 dnm
125 2071 183 2092 obitu
205 2071 242 2091 de-

59 2098 131 2119 iuuen.

875 240 1015 265 CLEMENS
1041 242 1086 266 xil
1111 243 1158 267 Pr.

370 288 454 319 Cosas
477 289 615 328 superiori
638 288 720 318 locali
741 290 881 318 reserualz'.

295 336 322 366 1.
347 336 493 367 Nocturna
510 341 537 367 et
554 337 657 367 furtiva
675 347 689 367 e
705 341 849 367 conventu
866 338 995 376 egressio

255 386 289 416 ad
313 386 421 416 malum
444 387 531 416 finem
550 397 557 424 ;

294 435 323 465 2.
346 435 513 475 Proprietas
545 441 644 466 contra
678 441 773 467 votum
805 437 993 476 paupertatis,

254 495 328 524 quae
351 485 388 515 sit
411 489 561 525 peccatum
586 486 720 523 mortale,
748 492 779 516 ut
803 486 897 516 valeat
920 486 994 516 ultra

255 533 353 563 decem
376 534 472 569 iulios,
495 535 583 564 etiam
607 535 766 574 pecuniae3

294 583 323 612 3.
347 582 466 612 Furtum
490 583 525 612 de
548 593 579 613 re
598 584 711 613 valente
733 584 808 613 ultra
833 584 932 613 decem
953 584 996 613 iu-
1017 580 1018 583 ¹

254 631 320 669 lios,
344 632 430 661 etiam
454 632 589 671 pecunia,
612 633 661 662 sed
684 642 742 662 non
766 633 809 662 rei
832 642 953 669 sacrae3

292 680 322 710 4.
347 680 480 710 Incestus
497 681 782 719 consanguineorum
799 685 827 711 et
843 681 993 718 sodomia;

293 730 322 759 5.
346 730 499 760 Percussio
523 731 595 760 levis
628 731 691 760 sine
713 730 856 760 effusione
878 731 995 769 sangui-

253 779 300 809 nis
322 783 350 809 et
372 779 434 809 sine
457 779 592 809 scandalo
616 779 821 816 saecularium,
845 789 910 809 cum
928 790 996 810 cen-

254 829 325 857 sura
346 829 476 864 annexiu

293 885 324 906 ιι.
347 876 538 906 Decernimus
561 876 658 914 etiam,
677 880 707 906 ut
726 881 830 916 quater
852 877 882 907 in
905 887 993 915 anno,

253 934 357 964 nempe
389 924 419 954 in
452 925 686 956 solemnitatibus
720 927 957 956 Resurrectionis
979 936 992 956 a

253 973 400 1003 dominica
422 973 588 1004 palmarum
612 984 703 1014 usque
723 974 757 1004 ad
773 974 947 1004 dominicam
965 975 993 1004 in
1015 993 1016 1003 i

253 1021 334 1052 Albis
357 1032 408 1062 pro
431 1025 490 1053 una
512 1023 575 1053 vice
594 1028 724 1061 tantum,
742 1023 850 1054 Natalis
866 1024 992 1061 Domini,

253 1072 285 1102 B.
309 1072 340 1102 P.
365 1072 529 1111 Francisci,
554 1077 582 1103 et
611 1073 641 1103 in
669 1074 741 1103 festo
769 1073 1012 1109 portiunculae,-

253 1126 347 1151 cesset
369 1121 464 1160 quoad
487 1121 651 1161 praedictos
674 1131 760 1152 casus
784 1122 878 1152 omnis
900 1131 995 1152 reser-

254 1171 341 1201 vatio.

273 1220 342 1250 CAP.
366 1220 414 1250 Ill.
441 1239 474 1242 —
500 1220 593 1256 Quoad
615 1222 750 1261 suffrayia
772 1221 973 1260 defunctorum.

293 1279 312 1300 ι.
336 1270 391 1300 Pro
413 1270 512 1300 anim-:1
533 1270 744 1310 cuiuscumque
767 1279 801 1300 ex
824 1271 931 1300 nostris
947 1271 993 1301 de-

254 1319 345 1349 functi
370 1319 534 1349 celebretur
557 1319 585 1349 in
609 1320 739 1359 quolibet
761 1320 853 1349 nostri
876 1320 993 1350 Ordinis

254 1372 400 1398 conventu
423 1369 510 1399 missa
534 1369 673 1398 solemnis
697 1370 728 1398 de
750 1371 862 1407 requie,
884 1369 993 1408 persol-

256 1421 340 1447 vatur
362 1426 376 1446 a
400 1417 515 1447 clericis
538 1417 684 1456 integrum
707 1418 909 1447 defunctorum
933 1418 993 1447 offi-

254 1466 343 1505 cium,
367 1470 394 1496 et
418 1466 453 1496 ab
476 1467 622 1497 illiteratis
644 1467 836 1507 quinquagies
855 1468 994 1498 recitetur

254 1515 346 1546 oratio
368 1515 551 1546 dominicalis
574 1520 601 1546 et
623 1516 758 1546 salutatio
781 1517 910 1555 angelica
927 1527 992 1547 cum

255 1564 439 1594 oratiuncula
454 1589 461 1602 ,
485 1564 568 1594 cuius
600 1564 716 1595 initium
755 1565 885 1604 Requiem
907 1570 994 1595 aeler-

254 1623 336 1648 nam,·
358 1613 446 1653 idque
469 1614 628 1643 solemnius
651 1614 700 1644 fiat
718 1614 747 1644 in
765 1615 867 1644 sunere
883 1614 994 1644 Summi

253 1662 404 1692 Pontificis
436 1666 464 1692 et
497 1662 722 1692 eminentissimi
756 1663 874 1693 Ordinis
898 1668 995 1702 prote-

254 1711 358 1748 ctoris;

293 1769 322 1790 u.
347 1759 417 1790 Item
452 1769 502 1799 pro
535 1760 655 1797 anima,
680 1765 711 1791 ut
734 1770 842 1800 supra,
868 1761 994 1792 celebret

253 1810 342 1840 semel
374 1809 496 1849 quilibet
518 1810 655 1840 sacerdos
689 1820 726 1840 ex
748 1811 811 1840 eius
834 1811 992 1850 provincia,

253 1864 282 1890 et
303 1858 427 1899 quilibet
450 1869 484 1889 ex
508 1863 566 1889 toto
589 1858 697 1890 Ordine
720 1869 771 1899 pro
795 1860 890 1889 anima
906 1870 993 1898 gene-

253 1908 333 1944 ralis,
358 1909 556 1948 procuratoris
573 1909 717 1947 generalis
734 1913 762 1939 et
778 1910 928 1939 secretarii
945 1919 994 1948 ge-

253 1957 362 1988 neralis
386 1962 444 1987 tam
467 1957 624 1988 actualium
647 1968 734 1997 quam
752 1959 991 1997 praeteritorum,

292 2016 332 2037 111.
358 2007 395 2037 Ut
417 2011 514 2037 autem
537 2016 614 2037 mors
644 2013 811 2038 nostrorum
841 2008 992 2039 defuncto-

253 2066 318 2087 rum
341 2056 420 2086 illico
444 2056 495 2086 toti
518 2056 620 2087 Ordini
642 2057 827 2095 innotescat,
860 2061 994 2087 teneatur

253 2105 333 2145 prior
355 2110 517 2135 conventus
532 2129 539 2142 ,
563 2105 612 2135 ubi
636 2105 702 2145 quis
731 2106 856 2143 obierit,
882 2106 917 2136 de
940 2107 993 2136 boc

252 2154 334 2185 obitu
351 2154 559 2194 provincialem
573 2155 739 2191 admonere,
755 2155 803 2194 qni
822 2155 903 2184 illum
917 2165 992 2185 com-

252 2203 381 2234 municet
393 2203 498 2234 ceteris
514 2213 583 2234 suae
604 2204 771 2243 provinciae
789 2204 945 2243 prioribus,
964 2209 992 2234 et

225 2288 231 2295 ¹
252 2252 434 2292 procuratori
457 2252 587 2290 generali
611 2253 639 2282 in
664 2253 755 2288 curia,
780 2262 794 2282 a
818 2262 875 2292 quo
894 2253 992 2282 admo-

251 2301 339 2331 nendi
358 2305 425 2331 sunt
443 2301 533 2331 ceteri
551 2301 755 2340 provinciales,
770 2306 800 2331 ut
816 2302 869 2340 ipsi
887 2302 915 2331 in
932 2302 992 2332 suis

252 2347 444 2381 conventibus
468 2360 518 2389 pro
540 2351 668 2381 defuncti
691 2351 789 2380 anima
811 2355 918 2381 statuta
935 2352 993 2381 suf-

252 2400 343 2438 fragia
367 2399 491 2439 persolvi
513 2400 648 2430 studeant
666 2410 673 2437 3

291 2458 330 2479 ιν.
354 2449 522 2485 Praeterea,
545 2449 621 2479 ultra
644 2453 769 2489 quatuor
791 2450 991 2480 anniversaria

252 2499 281 2529 in
305 2499 437 2537 singulos
459 2508 551 2529 annos
574 2503 680 2529 statuta
704 2499 733 2529 in
763 2501 864 2529 nostrii
890 2500 992 2538 regula

252 2548 306 2578 sub
329 2557 382 2587 cap
406 2556 473 2585 xvu,
492 2548 687 2588 praecipimus
710 2548 834 2588 persolvi
857 2549 991 2588 quintum

253 2598 301 2628 die
324 2606 358 2627 xv
382 2597 562 2636 novembris,
587 2597 629 2628 vel
653 2598 757 2636 altera,
777 2600 812 2628 ea
839 2598 990 2638 impedita,

253 2656 305 2687 pro
316 2646 419 2677 iisdem
433 2646 598 2686 animabus,
609 2656 640 2677 ac
653 2647 705 2677 sub
715 2647 818 2677 iisdem
831 2647 989 2686 sum-agiis3

340 2705 424 2735 Bucc.
443 2705 528 2736 Rom.
550 2723 577 2725 —-
608 2707 669 2737 Vol.
689 2706 799 2735 XXIII.
945 2706 977 2734 72

1676 234 1740 270 5C9

1079 300 1105 320 v.
1130 291 1250 321 Demum
1286 292 1315 322 in
1346 292 1475 331 quolibet
1506 297 1604 323 nostro
1635 298 1781 323 conventu

1039 339 1135 369 adsint
1158 341 1243 370 etiam
1268 341 1325 371 duo
1341 341 1420 378 libri,
1440 342 1468 371 in
1487 352 1609 381 quorum
1628 352 1684 372 uno
1701 343 1781 381 prior

1787 246 1836 272 Au.
1855 246 1881 271 C.
1907 245 1972 273 1734

1017 396 1018 405 ¹
1039 393 1158 418 annotet
1181 390 1352 428 religiosum
1375 390 1415 420 ibi
1438 391 1624 420 decedentem
1648 391 1702 420 suli
1721 391 1780 428 die,

1017 433 1018 462 Ϊ
1040 436 1211 467 infirmitate
1234 442 1262 467 et
1285 442 1391 475 aetate,
1409 449 1465 477 qua
1482 439 1598 477 obierit,
1616 449 1648 469 ac
1664 450 1782 479 expres-

1039 485 1078 514 sis
1101 486 1249 523 gradibus,
1274 487 1298 516 si
1325 498 1397 527 quos
1425 489 1542 519 babuit:
1566 494 1594 519 et
1624 490 1653 519 iu
1686 491 1779 520 altero

1039 534 1262 565 subscribantur
1281 537 1457 574 sacerdotes,
1475 538 1523 577 qui
1542 548 1592 577 pro
1610 539 1716 568 nostris
1732 540 1781 569 de-

1039 584 1145 613 functis
1169 585 1392 624 celebraverint,
1421 592 1450 616 ut
1473 588 1511 617 ita
1535 592 1563 616 et
1586 597 1672 617 onera
1700 593 1727 618 et
1744 589 1781 618 si-

1039 632 1098 662 mul
1121 642 1221 663 eorum
1245 634 1505 673 adimplementum
1524 636 1725 666 visitatoribus
1742 638 1780 667 le-

1038 681 1139 719 gitime
1162 687 1334 720 appareant.

1151 731 1220 761 CM).
1244 731 1290 761 lv.
1316 749 1351 752 —
1376 732 1470 768 Quoad
1492 734 1668 773 affiliationes

1287 784 1311 809 et
1333 781 1528 820 eirfilialiones.

1077 838 1096 858 1.
1121 828 1362 859 Commendantes
1395 830 1571 860 laudabilem
1605 831 1778 862 filiationum
1830 840 1971 860 Allmlu'uvn

1039 887 1167 916 morem,
1192 887 1206 907 a
1230 878 1340 908 nostris
1362 879 1471 909 iamdiu
1494 884 1662 919 receptum,
1687 885 1717 910 ut
1740 881 1777 911 ita
1790 868 1972 917 {132¹SIJJI'llJJiJZ-'L'i

1037 926 1178 957 habeatur
1201 927 1292 965 locus,
1314 927 1362 957 ubi
1379 929 1460 967 fatui,
1478 929 1569 967 aegri,
1588 929 1778 968 insanabiles,
1791 921 1921 940 ¹¹¹¹³²⁸⁰¹¹⁸¹¹¹'
1961 944 1963 946 ·

1037 985 1132 1012 senes,
1150 976 1238 1006 errati
1254 977 1378 1007 alieuius
1401 987 1523 1017 poenam
1541 978 1665 1011 luentes,
1690 983 1717 1008 et
1734 979 1779 1008 his

1037 1024 1159 1061 similes,
1184 1025 1233 1064 qui
1256 1025 1447 1056 conventibus
1471 1026 1550 1064 gravi
1574 1031 1641 1056 sunt
1670 1027 1779 1056 incom-

1038 1073 1132 1111 modo,
1147 1074 1282 1104 collocari
1300 1075 1422 1114 possint,
1436 1075 1632 1115 praecipimus
1651 1081 1680 1106 ut
1693 1085 1778 1106 nemo

1036 1121 1071 1151 ad
1094 1122 1224 1152 habitum
1248 1123 1417 1154 admittatur
1440 1124 1497 1153 nisi
1522 1124 1628 1154 habeat
1654 1125 1778 1155 alicuius

1037 1176 1197 1201 conventus
1219 1172 1432 1211 affiliationem,
1457 1173 1510 1203 sub
1531 1175 1624 1212 poenal
1641 1174 1778 1213 privatio-

1037 1221 1081 1250 uis
1104 1222 1191 1251 officii
1215 1223 1375 1261 superioris
1397 1222 1564 1253 admittenti
1591 1223 1717 1262 aliquem
1742 1224 1778 1253 ad

1037 1270 1170 1300 habitum
1194 1271 1257 1300 sine
1279 1272 1461 1301 aftiliatione.
1477 1272 1506 1302 Si
1531 1272 1596 1311 quis
1619 1277 1715 1302 autem
1734 1282 1779 1302 re-

1038 1319 1165 1358 periatur
1188 1319 1332 1349 admissus
1354 1320 1416 1350 siue
1446 1321 1564 1360 praevi-21
1587 1321 1776 1356 astiliatione,

1037 1368 1070 1398 ad
1094 1368 1255 1407 capitulum
1271 1369 1350 1398 illius
1368 1369 1535 1408 provinciae
1552 1369 1694 1409 spectabit
1711 1380 1777 1400 eum

1036 1417 1183 1448 declarare
1217 1418 1308 1448 filium
1343 1419 1429 1449 nnius
1462 1420 1557 1459 potius
1591 1420 1634 1450 vel
1657 1420 1777 1450 alterius

1037 1471 1209 1496 conventus.

1077 1525 1106 1545 11.
1131 1516 1322 1547 Assiliationes
1345 1521 1372 1547 et
1389 1518 1591 1556 exsiliationes,
1611 1522 1641 1548 ut
1657 1518 1715 1548 sint
1731 1528 1779 1548 va·
1811 1533 1863 1555 om
1877 1534 1972 1558 mquam.

1037 1565 1123 1601 lidae,
1148 1566 1304 1605 requirunt
1320 1566 1406 1596 etiam
1423 1567 1452 1596 in
1469 1567 1586 1606 scriptis
1602 1577 1776 1597 consensum
1790 1561 1971 1607 {gf„“{{1,¹422121'‚'[‡‘

1038 1614 1164 1644 ministri
1189 1615 1376 1654 provincialis
1394 1638 1401 1652 ,
1425 1616 1474 1655 qui
1497 1620 1594 1646 tamen
1617 1626 1777 1646 consensus

1037 1663 1168 1702 suppleri
1201 1668 1294 1703 potest
1327 1665 1415 1694 causau
1449 1665 1566 1703 cognita
1598 1675 1612 1694 a
1643 1665 1778 1696 ministro

1037 1712 1178 1750 generali.

1076 1770 1117 1790 111.
1142 1761 1245 1791 llabito
1268 1765 1382 1797 autem,
1408 1762 1452 1791 vel
1475 1763 1609 1802 suppleto
1631 1773 1777 1793 consensu

1038 1810 1237 1849 provincialis,
1261 1811 1405 1848 affiliatio,
1429 1815 1460 1841 ut
1482 1814 1519 1841 sit
1543 1813 1655 1849 valida,
1681 1814 1776 1852 requi-

1036 1859 1074 1889 rit
1097 1860 1183 1889 etiam
1207 1869 1382 1890 consensum
1406 1861 1525 1890 maioris
1544 1862 1633 1900 partis
1650 1862 1777 1892 liliorum

1037 1913 1209 1945 conventus,
1234 1909 1317 1939 cuius
1341 1919 1444 1949 nempe
1467 1910 1532 1949 quis
1555 1910 1592 1940 sit
1615 1912 1702 1941 tilius.
1728 1912 1774 1949 Et,

1036 1957 1060 1987 si
1084 1958 1222 1997 praedicti
1246 1958 1280 1987 ad
1304 1958 1380 1988 hunc
1403 1959 1538 1988 eflectum
1556 1960 1669 1989 vocales
1683 1961 1777 1999 quoad

1037 2007 1175 2037 maiorem
1199 2012 1309 2047 partem
1333 2008 1392 2037 sint
1407 2007 1482 2038 intra
1502 2009 1692 2048 provinciam,
1712 2010 1778 2040 licet

1035 2061 1115 2085 extra
1148 2061 1345 2091 conventum,
1371 2061 1439 2086 tunc
1472 2067 1571 2087 eorum
1605 2058 1776 2097 suffragium

1035 2106 1207 2144 exquiratur
1231 2115 1280 2145 per
1303 2106 1451 2145 epistolas.
1473 2106 1551 2136 lilein
1572 2116 1690 2145 prorsus
1708 2118 1778 2137 con-

1035 2163 1137 2183 sensus
1171 2154 1330 2194 requiritur
1363 2155 1395 2184 ad
1426 2155 1641 2193 extillationes,
1667 2161 1697 2186 ut
1719 2157 1778 2187 sint

1036 2203 1167 2239 validae,
1192 2203 1230 2233 ita
1255 2208 1350 2233 tamen
1369 2208 1409 2240 ut,
1428 2205 1452 2234 si
1475 2205 1602 2235 indebite
1618 2206 1777 2244 denegetur

1034 2263 1048 2282 a
1073 2253 1176 2282 maiori
1201 2257 1283 2292 parte
1306 2253 1431 2283 tiliorum
1455 2259 1631 2291 conventus,
1656 2264 1670 2284 a
1693 2255 1777 2284 cuius

1035 2302 1175 2332 filiatione
1197 2302 1261 2342 quis
1280 2302 1422 2332 dis-dicere
1445 2304 1533 2342 petit,
1559 2303 1688 2342 suppleri
1714 2313 1777 2343 pos-

1034 2351 1089 2389 sit,
1115 2351 1232 2390 cognita
1254 2353 1359 2389 causo,
1384 2362 1398 2381 a
1421 2352 1555 2381 ministro
1578 2352 1718 2390 generali.

1073 2410 1111 2430 ιν.
1136 2400 1282 2430 Exliliatio
1304 2400 1418 2430 nullum
1441 2405 1595 2430 censeatur
1612 2401 1719 2432 babere
1736 2403 1777 2432 el*-
1790 2413 1812 2432 ci
1829 2413 1972 2433 (ιιιῑιιιιιιωιιις.

1034 2450 1152 2487 sectum,
1177 2450 1233 2479 nisi
1258 2449 1386 2488 praevia,
1409 2450 1451 2479 rel
1476 2454 1539 2489 post
1561 2450 1712 2480 obtentam
1736 2451 1776 2482 le-

1033 2499 1134 2538 gitime
1150 2499 1348 2528 affiliationem
1365 2499 1485 2529 alterius
1502 2503 1675 2537 conventus,
1693 2500 1774 2531 abeo

1035 2549 1084 2589 qui
1108 2548 1318 2577 extillationem
1342 2547 1454 2578 babuit.

1074 2606 1101 2627 v.
1127 2598 1247 2628 Demum
1281 2606 1428 2636 expensae
1458 2608 1509 2638 pro
1540 2598 1710 2630 infirmitate
1732 2599 1775 2630 in-

1034 2646 1170 2683 curabili,
1193 2646 1236 2676 vel
1259 2646 1345 2685 longo
1361 2656 1490 2687 carcere,
1508 2652 1641 2688 spectent
1657 2648 1691 2679 ad
1707 2658 1776 2680 con-
