2182 3137
183 227 234 253 An.
252 227 281 252 (1.
307 226 369 252 1731

207 289 222 309 Α
237 287 367 308 sanctissimo

187 315 271 335 domiuo
297 316 367 334 nestro

185 341 329 362 confirmatur.

205 2402 302 2422 Firmitas
313 2408 373 2427 prae-

189 2431 279 2449 sentium
293 2429 373 2449 littera·

191 2461 235 2475 rum
251 2461 296 2475 cum
313 2456 372 2475 deri»

190 2482 274 2505 natione
322 2487 372 2507 quo-

216 2513 351 2534 rumcumque

191 2535 352 2555 contrariorum.

420 217 484 250 ⁶220

423 275 490 317 5⁶2.
517 275 593 307 Cum
620 279 740 314 autem,
768 275 851 308 sicut
875 285 936 318 pro
963 280 1052 317 parte
1080 274 1124 306 di-

378 328 537 360 lectorum
565 327 705 360 liliorum
732 328 863 370 capituli
897 332 928 360 et
953 327 1124 360 canonico-

379 391 449 412 rum
487 380 674 422 praedictae
715 380 873 413 ecclesiae
914 380 1123 412 Florentinae

380 433 474 466 nobis
501 444 605 476 nuper
628 434 808 476 expositum
835 433 912 473 suit,
945 433 1005 476 ipsi
1032 444 1125 476 prae-

380 487 480 519 missa
501 487 671 529 apostolici
700 486 888 519 flumiminis
909 487 1012 519 nostri
1031 497 1124 529 prae-

380 539 462 572 sidio
477 540 624 572 roborari
640 540 816 583 plurimum
832 540 1037 573 desiderent:
1052 550 1124 578 nos,

381 593 434 635 qui
463 598 673 625 memoratam
701 593 872 625 ecclesiam
899 591 1122 626 Florentinam

380 645 581 687 antiquitatis
607 645 700 677 laude
726 645 1026 688 multiplicibusque
1051 645 1123 678 aliis

379 697 567 730 nominibus
586 697 808 740 conspicuam,
828 698 979 741 illiusque
1002 698 1124 740 capitu-

380 751 446 783 lum
471 757 502 783 et
527 751 702 783 canonicos
736 751 864 783 sincero
890 756 922 783 ct
947 750 1124 794 praecipuo

380 814 510 847 semper
535 804 699 846 complexi
727 804 855 844 suimus,
883 816 919 836 ae
946 804 1123 837 etiamnum

381 855 632 898 complectimur
663 861 819 898 paternae
856 855 1026 887 charitatis
1052 854 1126 887 all'e-

381 913 444 947 ctu,
464 908 624 940 dictorum
644 908 878 950 exponentium
901 908 980 940 votis
1009 908 1067 940 liae
1093 907 1125 939 in

380 970 415 993 re
441 967 599 1003 quantum
625 971 696 992 cum
722 960 859 993 Domino
888 971 1062 1004 possumus
1085 961 1126 992 l'a-

381 1014 574 1046 vorabiliter
599 1024 744 1045 annuere
767 1014 956 1056 cupientes„
980 1013 1125 1046 illorum-

383 1077 444 1108 que
470 1067 655 1108 singulares
677 1077 837 1108 personas
855 1078 871 1098 a
887 1066 1054 1109 quibusvis
1074 1076 1128 1098 ex-

383 1118 698 1158 communicationis,
726 1118 950 1161 suspensionis
972 1124 1004 1151 et
1030 1119 1128 1151 inter-

383 1172 469 1211 dicti,
498 1172 638 1214 aliisque
679 1172 907 1204 ecclesiasticis
940 1172 1124 1211 sententiis,

381 1226 527 1258 censuris
553 1232 583 1258 et
607 1225 736 1269 poenIs‚
759 1237 775 1258 a
794 1226 862 1259 iure
881 1228 930 1259 rel
956 1227 994 1258 ab
1023 1226 1127 1259 horni-

382 1289 435 1318 ne,
463 1279 576 1321 quavis
598 1279 766 1311 occasione
793 1280 840 1311 vel
867 1281 963 1311 causa
989 1279 1073 1319 latis,
1101 1281 1127 1312 si

382 1332 497 1375 quibus
516 1332 764 1375 quomodolibet
781 1332 955 1365 innodatae
974 1332 1126 1372 existunt,

382 1390 415 1417 et
451 1386 488 1418 ad
524 1385 673 1418 effectum
711 1386 932 1428 praesentium
964 1385 1128 1418 dumtaxat

381 1438 661 1480 consequendum,
680 1438 794 1471 barum
817 1439 902 1471 serie
921 1439 1128 1472 absolventes

383 1496 413 1523 et
440 1491 604 1524 absolutas
628 1491 695 1524 sore
717 1498 898 1532 censentes,
917 1492 1128 1535 supplicatio-

382 1545 479 1578 nibus
517 1556 629 1578 eorum
662 1545 793 1578 nominc
820 1546 915 1579 nobis
942 1557 1040 1589 super
1066 1547 1128 1579 lioc

383 1598 550 1631 humiliter
575 1599 734 1641 porrectis
760 1599 915 1638 inclinati,
941 1599 1128 1642 praeinser-

383 1657 432 1684 tas
457 1652 574 1684 Leonis
597 1652 862 1694 praedecessoris
880 1653 1016 1691 litteras,
1036 1664 1072 1686 ac
1094 1653 1127 1685 in

384 1705 430 1737 eis
456 1709 607 1737 contenta
634 1705 729 1747 (citra
755 1710 861 1738 tamen
887 1706 1127 1749 exemptionem

384 1769 401 1790 a
422 1758 644 1791 iurisdictione
670 1758 843 1798 Ordinarii,
863 1759 1046 1792 facultatem
1073 1770 1128 1791 no-

384 1811 484 1843 tarios
502 1816 533 1843 ct
550 1810 676 1843 iudices
697 1811 840 1851 creandi,
860 1823 895 1844 ac
913 1812 1126 1853 legitimandi,

384 1869 416 1895 et
441 1863 564 1906 absque
591 1874 630 1896 eo
657 1865 742 1907 quod
776 1864 950 1907 capitulum
978 1869 1008 1896 et
1033 1875 1129 1897 cano-

384 1917 447 1949 nici
475 1917 633 1959 praedicti
660 1918 791 1960 aliquod
826 1919 1085 1950 emolumentum
1111 1928 1127 1950 a

384 1969 516 2003 Camera
534 1977 566 2003 et
584 1971 703 2013 palatio
723 1971 844 2004 nostris
864 1971 1058 2014 apostolicis,
1078 1972 1125 2004 vel

384 2024 570 2066 quarumvis
589 2025 769 2057 litterarum
796 2026 1048 2068 apostolicarum
1074 2036 1128 2057 ex-

385 2077 587 2119 peditionem
614 2077 714 2119 gratis
732 2079 799 2110 ullo
819 2088 961 2121 unquam
980 2084 1125 2120 tempore

384 2131 601 2173 praetendere
618 2131 772 2173 possint),
788 2132 978 2164 auctoritate
996 2138 1127 2174 aposto-

385 2183 459 2222 lica,
487 2189 601 2216 tenore
626 2185 862 2227 praesentium,
889 2190 1048 2227 perpetuo
1074 2196 1127 2228 ap-

384 2237 561 2279 probamus
588 2241 619 2269 et
644 2237 882 2277 confirmamus,
904 2237 1034 2280 illisque
1059 2247 1127 2280 per·

385 2293 501 2332 petuae
528 2295 559 2322 et
583 2289 781 2322 inviolabilis
807 2290 1003 2333 apostolicae
1030 2290 1128 2322 sirmi-

385 2342 458 2375 tatis
481 2344 582 2375 robur
607 2342 786 2376 adiicimus.

428 2397 442 2438 ς’
466 2395 498 2428 3.
526 2396 756 2436 neem-nentes,
782 2396 912 2429 easdem
935 2402 1127 2439 praesentes

384 2449 507 2481 litteras
532 2459 664 2492 semper
696 2449 822 2489 firmas,
854 2450 975 2482 validas
1002 2455 1034 2482 et
1059 2449 1127 2482 esa-

385 2512 475 2534 caces
495 2502 636 2535 existere
655 2508 686 2535 et
703 2503 783 2543 sore,
799 2513 943 2546 suosque
963 2503 1129 2546 plenarios

387 2560 418 2588 et
442 2555 588 2597 integros
614 2554 745 2588 effeetus
771 2556 881 2589 sortiri
908 2562 938 2589 et
962 2556 1126 2594 obtinere,

386 2618 422 2641 ac
446 2609 524 2649 illis,
551 2609 590 2641 ad
613 2619 695 2651 quos
716 2614 843 2652 spectat
865 2614 896 2643 et
920 2609 1081 2654 spectabit
1097 2610 1130 2643 in

968 225 1150 249 BULLARIUM
1176 226 1329 250 ROMANUM

1167 273 1320 313 futurum,
1347 274 1379 306 in
1406 274 1559 307 omnibus
1578 279 1610 307 et
1625 285 1685 318 per
1710 274 1819 307 omnia
1845 275 1909 316 ple-

1166 326 1300 359 nissime
1326 326 1506 369 suffragari,
1533 332 1564 359 et
1588 327 1628 358 ab
1654 326 1701 359 eis
1727 327 1907 369 respective

1166 380 1400 414 inviolabiliter
1418 380 1602 421 observari;
1620 380 1732 423 sicque
1757 380 1788 412 in
1816 391 1909 423 prae-

1168 433 1273 465 missis
1298 444 1358 476 pcr
1383 443 1604 475 quoscumque
1630 433 1753 465 iudices
1778 433 1910 465 ordina-

1167 486 1232 518 rios
1250 491 1282 519 et
1299 487 1476 527 delegatos,
1493 486 1591 518 etiam
1611 495 1779 518 causarum
1797 485 1907 528 palatii

1167 539 1340 582 apostolici
1367 539 1541 577 auditores,
1568 549 1604 570 ac
1635 538 1665 570 S.
1687 538 1724 570 R.
1744 538 1776 570 E.
1806 537 1910 570 cardi-

1168 593 1270 632 nales,
1289 592 1384 624 etiam
1404 591 1442 623 dc
1461 592 1560 623 latere
1586 592 1719 632 legatos,
1739 591 1908 634 dictaeque

1167 644 1259 676 Sedis
1285 643 1432 683 nuncios,
1458 644 1583 675 sublata
1601 643 1647 676 eis
1665 649 1827 675 eteorum
1846 644 1911 675 cui-

1168 697 1247 730 libet
1268 697 1381 740 (plavis
1408 696 1501 728 aliter
1517 695 1681 728 iudicandi
1699 701 1730 728 et
1747 696 1910 739 interpre-

1170 751 1256 783 tandi
1283 751 1432 783 facultate
1451 755 1484 782 ct
1504 749 1707 788 auctoritate,
1729 749 1861 782 iudicari
1879 755 1911 783 et

1169 803 1295 836 deliniri
1328 804 1471 842 debere,
1510 814 1546 835 ac
1582 802 1709 834 irritum
1746 807 1777 834 et
1812 803 1910 836 inane

1169 856 1328 900 quidquid
1359 866 1451 888 secus
1485 866 1584 898 super
1614 855 1665 887 his
1691 866 1708 888 a
1734 866 1911 898 quoquam,

1170 909 1280 952 quavis
1299 909 1499 948 auctoritate,
1519 909 1660 941 scienter
1684 909 1734 940 vel
1761 908 1912 950 ignoran-

1170 968 1230 1002 ter,
1258 963 1433 1004 eontigerit
1457 963 1623 994 attentari.
1658 961 1727 994 Non
1753 961 1911 994 obstanti-

1169 1015 1228 1047 bus
1252 1015 1449 1058 apostoliciS,
1470 1026 1506 1047 ac
1525 1015 1556 1047 in
1573 1015 1821 1054 universalibus,
1838 1025 1913 1058 pro-

1170 1068 1429 1110 vincialibusque
1460 1073 1492 1099 et
1524 1067 1731 1110 synodalibus
1767 1067 1913 1100 conciliis

1171 1120 1277 1160 editis,
1305 1120 1511 1162 generalibus
1534 1120 1585 1152 vel
1610 1119 1817 1162 specialibus,
1835 1130 1914 1152 eon—

1171 1173 1397 1206 stitutionibus
1424 1179 1455 1205 et
1480 1172 1749 1212 ordinationibus,
1783 1183 1913 1206 necnon

1172 1226 1323 1259 omnibus
1350 1231 1380 1258 et
1405 1226 1542 1268 singulis
1568 1225 1641 1266 illis⁷
1661 1236 1742 1268 quae
1767 1226 1797 1258 ln
1824 1235 1914 1268 prae-

1171 1279 1300 1312 insertis
1337 1279 1453 1311 Leonis
1489 1279 1754 1322 praedecessoris
1794 1278 1913 1312 litteris

1171 1343 1330 1366 concessa
1355 1338 1430 1365 sunt
1455 1343 1520 1365 non
1553 1333 1704 1373 obstare3
1730 1333 1912 1376 ceterisque

1172 1387 1344 1420 contrariis
1369 1387 1639 1429 quibuscumque.

1216 1441 1230 1483 ἓ
1266 1440 1297 1473 5.
1336 1440 1484 1473 Ceterum
1520 1451 1586 1473 non
1625 1441 1820 1473 intendimus
1854 1451 1915 1484 per

1171 1500 1362 1537 praesentes
1388 1493 1602 1536 supradictas¹
1620 1493 1862 1536 iuspatronatus
1881 1495 1913 1527 in

1172 1547 1279 1590 aliquo
1305 1546 1499 1590 approbare,
1524 1557 1631 1590 neque
1655 1547 1754 1579 ullam
1776 1547 1916 1590 dignita-

1172 1606 1256 1639 tum,
1296 1600 1547 1633 canonicatuum
1585 1605 1616 1633 et
1651 1600 1915 1643 praebendarum

1172 1652 1363 1686 huiusmodi
1385 1680 1392 1693 ,
1432 1652 1638 1696 aliorumque
1677 1652 1914 1686 beneficiorum

1172 1706 1478 1746 ecclesiasticorum,
1496 1715 1577 1749 quae
1602 1716 1661 1748 per
1686 1705 1788 1738 dictae
1814 1707 1915 1739 eccle-

1172 1760 1239 1792 siae
1265 1760 1472 1792 Florentinae
1498 1759 1682 1798 canonicos,
1709 1764 1740 1791 et
1765 1759 1845 1791 inibi
1872 1759 1917 1792 di-

1172 1813 1310 1854 gnitates
1336 1812 1521 1844 huiusmodi
1547 1812 1730 1844 obtinentes
1748 1822 1808 1854 pro
1834 1817 1915 1844 tem-

1171 1876 1252 1909 pore
1270 1865 1441 1908 possideri,
1455 1876 1509 1898 seu
1529 1865 1560 1897 in
1579 1865 1698 1908 quibus
1712 1866 1760 1897 vel
1775 1865 1814 1897 ad
1829 1875 1915 1908 quac

1171 1919 1220 1951 ius
1247 1919 1358 1951 haberi
1386 1919 1570 1960 contigerit,
1590 1918 1847 1951 reservationem
1873 1918 1916 1950 si-

1170 1983 1208 2005 ve
1234 1972 1436 2005 all'eetionen‘i
1463 1977 1594 2004 nostrae
1622 1982 1658 2004 ac
1695 1971 1914 2003 Romanorum

1171 2025 1361 2057 Pontificum
1394 2034 1620 2057 suceessorum
1657 2029 1845 2056 nostrorum
1878 2034 1915 2056 ae

1169 2078 1242 2111 Sedi
1262 2078 1427 2120 praefatae
1453 2076 1622 2110 collationi
1648 2082 1680 2109 et
1704 2075 1913 2119 dispositioni

1169 2131 1335 2164 inducere.

1214 2184 1327 2216 Datum
1348 2183 1488 2221 Romae,
1508 2182 1594 2225 apud
1614 2182 1645 2215 S.
1666 2182 1797 2214 Mariam
1815 2182 1914 2215 Maio-

1171 2249 1251 2277 rem,
1271 2239 1332 2270 sul)
1351 2238 1472 2270 annulo
1490 2236 1663 2268 Piscatoris
1681 2235 1733 2268 die
1752 2246 1776 2269 11
1801 2235 1915 2273 ianua-

1170 2292 1209 2324 rii
1227 2300 1394 2329 MDCCXXM,
1420 2289 1627 2332 pontificatus
1652 2289 1754 2322 nostri
1779 2300 1865 2322 anno
1889 2300 1911 2323 1.

1206 2353 1268 2379 Dat.
1289 2352 1333 2379 die
1354 2352 1369 2378 ἱ)
1389 2352 1506 2378 ianuarii
1529 2352 1612 2384 1731,
1631 2351 1726 2387 pontif.
1748 2359 1819 2378 anno
1835 2358 1853 2377 1.

1505 2405 1539 2438 F.
1567 2405 1655 2438 card.
1682 2404 1867 2438 Omvamus.

1210 2514 1219 2538 1
1241 2511 1352 2538 Videtur
1365 2510 1510 2546 legendum
1524 2511 1725 2545 supradictum
1740 2510 1778 2545 (n.
1794 2510 1843 2544 Τ.).

1914 230 1964 250 An.
1986 228 2013 252 12.
2037 224 2101 253 ¹731

1951 1450 2059 1472 Clausula.
