2182 3137
56 261 112 287 An.
132 260 161 285 C.
180 258 246 284 173⁴.)

878 256 1022 278 CLEMENS
1047 256 1063 277 X
1071 257 1089 278 ll
1118 257 1164 279 ΙΨ.

253 307 385 339 loannis
410 306 558 339 Gastonis
579 333 587 345 ,
616 304 764 339 Etruriae
801 304 863 336 sibi
890 303 995 336 subie-

252 365 322 392 ctae
358 359 468 402 magni
503 359 592 392 ducis
614 385 621 397 ,
663 369 699 390 ac
728 358 827 390 totius
864 356 994 389 Ordinis

252 413 354 445 sancti
381 411 537 444 Dominici
559 438 566 451 ,
592 421 720 444 necnon
746 411 937 443 dilectarum
962 409 995 441 in

251 465 381 499 Christo
408 465 546 497 filiarum
580 465 771 504 monialium
804 462 993 495 monasterii

251 520 281 553 S.
308 519 465 551 Vincentii
491 518 627 550 civitatis
651 517 815 550 Pratensis
833 543 840 557 ,
865 515 898 548 in
931 526 994 558 quo

251 572 418 616 praedicta
444 582 534 605 serva
565 572 621 604 Dei
657 572 838 613 regularem
872 569 994 612 profes-

251 626 375 660 sionem
413 625 522 658 emisit
557 630 654 668 atque
691 625 724 656 in
761 623 898 655 Domino
937 623 994 655 ob-

251 678 428 717 dormivit,
455 677 750 721 supplicationibus
774 675 868 708 nobis
895 686 994 718 super

251 733 315 764 hoc
334 731 501 764 humiliter
519 731 679 773 porrectis
698 728 858 763 inclinati.
875 729 914 760 de
933 739 993 760 me—

251 790 452 817 moratorum
468 783 681 816 cardinalium
698 781 836 815 consilio
847 787 878 813 et
890 791 993 813 assen-

251 848 301 876 su,
330 837 520 870 auctoritate
546 836 734 879 apostolica,
761 841 876 868 tenore
901 844 994 877 prae-

252 891 406 929 sentium,
425 891 632 932 indulgemus
646 896 680 922 ut
699 890 813 922 eadem
829 900 921 922 serva
936 888 991 920 Dei

250 945 426 977 Catlierina
452 944 491 976 de
518 944 635 976 Ricciis
672 943 885 986 imposterum
918 943 993 975 Bea-

249 1004 299 1031 tae
322 998 455 1030 nomine
477 1003 697 1040 nuncupetur,
714 997 849 1039 eiusque
872 1007 991 1039 corpus

249 1057 281 1084 et
307 1050 467 1093 reliquiae
495 1050 697 1083 venerationi
725 1049 867 1082 fidelium
900 1051 990 1092 (non

247 1109 355 1137 tamen
377 1104 408 1136 iu
430 1104 696 1147 processionibus
717 1103 991 1145 circumferenda)

248 1163 467 1201 exponantur,
487 1158 646 1199 imagines
665 1167 795 1200 quoque
817 1156 914 1189 radiis
934 1167 991 1188 seu

247 1211 482 1254 splendoribus
508 1217 724 1249 exornentur,
749 1221 786 1242 ac
811 1210 850 1242 de
876 1212 913 1241 ea
932 1210 991 1241 sul)

249 1265 310 1296 ritu
326 1264 449 1307 duplici
464 1263 773 1296 reciteturofficium
790 1269 822 1295 et
834 1263 930 1295 missa
946 1273 992 1295 ce-

248 1319 396 1350 lebretur
421 1318 459 1350 de
486 1317 609 1359 virgine
637 1327 702 1349 non
725 1322 864 1359 martyre
884 1316 992 1358 singu-

246 1372 285 1404 lis
311 1371 405 1403 annis
432 1371 522 1402 iuxta
541 1370 686 1402 rubricas
704 1371 854 1402 breviarii
874 1376 903 1402 et
921 1370 993 1401 mis-

247 1425 321 1457 salis
357 1425 482 1457 romani
521 1424 571 1456 die
606 1434 649 1456 xii
687 1424 855 1456 februarii.
892 1424 991 1456 Porro

247 1478 469 1510 recitationem
497 1477 593 1510 oflicii
621 1488 657 1508 ac
694 1477 810 1508 missae
848 1477 992 1508 celebra-

248 1531 368 1564 tionem
395 1530 581 1563 huiusmodi
609 1530 676 1562 fieri
715 1530 923 1562 concedimus
960 1530 991 1561 in

247 1584 325 1617 locis
364 1590 486 1616 tantum
523 1583 766 1626 infrascriptis:
802 1593 919 1625 nempe
960 1584 991 1615 in

245 1638 371 1670 civitate
398 1637 599 1675 Florentina,
626 1637 680 1668 ubi
707 1637 791 1668 dicta
817 1647 910 1668 serva
935 1636 990 1669 Dei

244 1697 349 1723 ortum
381 1690 511 1729 habuit,
539 1690 571 1722 in
597 1689 741 1731 praefata
765 1689 893 1722 civitate
921 1690 992 1722 Pra-

244 1744 351 1783 tensi,
378 1744 433 1776 ubi
460 1743 546 1776 diem
573 1742 689 1776 clausit
718 1747 917 1784 extremum,
955 1753 990 1775 ac

244 1798 277 1830 in
302 1798 453 1830 universo
480 1796 601 1829 Ordine
626 1797 727 1828 sancti
748 1796 905 1829 Dominici
926 1802 989 1829 tam

244 1853 377 1883 l'ratrum
412 1861 508 1894 quam
546 1850 752 1890 monialium,
780 1851 871 1882 cuius
898 1850 990 1882 habi-

243 1909 311 1936 tum
330 1903 446 1946 gessit3
470 1908 517 1942 et,
540 1909 697 1946 quantum
724 1902 762 1934 ad
788 1903 899 1935 missas
917 1903 990 1935 atti-

244 1963 309 1997 net,
328 1957 427 1989 etiam
454 1968 471 1989 a
495 1956 719 1988 sacerdotibus
737 1956 988 1990 confluentibus,
1008 1963 1010 1984 t

1008 1991 1010 2005 t

246 2010 420 2042 Praeterea
445 2010 552 2052 primo
579 2010 743 2042 dumtaxat
768 2020 853 2042 anno
872 2020 888 2041 a
906 2009 987 2043 datis
1008 2049 1009 2052 Ἴ

243 2063 334 2096 hisce
360 2063 497 2101 litteris,
522 2069 568 2103 et,
596 2064 701 2106 quoad
728 2063 848 2101 lndias,
876 2074 892 2096 a
918 2063 1009 2116 die,¹

243 2127 307 2159 quo
322 2117 456 2149 eaedem
474 2122 664 2159 praesentes
682 2116 809 2149 litterae
825 2117 901 2149 illuc
917 2127 988 2160 per-

243 2170 417 2209 venerint,
445 2170 645 2210 inchoaudo,
671 2170 703 2202 in
742 2170 886 2202 ecclesiis
913 2171 1009 2202 civi-1

247 2227 345 2256 tatum
372 2223 582 2256 Florentinac
621 2234 657 2256 ac
694 2223 855 2255 Pratensis
880 2230 911 2256 ct
935 2224 1009 2255 [tr-1

245 2276 329 2307 dinis
355 2277 598 2318 praedictorum
635 2277 792 2309 solemnia
824 2276 989 2309 beatifica-

247 2329 343 2361 tionis
369 2329 514 2361 eiusdem
540 2340 613 2362 cum
637 2330 742 2362 officio
763 2336 793 2362 et
813 2330 909 2362 missa
928 2330 987 2362 sub

246 2381 306 2413 ritu
334 2382 453 2424 duplici
480 2383 621 2422 maiori,
649 2383 701 2415 die
735 2383 773 2414 ab
807 2383 1009 2426 Ordiuariis¹

249 2435 426 2476 respective
452 2435 637 2473 constituta,
663 2442 695 2467 vt
721 2436 803 2468 intra
829 2448 879 2468 sex
902 2448 987 2469 men-

246 2498 295 2520 ses
321 2488 580 2530 promulganda,
605 2496 775 2532 postquam
810 2495 916 2522 tamen
954 2491 986 2522 in

246 2540 376 2573 basilica
404 2541 560 2583 Principis
586 2542 817 2584 Apostolorum
843 2543 882 2575 dc
902 2543 986 2575 Urbe

245 2595 407 2627 celebrata
424 2594 545 2626 l'ueriut
562 2594 718 2626 eiusiuodi
740 2596 911 2634 solemnia,
926 2606 985 2639 pro

245 2658 307 2685 qua
327 2658 360 2680 re
380 2647 464 2679 diem
479 2657 553 2680 xxiii
573 2647 689 2679 mensis
708 2649 892 2680 novembris
910 2660 986 2692 pro-

1680 245 1745 277 443

1040 304 1123 336 xime
1148 305 1275 337 venturi
1301 305 1499 347 assignamus
1517 331 1524 344 ,
1551 304 1673 347 pariter
1697 304 1782 336 cele-

1039 356 1153 389 brandi
1180 357 1312 390 facimus
1336 363 1543 400 potestatem.

1082 410 1097 451 §
1121 409 1152 442 ⁶2.
1180 411 1249 442 Non
1269 411 1473 443 obstantibus
1491 410 1781 444 constitutionibus

1038 467 1069 494 et
1094 462 1353 496 ordinationibus
1372 465 1572 507 apostolicis,
1592 475 1628 496 ac
1642 463 1780 496 decretis

1038 515 1077 547 de
1102 521 1132 548 et
1159 526 1258 558 super
1282 527 1346 548 non
1380 519 1468 549 cultu
1506 517 1618 555 editis,
1646 516 1781 550 ceteris-

1038 579 1099 611 que
1125 569 1297 601 contrariis
1324 570 1595 612 quibuscumque.

1081 621 1095 664 ἓ
1114 621 1145 654 3.
1168 621 1322 654 Volumus
1344 628 1449 654 autem
1475 628 1509 654 ut
1530 624 1669 664 ipsarum
1689 633 1781 665 prae-

1037 674 1178 706 sentium
1207 675 1385 706 litterarum
1408 676 1632 718 transumptis,
1651 686 1704 707 seu
1732 686 1780 707 ex-

1037 727 1172 770 emplis,
1201 728 1297 760 etiam
1332 728 1520 771 impressis,
1548 739 1643 760 manu
1677 739 1780 761 secre-

1037 780 1107 813 tarii
1135 781 1342 823 supradictae
1375 781 1647 823 Congregationis
1679 782 1781 813 cardi-

1036 833 1158 866 nalium
1184 834 1399 877 subscriptis,
1427 840 1457 866 et
1483 834 1590 875 sigillo
1625 834 1779 876 praefecti

1036 898 1092 919 seu
1120 888 1353 930 pro-praefecti
1381 887 1526 920 eiusdem
1551 887 1781 929 Congregatio-

1035 941 1084 972 nis
1111 942 1265 978 munitis,
1303 942 1419 974 eadem
1456 951 1592 984 prorsus
1625 940 1703 973 fides
1740 942 1780 973 ab

1036 993 1187 1025 omnibus
1205 999 1236 1026 et
1256 993 1377 1036 ubique
1398 999 1460 1026 tam
1488 994 1520 1026 in
1547 994 1665 1026 iudicio
1685 1004 1780 1037 quam

1036 1052 1124 1078 extra
1149 1047 1230 1079 illud
1256 1047 1465 1085 adhibeatur,
1492 1058 1573 1090 quae
1595 1047 1672 1089 ipsis
1689 1057 1781 1089 prae-

1035 1101 1181 1133 sentibus
1208 1100 1421 1133 adhiberetur
1438 1100 1462 1132 si
1481 1102 1589 1132 l'orent
1614 1101 1778 1134 exhibitae

1035 1155 1083 1187 vel
1109 1161 1270 1186 ostensae.

1079 1208 1193 1240 Datum
1221 1208 1361 1247 Romae,
1389 1209 1475 1251 apud
1502 1208 1531 1240 S.
1561 1208 1690 1240 Mariam
1718 1208 1779 1240 Ma·

1035 1261 1162 1301 iorem,
1201 1262 1259 1293 sub
1296 1262 1417 1294 annulo
1455 1261 1650 1300 Piscatoris‚
1691 1261 1777 1294 diel

1035 1315 1406 1356 octobrisomoccxxxu,
1436 1316 1642 1358 pontificatus
1676 1315 1778 1347 nostri

1035 1378 1119 1400 anno
1146 1379 1195 1401 111.

1073 1431 1131 1456 [lat.
1154 1431 1200 1456 die
1221 1432 1230 1456 1
1255 1431 1374 1457 octobris
1397 1431 1480 1463 1732,
1502 1431 1603 1465 pontif.
1626 1439 1699 1456 anno
1720 1437 1759 1457 ιιι.

1367 1484 1401 1516 F.
1430 1484 1518 1516 card.
1547 1484 1733 1517 Oclvssiuus.

1337 1635 1468 1668 LXXVI.

1035 1715 1230 1750 constitutio
1266 1715 1410 1747 diversas
1445 1716 1609 1747 continens
1644 1715 1780 1748 ordina-

1079 1769 1181 1802 tiones
1206 1779 1263 1812 pro
1290 1769 1371 1801 bom?
1396 1768 1573 1801 directione
1596 1769 1776 1807 conclavis,

1077 1835 1114 1856 ae
1152 1834 1264 1855 rerum
1303 1823 1382 1856 Sede
1421 1823 1607 1866 Apostolicci
1646 1826 1781 1856 vacante

1077 1877 1278 1919 offenderam
1287 1903 1294 1909 .

1243 1956 1379 1983 Clemens
1401 1956 1573 1990 episcopus,

1217 2009 1327 2028 servus
1349 2008 1507 2028 servorum
1528 2001 1593 2034 Dei,

1149 2047 1186 2073 ad
1203 2049 1387 2080 perpetuam
1406 2047 1453 2073 rei
1469 2046 1656 2073 memoriam.

1076 2116 1285 2159 Apostolatus
1312 2115 1455 2148 officium
1475 2142 1482 2154 ,
1508 2115 1593 2158 quod
1618 2116 1779 2148 inscruta-

1032 2170 1106 2202 bilis
1131 2169 1258 2202 divinae
1276 2169 1456 2211 sapientiae
1471 2175 1566 2211 atquc
1585 2170 1777 2202 clementiae

1032 2223 1168 2256 altitudo
1195 2222 1372 2255 humilitati
1400 2228 1559 2261 nostrae,
1585 2224 1674 2254 nullo
1702 2223 1778 2255 licet

1031 2277 1220 2309 meritorum
1240 2282 1424 2308 nostrorum
1446 2275 1611 2318 suffragio,
1630 2277 1776 2309 commit-

1032 2335 1097 2362 tere
1120 2330 1253 2372 dignata
1271 2334 1329 2369 est,
1358 2330 1512 2371 postulat,
1539 2334 1584 2368 ut,
1603 2340 1667 2362 non
1683 2340 1777 2372 prac-

1031 2383 1134 2415 sentia
1170 2388 1292 2414 tantum
1331 2386 1541 2424 spectantes,
1578 2382 1634 2414 scd
1672 2383 1776 2415 sutura

1031 2447 1161 2479 quoque
1180 2435 1440 2479 prospicientes,
1457 2435 1489 2467 in
1508 2435 1546 2467 iis
1566 2436 1672 2475 ctiam,
1692 2447 1774 2479 quae

1031 2495 1106 2533 post
1127 2489 1334 2521 resolutionis
1353 2493 1482 2521 nostrae
1509 2488 1594 2521 diem
1621 2500 1774 2522 consum-

1031 2549 1216 2585 matumque
1243 2554 1258 2574 a
1285 2542 1380 2574 uobis
1406 2542 1550 2575 mortalis
1569 2543 1664 2574 huius
1678 2554 1773 2586 pere-

1031 2596 1223 2639 grinationis
1248 2606 1376 2627 cursum
1402 2601 1554 2628 eventura
1580 2603 1678 2635 sunt,
1714 2608 1773 2638 per

1032 2656 1233 2693 opportunas
1271 2649 1394 2692 Dcique
1427 2649 1550 2692 gloriae
1591 2661 1627 2683 ac
1662 2649 1772 2683 Eccle-

1792 256 1839 279 ΛΠ.
1861 253 1889 279 C.
1909 252 1977 279 1732

1841 421 1974 450 Obztantium

1794 449 1911 473 derogatio.

1831 632 1896 652 Fides
1919 634 1976 652 tran>

1791 662 1927 685 sumptorum.

1816 2122 1938 2143 Exordium.
