2182 3137
0 0 73 91 f

77 247 126 274 Α-π.
147 245 177 272 G.
199 244 267 272 t73t

891 244 1036 269 CLEMENS
1063 245 1109 268 ΧΠ
1132 245 1183 269 1²1³.

269 299 456 338 opportune
492 295 668 339 providere
710 299 742 327 et
776 299 811 326 ut
848 293 931 325 infra
967 293 1014 324 in-

270 348 404 391 dulgere
444 349 483 382 de
518 349 720 390 benignitate
754 345 934 391 apostolica
967 346 1014 379 di-

269 411 457 442 gnaremur.
492 401 556 434 Nos
582 401 680 444 igitur
705 401 850 434 eiusdem
884 399 1014 432 loannis

271 455 493 496 procuratoris
518 455 679 497 generalis
706 454 786 487 votis
812 454 872 485 hac
909 452 941 484 in
979 462 1013 484 re

270 511 424 550 quantum
442 519 513 541 eum
540 508 677 541 Domino
703 517 874 551 possumus
894 507 1015 539 favora-

271 559 383 592 biliter
409 571 552 593 annuere
576 562 735 600 volentes,
754 570 893 602 eumque
916 570 932 591 a
950 559 1015 602 qui-

270 612 381 645 busvis
406 613 762 652 excommunicationis,
793 612 1015 655 suspensionis

272 671 303 697 et
324 666 500 706 interdicti,
526 667 664 710 aliisque
691 665 921 699 ecclesiasticis
943 675 1017 698 sen-

273 719 392 759 tentiis,
429 720 576 752 censuris
610 725 642 752 et
669 719 805 763 poeni5‚
831 730 848 751 a
875 718 943 751 iure
969 718 1016 751 vel

272 771 312 804 ab
339 772 472 805 homine
490 799 498 812 ,
525 773 635 816 quavis
662 772 833 805 occasione
852 773 900 805 vel
920 773 1017 805 causa

271 826 355 867 latis,
373 827 398 859 si
421 826 538 870 quibus
571 826 817 870 quomodolibet
843 826 1018 859 innodatus

272 880 394 919 existit,
416 879 454 912 ad
474 878 621 912 ell'ectum
649 880 871 922 praesentium
898 879 1019 912 dumta-

272 938 326 965 xat
350 932 636 975 consequendum,
665 932 779 965 harum
806 932 890 965 serie
916 931 1019 965 absol-

271 991 383 1019 ventes
409 991 440 1019 et
465 986 648 1019 absolutum
677 986 743 1019 sore
759 992 944 1027 censentes,
960 986 1019 1018 hu-

275 1038 413 1072 iusmodi
439 1039 737 1082 supplicationibus
773 1039 941 1079 inclinati,
980 1039 1019 1071 de

274 1092 513 1125 venerabilium
530 1093 665 1126 l'ratrum
683 1097 869 1125 nostrorum
888 1092 919 1125 S.
933 1092 1016 1125 RE.

274 1146 487 1179 cardinalium
514 1146 653 1189 negotiis
675 1151 707 1179 et
725 1146 1020 1179 consultationibus

275 1199 506 1243 episcoporum
534 1205 564 1232 et
590 1199 788 1242 regularium
816 1199 1019 1242 praeposito-

274 1262 344 1284 rum
382 1253 540 1294 consilio,
577 1253 711 1285 obtenta
743 1251 901 1286 relatione
926 1263 1021 1285 vene-

274 1305 384 1339 rabilis
411 1306 517 1339 fratris
543 1307 646 1340 nostri
681 1306 833 1339 Alderani
871 1306 1019 1349 episcopi

274 1358 433 1392 Ostiensis
467 1359 610 1392 eiusdem
647 1359 678 1392 S.
706 1359 743 1392 R.
776 1359 811 1392 Ε.
845 1359 1019 1392 cardinalis

275 1411 362 1455 Cybo
388 1413 580 1457 nuncupati,
609 1413 684 1446 dicti
710 1412 839 1446 Ordinis
857 1412 942 1456 apud
961 1423 1019 1446 nos

276 1470 309 1498 et
332 1465 448 1499 Sedem
467 1466 687 1509 Apostolicam
706 1466 911 1510 protectoris,
931 1476 1020 1509 prae·

277 1519 348 1552 satis
386 1520 631 1561 cardinalibus,
673 1520 727 1563 qui
764 1520 861 1553 etiam
898 1520 1020 1552 dictum

277 1572 428 1606 Iacobum
455 1573 636 1606 ministrum
674 1574 860 1616 generalem
894 1573 1022 1606 audive-

276 1633 370 1668 runt,
397 1628 496 1668 sacta,
523 1628 629 1661 eidem
655 1628 772 1661 lacobo
800 1633 830 1660 et
855 1638 915 1669 pro
942 1632 1022 1660 tem-

277 1691 357 1724 pore
384 1682 533 1715 existenti
556 1682 704 1715 ministro
722 1682 867 1725 generali
892 1681 1022 1715 Ordinis

278 1735 463 1768 huiusmodi
503 1736 687 1768 facultatem
724 1735 877 1779 privative
913 1736 1022 1779 quoad

278 1798 392 1822 omnes
418 1789 499 1822 alios
524 1789 716 1822 conserendi
743 1790 929 1822 doctoratus
966 1799 1022 1822 scu

279 1842 455 1884 magisterii
483 1843 627 1876 lauream
650 1842 801 1876 fratribus
818 1843 848 1875 in
866 1843 951 1875 dicto
969 1842 1024 1875 Or-

280 1895 355 1928 dine
382 1896 551 1939 prosessis,
578 1896 632 1939 qui
659 1901 752 1929 antea
777 1895 1022 1939 philosophiam

279 1959 338 1993 per
364 1954 449 1989 tres,
476 1954 507 1982 et
533 1960 631 1992 super
657 1949 808 1982 omnibus
835 1949 926 1982 libris
947 1949 1024 1981 Sen-

281 2003 454 2036 tentiarum
481 2013 602 2035 sacram
630 2003 828 2046 theologiam
850 2013 907 2047 per
942 2003 1023 2035 alios

281 2061 422 2100 quatuor
447 2066 550 2089 annos
575 2056 784 2089 laudabiliter
816 2056 958 2099 legerint
994 2062 1024 2089 et

281 2109 472 2151 docuerint,
503 2120 541 2142 ac
578 2109 701 2141 duabus
733 2110 847 2143 saltem
884 2109 1023 2153 publicis

280 2163 545 2196 conclusionibus
567 2163 805 2206 praesederint,
833 2169 864 2197 et
885 2163 1023 2196 subinde

281 2217 321 2249 ab
348 2217 463 2250 eodem
490 2216 638 2249 ministro
667 2217 837 2259 generali,
871 2228 1023 2261 procura-

282 2275 354 2303 tore
380 2270 537 2313 generali,
563 2270 623 2310 vel,
650 2270 711 2303 isto
737 2270 882 2310 absente,
901 2271 940 2303 ab
959 2282 1023 2304 uno

282 2333 341 2366 per
366 2333 438 2356 eum
466 2323 676 2366 deputando,
702 2324 755 2367 qui
783 2324 952 2367 praeditus
984 2324 1025 2357 sit

282 2377 492 2420 qualitatihus
518 2377 548 2409 in
588 2378 706 2410 ceteris
748 2378 1025 2411 examinatoribus

281 2435 316 2467 ut
341 2431 424 2463 infra
449 2430 636 2473 requisitis,
661 2441 787 2464 necnon
822 2432 924 2464 tribus
953 2432 1025 2464 aliis

283 2484 430 2517 eiusdem
456 2483 587 2517 Ordinis
612 2483 644 2516 in
671 2485 784 2517 eadem
811 2486 902 2517 sacra
936 2485 1025 2518 theo-

282 2537 369 2580 logia
395 2537 636 2578 versatioribus,
662 2537 782 2582 quique
808 2548 868 2581 per
892 2542 1026 2581 septen-

282 2592 373 2625 nium
399 2591 607 2625 laudabiliter
631 2592 793 2636 legerint,
818 2592 849 2624 in
877 2592 1024 2635 capitulis

283 2645 490 2691 generalibus
510 2646 560 2679 vel
580 2645 834 2689 provincialibus
851 2645 1024 2687 dumtaxat7

1057 293 1109 326 et¹
1135 304 1199 326 non
1226 294 1318 333 alibi,
1345 295 1536 335 examinati,
1564 299 1596 327 et
1621 294 1724 335 aliis³,
1751 295 1802 328 vel

1057 347 1171 379 saltem
1193 357 1209 379 a
1228 353 1367 390 quatuor
1393 358 1516 388 eorum,
1542 358 1600 391 per
1625 352 1752 381 secreta
1772 354 1803 380 et

1058 399 1181 432 iurata³
1206 405 1277 433 vota
1304 406 1464 444 tamquam
1499 401 1609 434 idonei
1636 406 1668 434 et
1692 401 1803 434 laurea

1059 453 1146 496 digni
1174 455 1342 497 approbati
1369 456 1511 496 suerint,
1539 456 1640 498 itaut,
1663 456 1688 489 si
1711 466 1803 489 secus

1059 506 1165 549 aliqua
1192 507 1223 539 in
1250 514 1341 550 parte
1363 508 1432 541 fieri
1452 509 1638 551 contigerit,
1657 509 1804 542 minister

1059 561 1219 602 generalis
1244 562 1437 604 privationis
1464 563 1581 602 officii,
1604 563 1705 596 ceteri
1726 573 1802 595 vero

1060 614 1299 647 examinatores
1329 615 1545 658 privationis⁴
1570 617 1655 648 vocis
1681 615 1803 648 activae

1061 672 1092 698 et
1117 668 1261 709 passivae
1288 668 1345 701 ac⁵
1370 668 1575 709 officiorum,
1603 670 1627 702 si
1654 680 1715 712 qua
1745 669 1803 702 ha-

1060 718 1213 760 buerint,
1241 725 1272 753 et
1306 721 1439 753 laureati
1478 722 1635 754 nullitatis
1667 722 1803 755 collatae

1062 773 1192 806 laureae
1225 774 1375 816 poenas⁶
1400 775 1581 818 respective
1618 775 1685 818 ipso
1723 775 1804 808 sacto

1062 826 1238 867 incurrant,
1256 827 1448 860 auctoritate
1474 828 1663 871 apostolica,
1690 833 1804 861 tenore

1062 880 1305 922 praesentium,
1341 881 1554 914 concedimus
1588 887 1618 914 et
1656 881 1805 924 indulge-

1062 943 1151 965 mus:
1174 934 1261 966 salva
1287 940 1393 967 tamen
1413 945 1545 978 semper
1563 935 1595 968 in
1618 934 1803 979 praemissis

1063 986 1257 1020 auctoritate
1274 987 1542 1031 Congregationis
1558 988 1803 1031 praedictorum

1063 1039 1292 1072 cardinalium.

1108 1092 1324 1126 Decernentes
1341 1121 1348 1134 ,
1376 1094 1506 1127 easdem
1539 1100 1728 1138 praesentes
1754 1095 1805 1128 lit-

1064 1151 1148 1178 teras
1173 1157 1304 1190 semper
1327 1147 1445 1188 firmas,
1472 1148 1593 1181 validas
1615 1148 1805 1181 etcfficaces

1063 1198 1203 1232 existere
1231 1205 1262 1232 et
1288 1200 1367 1240 sore,
1396 1211 1538 1243 suosque
1572 1201 1738 1245 plenarios
1774 1207 1806 1234 et

1064 1252 1207 1295 integros
1235 1252 1366 1286 ell'ectus
1393 1254 1502 1286 sortiri
1529 1260 1558 1287 et
1587 1254 1750 1295 obtinere,
1770 1265 1805 1287 ac

1063 1305 1149 1345 illis,
1176 1306 1215 1339 ad
1242 1317 1323 1349 quos
1349 1312 1472 1350 spectat
1498 1313 1528 1340 et
1561 1318 1619 1351 pro
1656 1313 1805 1350 tempore

1063 1360 1337 1403 quandocumque
1363 1361 1533 1403 spectabit,
1553 1361 1584 1393 in
1607 1361 1756 1393 omnibus
1774 1365 1806 1393 et

1064 1423 1121 1456 per
1147 1414 1256 1446 omnia
1281 1414 1470 1457 plenissime
1498 1414 1683 1457 suffragari,
1710 1417 1740 1447 et
1765 1414 1804 1446 ab

1064 1467 1128 1500 illis
1154 1468 1335 1510 respective
1360 1467 1595 1501 inviolabiliter
1620 1467 1805 1506 observari,

1064 1520 1174 1563 sicque
1201 1521 1233 1553 in
1270 1521 1454 1564 praemissis
1491 1531 1551 1564 per
1583 1531 1804 1564 quoscumque

1065 1572 1189 1606 iudices
1222 1574 1410 1607 ordinarios
1437 1579 1468 1606 et
1494 1575 1680 1616 delegatos,
1707 1573 1805 1606 etiam

1065 1638 1234 1660 causarum
1260 1627 1370 1670 palatii
1404 1627 1577 1670 apostolici
1616 1627 1779 1660 auditores
1797 1653 1804 1666 ‚

1065 1680 1199 1713 indicari
1226 1686 1257 1714 et
1282 1680 1411 1713 deliniri
1438 1680 1576 1721 debere,
1609 1690 1644 1712 ae
1681 1679 1805 1713 irritum

1066 1739 1097 1766 et
1121 1732 1218 1767 inane
1240 1734 1266 1766 si
1285 1744 1378 1767 secus
1403 1743 1501 1778 super
1525 1733 1576 1766 his
1595 1744 1610 1765 a
1629 1744 1805 1776 quoquam,

1066 1788 1176 1831 quavis
1202 1787 1393 1821 auctoritate
1415 1815 1422 1827 ,
1454 1787 1595 1820 scienter
1630 1787 1679 1819 vel
1718 1786 1807 1829 igno-

1066 1847 1202 1882 ranter,
1235 1841 1411 1884 contigerit
1447 1840 1613 1874 attentari.

1110 1895 1179 1929 Non
1207 1895 1410 1927 obstantibus
1437 1893 1647 1937 praemissis,
1674 1903 1710 1925 ae
1737 1903 1808 1926 con-

1067 1948 1291 1982 stitutionibus
1317 1953 1348 1981 ct
1373 1947 1636 1981 ordinationibus
1659 1946 1808 1990 apostoli-

1068 2003 1133 2042 cis,
1160 2012 1288 2036 necnon
1311 2001 1388 2034 dicti
1423 2000 1577 2040 Ordinis,
1606 2000 1701 2032 etiam
1725 1999 1808 2031 iura—

1067 2062 1201 2096 mento,
1235 2054 1483 2088 confirmatione
1517 2053 1722 2097 apostolica,
1758 2053 1807 2085 vel

1067 2109 1179 2153 quavis
1205 2108 1356 2141 firmitate
1379 2107 1441 2140 alia
1468 2106 1654 2146 roboratis,
1681 2105 1809 2138 statutis

1068 2168 1100 2196 et
1124 2161 1436 2201 consuctudinibus,
1467 2159 1646 2203 privilegiis
1665 2168 1808 2201 quoque,

1067 2215 1202 2248 indultis
1228 2220 1260 2248 et
1285 2214 1402 2247 litteris
1436 2211 1647 2256 apostolicis,
1675 2211 1706 2243 in
1732 2221 1809 2243 eon-

1105 2298 1113 2322 1
1135 2295 1204 2321 Mate
1225 2294 1292 2321 edit.
1317 2293 1396 2319 Main.
1418 2292 1482 2327 legit
1503 2300 1552 2319 nec
1572 2300 1620 2327 pro
1640 2294 1664 2319 cl
1684 2294 1774 2325 (n.T.)

1103 2342 1118 2366 ⁸2
1141 2339 1231 2366 l‘otius
1252 2339 1309 2372 lege
1329 2341 1353 2365 ec
1373 2338 1408 2363 ab
1430 2337 1488 2364 illis
1510 2343 1544 2371 (a.
1559 2338 1609 2370 τ.).

1103 2385 1118 2411 3
1139 2384 1205 2410 Male
1227 2384 1251 2409 iu
1273 2383 1330 2409 loco
1350 2381 1478 2417 parallelo
1499 2384 1564 2407 tom.
1585 2387 1629 2414 xx,
1647 2389 1708 2416 pag.
1728 2381 1778 2407 428
1795 2378 1809 2406 b

1067 2428 1118 2455 lin.
1140 2429 1170 2454 12
1191 2428 1239 2454 ult.
1261 2435 1309 2453 nos
1329 2435 1360 2452 ex
1381 2425 1445 2452 edit.
1468 2425 1547 2451 Main.
1571 2424 1701 2451 dedimus
1722 2425 1809 2452 reite-

1069 2476 1133 2499 rata
1156 2481 1202 2507 pro
1222 2472 1322 2498 iurata
1345 2472 1382 2503 (n.
1400 2470 1447 2501 τ.),

1103 2519 1117 2544 A
1139 2517 1228 2543 Verba
1254 2515 1364 2549 officii,
1389 2514 1478 2541 celeri
1504 2522 1569 2540 vero
1594 2513 1811 2541 eoeaim'ncztores

1065 2561 1241 2597 privationis
1261 2560 1359 2585 desunt
1380 2558 1407 2584 in
1427 2558 1485 2585 loco
1507 2557 1634 2592 parallelo
1654 2562 1692 2591 (tt.
1709 2559 1756 2591 τ.).

1103 2607 1119 2633 5
1135 2606 1205 2633 Male
1221 2605 1264 2631 cd.
1283 2603 1360 2630 Main.
1379 2602 1443 2637 legit
1463 2602 1497 2628 ab
1514 2610 1562 2637 pro
1577 2611 1609 2629 ac
1626 2604 1664 2636 (n.
1681 2602 1730 2634 T.).

1102 2654 1118 2679 o
1135 2651 1200 2678 Male
1217 2649 1280 2677 edit.
1304 2648 1384 2676 Malu.
1407 2647 1469 2684 logii
1489 2656 1654 2683 poenasque
1674 2647 1768 2683 (u.T.).

1692 236 1757 270 6⁶29
1806 246 1854 272 an.
1878 246 1908 272 c.
1929 246 1997 273 1734
