2182 3137
54 258 103 286 An.
121 257 149 285 C.
173 257 241 285 1734

871 259 1013 283 CLEMENS
1039 260 1085 284 ΧΠ
1111 261 1159 284 PP.

246 305 323 339 alias
348 306 597 340 constitutiones
623 307 821 350 apostolicas
842 312 895 340 aut
916 317 988 349 pro-

246 359 317 403 pria
341 360 487 393 locorum
513 364 633 393 statuta
653 361 703 393 vel
721 359 987 400 consuetudines,

247 418 362 447 contra
386 424 544 457 personas
577 414 698 458 aliquid
732 414 987 457 praemissorum

247 467 483 501 committentes
508 469 559 501 vel
585 468 774 501 omittentes
801 468 909 500 forsan
932 467 988 500 de-

247 521 344 554 cretis
368 522 416 554 vel
442 521 573 568 inflictis
590 549 597 561 ,
625 521 837 555 nihilominus
863 521 896 553 in
929 531 988 553 suo

237 574 367 608 'robore
394 575 628 618 permansuris.

291 627 448 666 Quocirca
480 627 640 661 universis
676 633 707 660 et
741 627 879 670 singulis
912 638 988 660 mo·-

247 681 358 714 dernis
380 687 411 714 et
431 692 492 724 pro
511 687 657 724 tempore
677 681 888 714 existentibus
907 680 988 713 eius-

247 733 321 767 dem
354 735 385 768 S.
418 735 455 767 R.
489 735 524 769 E.
557 735 756 774 camerario,
786 734 987 767 thesaurario

247 788 391 832 generali
411 814 418 827 ,
451 798 579 821 necnon
606 788 720 830 legatis
741 815 747 826 ,
775 787 963 830 vicelegatis
979 815 986 827 ‚

247 841 468 885 praesidibus,
502 841 791 883 gubernatoribus,
820 840 987 883 potestati-

246 895 305 928 bus
326 905 361 927 ac
385 895 561 938 prioribus,
588 895 772 935 massariis,
797 894 989 937 magistrati-

246 949 307 981 bus
332 953 364 981 et
388 948 581 981 officialibus
597 975 604 988 ‚
639 947 819 991 ceterisque
846 949 884 980 ad
911 959 989 991 quos

246 1007 388 1045 spectat,
415 1012 474 1045 per
506 1002 685 1045 apostolica
711 1002 831 1044 scripta
856 1002 988 1034 manda-

246 1064 342 1095 mus,
369 1060 528 1098 quatenus
555 1054 614 1097 ipsi
650 1061 681 1087 et
706 1065 818 1088 eorum
845 1054 986 1096 singuli,

248 1113 402 1150 quantum
428 1108 468 1140 ad
493 1118 548 1140 eos
574 1108 736 1150 pertinet,
763 1113 877 1141 curent
903 1107 989 1140 omni

248 1161 357 1194 studio
375 1187 382 1200 ‚
410 1161 579 1203 diligentia
598 1188 605 1201 ,
631 1161 824 1194 auctoritate
858 1166 889 1193 ct
913 1161 991 1204 vigi-

247 1214 348 1247 lantia
372 1220 576 1257 praesentem
603 1215 867 1248 constitutionem
898 1214 992 1246 tirmi-

249 1272 299 1300 ter
323 1273 356 1300 et
374 1268 609 1301 inviolabiliter
630 1269 805 1308 observari,
827 1274 857 1301 et
877 1275 991 1302 contra

248 1320 476 1354 inobedientes
513 1323 563 1355 vel
591 1327 848 1364 transgressores
880 1322 991 1355 condi-

249 1375 319 1418 gnis
345 1375 461 1417 poenis
486 1375 712 1409 animadverti.

293 1428 474 1471 Praecipue
500 1439 576 1461 vero
603 1429 663 1472 ipsi
683 1429 794 1471 legati,
812 1429 989 1472 vicelegati,

248 1481 434 1525 praesides,
473 1482 710 1524 gubernatores
748 1488 779 1515 et
814 1488 990 1526 potestates

249 1539 362 1568 contra
388 1545 610 1579 quoscumque
636 1536 901 1569 communitatum
923 1537 990 1570 sive

248 1587 499 1621 universitatum
524 1589 691 1622 debitores
729 1600 788 1632 pro
822 1590 991 1623 exactione

249 1641 397 1684 integrae
434 1653 578 1675 summac
606 1648 637 1675 et
662 1643 880 1686 quantitatis,
910 1654 990 1686 quae

250 1704 360 1727 earum
387 1695 612 1728 communibus
639 1695 770 1728 aerariis
795 1695 932 1728 debetur
961 1702 988 1728 et

249 1758 309 1790 pro
337 1753 485 1792 tempore
511 1748 693 1787 debebitur,
721 1749 897 1782 summarie
918 1749 992 1782 sim-

250 1801 379 1844 pliciter
405 1807 436 1834 et
461 1802 499 1834 de
525 1803 633 1845 plano,
661 1802 728 1835 sola
754 1802 827 1835 l'acti
856 1803 991 1835 veritate

250 1855 409 1898 inspecta,
436 1855 504 1888 sine
530 1855 670 1898 strepitu
698 1860 728 1888 et
750 1856 851 1898 ligura
869 1855 991 1895 iudicii,

250 1917 345 1940 manu
373 1907 463 1950 regia
489 1907 520 1940 in
546 1908 608 1940 vim
632 1908 815 1951 praesentis
840 1909 992 1941 constitu-

252 1961 360 2000 tionis,
388 1961 483 1993 etiam
511 1962 621 2004 (pluvis
648 1961 856 2000 inhibitione,
886 1967 948 1994 tam
975 1973 991 1994 a

251 2014 418 2058 praedicto
444 2015 631 2055 camerario,
658 2026 714 2048 seu
741 2025 911 2048 causarum
937 2015 991 2048 Ca-

251 2077 361 2100 merae
399 2068 607 2111 Apostolicae
644 2069 790 2112 generali
824 2068 990 2107 auditore,

251 2131 347 2163 quam
373 2132 391 2154 a
417 2132 625 2165 quocumque
652 2122 716 2155 alio
742 2121 849 2154 iudice
869 2122 993 2154 ordina-

251 2174 298 2207 rio
324 2175 373 2208 vel
399 2175 558 2217 delegato,
585 2175 696 2218 (pravis
716 2175 907 2207 auctoritate
927 2175 992 2206 sun·

251 2233 370 2270 gente,
395 2228 490 2261 etiam
531 2229 636 2261 forsan
674 2229 706 2261 in
745 2228 806 2261 vini
840 2228 992 2271 specialis

251 2282 513 2320 commissionis,
547 2281 701 2315 decreto¹
730 2292 794 2315 non
831 2283 991 2320 obstante,

251 2335 331 2368 iuris
357 2341 387 2368 et
413 2335 484 2368 sacti
512 2336 664 2368 remediis
697 2336 893 2378 opportunis
919 2346 994 2378 pro-

252 2388 382 2428 cedant,
406 2394 449 2429 et,
477 2388 564 2421 omni
592 2394 623 2421 et
649 2400 854 2432 quacumque
881 2390 994 2432 appel-

252 2441 371 2475 latione
394 2440 528 2481 remota,
547 2448 759 2485 exequantur,
778 2442 911 2475 eosdem
930 2442 993 2475 ino-

251 2495 431 2534 bedientes,
457 2505 587 2528 necnon
613 2495 874 2528 contradictores
901 2506 994 2538 qnos-

252 2549 334 2582 libet
358 2553 389 2581 et
414 2548 567 2589 rebelles,
589 2559 648 2591 per
666 2554 851 2591 opportuna
870 2548 947 2581 iuris
966 2553 994 2582 ct

253 2601 324 2634 sacti
358 2601 519 2640 remedia,
547 2600 764 2643 appellatione
791 2601 994 2645 postposita,

289 2664 298 2690 1
322 2662 435 2690 Videtur
455 2662 603 2697 legendum
625 2663 739 2691 decreta
761 2663 798 2699 (n.
815 2664 864 2696 Τ.).

1033 310 1280 352 compescendo,
1307 310 1456 344 invocato
1475 310 1569 344 etiam
1590 311 1628 343 ad
1655 310 1728 350 hoc,
1746 310 1771 343 si

1032 373 1114 405 opus
1139 363 1256 404 suerit,
1283 364 1401 397 auxilio
1427 364 1552 397 brachii
1580 364 1770 398 saecularis.

1075 415 1144 448 Non
1169 417 1375 451 obstantibus
1413 418 1704 452 constitutionibus
1742 424 1774 451 et

1032 469 1294 503 ordinationibus
1322 473 1521 514 apostolicis
1549 472 1773 516 dictaruinque

1032 523 1282 565 provinciarum,
1310 525 1485 565 civitatum,
1513 532 1695 565 terrarum,
1721 537 1774 570 op-

1033 575 1182 618 pidorum
1210 583 1239 608 ct
1265 583 1442 610 castrorum
1470 579 1672 618 iuramento,
1700 589 1775 612 con-

1033 627 1214 661 firmatione
1241 631 1435 672 apostolica,
1462 632 1509 663 vel
1537 631 1648 674 quavis
1675 632 1775 664 sirmi-

1033 687 1094 713 tate
1121 682 1183 714 alia
1209 683 1392 723 roboratis,
1418 685 1544 717 statutis
1580 691 1612 717 et
1637 695 1776 719 consue-

1034 734 1226 775 tudinibus,
1252 736 1432 779 privilegiis
1457 748 1586 780 quoque
1607 765 1613 777 ,
1642 738 1775 771 indultis

1033 792 1063 819 et
1099 789 1217 821 litteris
1254 789 1462 832 apostolicis,
1495 801 1776 834 quorumcumque

1034 846 1183 875 tenorum
1212 842 1369 882 existant,
1396 853 1455 885 per
1480 853 1561 886 quae
1599 844 1777 886 praesenti-

1033 896 1090 928 bus
1117 905 1180 928 non
1208 906 1360 938 expressa
1396 897 1444 928 vel
1483 896 1521 928 ad
1549 897 1682 929 verbum
1709 908 1774 930 non

1034 949 1155 981 inserta
1182 948 1314 981 ell'ectus
1336 949 1517 992 praesentis
1543 955 1673 982 nostrae
1699 960 1777 982 eon-

1034 1001 1214 1034 stitutionis
1233 1002 1385 1044 impediri
1401 1002 1653 1044 quomodolibet
1672 1003 1777 1035 valeat

1034 1055 1082 1087 vel
1101 1054 1240 1096 differri,
1260 1066 1341 1098 quae
1361 1055 1482 1096 omnia,
1508 1061 1667 1098 quatenus
1686 1065 1777 1099 prae-

1035 1108 1141 1140 missis
1178 1109 1210 1140 in
1242 1109 1350 1151 aliquo
1377 1108 1615 1148 adversentur,
1641 1119 1775 1151 prorsus

1036 1162 1179 1194 tollimus
1205 1167 1236 1194 et
1262 1163 1475 1204 abrogamus3
1503 1162 1687 1206 ceterisque
1705 1172 1777 1195 con-

1037 1214 1141 1247 trariis
1169 1215 1446 1259 quibuscumque.

1079 1269 1231 1302 Volumus
1256 1275 1362 1301 autern
1399 1275 1434 1302 ut
1471 1274 1660 1312 praesentes
1686 1270 1777 1303 litte-

1037 1332 1090 1354 rae
1127 1322 1158 1354 in
1194 1323 1294 1355 valvis
1329 1323 1358 1355 S.
1385 1322 1513 1356 loannis
1552 1323 1778 1357 Lateranensis

1035 1381 1065 1408 et
1090 1375 1249 1418 Principis
1267 1377 1500 1418 Apostolorum
1527 1376 1565 1409 de
1590 1376 1676 1410 Urbe
1693 1377 1778 1410 basi-

1035 1429 1169 1462 licarum
1191 1435 1221 1462 et
1238 1429 1269 1461 in
1297 1429 1364 1462 acie
1382 1429 1593 1472 Campillorae
1611 1430 1780 1473 publicen-

1037 1489 1095 1521 tur,
1110 1483 1211 1515 affixis
1232 1482 1311 1515 inibi
1328 1494 1437 1516 carum
1454 1484 1610 1526 exemplis
1625 1489 1656 1517 et
1670 1484 1780 1517 dimis-

1035 1536 1096 1575 sis·‚
1125 1541 1224 1580 utque
1251 1547 1360 1569 earum
1383 1538 1549 1580 exempla,
1566 1548 1622 1571 seu
1646 1537 1778 1571 illorum

1036 1590 1233 1632 compendia
1260 1590 1361 1623 latino
1400 1596 1453 1623 aut
1478 1591 1600 1633 vulgari
1628 1602 1780 1625 sermone

1035 1643 1230 1686 conscripta,
1253 1643 1283 1675 in
1303 1643 1396 1676 libris
1417 1654 1700 1688 (piorumcumque
1720 1650 1780 1678 sta-

1037 1702 1179 1729 tutorum
1206 1697 1443 1740 praedictarum
1463 1698 1730 1730 communitatum
1749 1704 1780 1731 et

1036 1750 1283 1782 universitatum
1312 1750 1508 1790 inserantur,
1537 1756 1567 1782 et
1594 1751 1705 1783 saltem
1732 1751 1780 1784 bis

1036 1803 1213 1845 quotannis
1239 1803 1271 1835 in
1298 1803 1439 1846 publicis
1461 1808 1493 1835 et
1512 1803 1691 1837 maioribus
1709 1815 1782 1837 con-

1035 1856 1117 1888 siliis
1143 1856 1208 1888 sive
1235 1856 1422 1889 adunantiis
1448 1856 1579 1890 cuiusve
1606 1858 1782 1890 eommuni-

1037 1910 1110 1942 tatis
1137 1909 1202 1942 sive
1230 1909 1451 1942 universitatis
1477 1910 1541 1942 alta
1574 1915 1605 1942 et
1629 1910 1782 1953 intelligi-

1036 1963 1092 1995 bili
1130 1974 1206 1996 voce
1245 1965 1420 2003 legantur,
1446 1969 1542 2007 atquc
1578 1963 1609 1996 in
1648 1964 1780 2007 publico

1036 2017 1133 2049 etiam
1159 2016 1267 2059 aliquo
1295 2022 1325 2049 et
1351 2017 1504 2049 omnibus
1531 2018 1654 2060 patenti
1682 2019 1776 2058 loco,

1037 2069 1089 2101 ubi
1118 2070 1305 2112 frequenter
1331 2069 1417 2102 cives
1443 2075 1498 2102 aut
1522 2070 1677 2113 oppidani
1703 2081 1780 2104 con-

1036 2122 1145 2155 venire
1179 2123 1328 2161 soleant,
1365 2128 1522 2166 perpetuo
1548 2123 1676 2156 affixum
1702 2124 1780 2157 reti-

1038 2175 1186 2213 neatur¹,
1211 2175 1351 2214 adcout,
1377 2175 1403 2207 si
1438 2175 1605 2218 contingat
1631 2177 1780 2219 exempla

1038 2227 1222 2261 huiusmodi
1250 2228 1326 2260 inde
1352 2228 1492 2261 amoveri
1531 2234 1584 2260 aut
1616 2229 1778 2270 lacerari,

1037 2292 1092 2314 seu
1119 2281 1275 2323 temporis
1302 2281 1515 2314 diuturnitate
1542 2283 1698 2322 consumi,
1726 2283 1782 2316 de-

1038 2335 1136 2367 beant
1162 2335 1297 2367 omnino
1332 2334 1485 2377 priores,
1513 2335 1678 2376 massarii,
1706 2347 1781 2369 ean-

1038 2387 1183 2427 cellarii,
1210 2387 1278 2419 sire
1305 2387 1357 2419 alii
1387 2388 1577 2421 earumdem
1603 2389 1781 2422 communi-

1039 2447 1137 2473 tatum
1164 2441 1230 2473 sire
1255 2440 1498 2473 universitatum
1526 2441 1694 2483 officiales,
1721 2443 1780 2476 sub

1040 2494 1228 2537 privationis
1247 2494 1429 2527 officiorum
1449 2496 1659 2529 obtentorum
1686 2501 1717 2528 et
1738 2497 1782 2529 in·

1040 2546 1218 2580 habilitatis
1244 2547 1282 2579 ad
1315 2547 1367 2579 illa
1393 2548 1442 2580 vel
1479 2548 1541 2580 alia
1573 2548 1781 2591 postmodum

1040 2601 1239 2640 obtinenda,
1275 2606 1305 2633 et
1341 2600 1410 2634 aliis
1448 2601 1543 2634 ctiam
1576 2602 1780 2644 gravioribus

1077 2666 1085 2690 1
1110 2663 1208 2699 Aptius
1229 2663 1288 2699 lege
1309 2664 1399 2699 affixa
1423 2665 1606 2693 retineantur
1627 2665 1666 2701 (n.
1687 2665 1735 2700 τ.).

1676 251 1735 286 591
1786 262 1834 288 Α..
1853 261 1880 287 c.
1904 263 1971 290 ¹734
