2182 3137
215 212 310 241 Aac.
335 211 402 239 1733
447 204 510 238 526

408 262 527 301 existit,
552 261 591 294 ad
617 260 768 295 efl'ectum
793 261 1015 305 praesentium
1053 262 1144 294 dum-

408 320 493 347 taxat
516 314 791 358 consequendum,
811 315 924 347 barum
944 315 1028 347 serie
1044 315 1146 348 absol-

408 373 520 400 ventes
547 373 577 400 et
595 367 778 401 absolutum
798 368 865 401 sore
883 373 1064 409 censentes,
1089 368 1146 400 bu-

409 421 547 453 iusmodi
583 421 875 464 supplicationibus
911 421 1080 459 inclinati,
1105 421 1143 453 de

406 474 641 507 venerabilium
658 474 789 507 fratrum
808 480 994 508 nostrorum
1013 475 1044 507 S.
1058 474 1094 507 lt.
1108 474 1141 507 E.

408 527 634 568 cardinalium,
653 528 789 570 negotiis
808 533 838 560 et
854 528 1144 561 consultationibus

408 580 635 624 episcoporum
663 586 694 614 et
718 582 914 623 regularium
939 582 1144 624 praeposito-

407 643 486 672 rum,
514 633 567 676 qui
593 633 624 666 in
643 634 830 677 praemissis
849 634 1003 667 dilectum
1021 634 1144 678 pariter

408 686 506 719 filium
532 687 724 720 modernum
744 693 988 731 procuratorem
1008 698 1144 730 genera-

408 740 469 772 lem
482 739 624 773 eiusdem
639 740 766 773 Ordinis
784 741 985 782 audiverunt,
997 741 1142 781 consilio,

407 793 569 826 decretum
607 793 737 837 quidem
775 793 947 827 definitorii
980 794 1142 836 generalis

407 846 481 879 anni
519 856 682 880 MDCvattt
719 847 824 890 quoad
859 848 945 880 solas
979 848 1144 890 regentias

406 900 600 941 Mediolani,
632 901 816 934 Florentiae
843 907 875 934 et
900 902 1037 942 tannae,
1064 903 1143 934 alte-

315 970 329 976 2
407 964 478 987 rum
503 965 578 987 vero
606 955 772 988 decretum
804 955 880 987 anni
904 964 1038 988 unccvu
1072 966 1142 988 cum

407 1007 613 1041 restrictione
639 1008 798 1042 facultatis
825 1019 883 1051 pro
911 1014 1056 1052 tempore
1079 1009 1144 1041 exi-

407 1061 520 1094 stentis
537 1061 678 1094 ministri
697 1062 856 1104 generalis
875 1062 1084 1105 dispensandi
1103 1063 1142 1095 ad

407 1114 487 1147 duos
513 1125 615 1148 annos
642 1120 775 1156 tantum,
798 1115 990 1148 auctoritate
1015 1121 1144 1159 aposto-

407 1167 478 1207 lica,
498 1173 610 1201 tenore
625 1168 857 1212 praesentium,
877 1169 1095 1212 approbamus
1114 1173 1144 1203 el

407 1220 657 1260 confirmamus,
685 1221 817 1264 illisque
843 1222 1040 1255 inviolabilis
1066 1233 1143 1265 apo-

407 1273 541 1307 stolicae
567 1273 727 1307 firmitatis
752 1275 852 1307 robur
884 1275 1073 1316 adjicimus,
1109 1286 1143 1309 ac

407 1327 535 1360 demum
560 1327 647 1360 iuxta
672 1327 781 1371 petita,
803 1328 909 1371 quoad
931 1339 1029 1360 unum
1052 1329 1142 1361 dum-

407 1386 492 1414 taxat
516 1387 711 1414 convenlum
738 1382 770 1414 in
797 1382 941 1425 qualibet
977 1383 1142 1426 provincia

406 1434 461 1467 ubi
498 1435 636 1467 existunt
672 1435 869 1475 seminaria,
894 1437 1085 1470 auctoritate
1111 1442 1143 1470 et

408 1480 521 1522 tenore
565 1488 740 1532 praedictis
783 1489 1014 1532 indulgemus,
1059 1491 1142 1524 salva

408 1545 516 1574 tamen
552 1552 684 1585 semper
718 1542 750 1574 in
787 1542 971 1585 praemissis
1004 1543 1143 1576 auctori-

407 1599 471 1628 tate
496 1595 599 1628 dictae
625 1595 892 1638 Congregationis
915 1596 1140 1630 cardinalium.

450 1649 465 1692 ἓ
489 1648 521 1681 4.
548 1648 778 1689 Decernentes,
805 1649 932 1682 easdem
955 1655 1142 1693 praesentes

406 1701 533 1735 litteras
557 1700 679 1743 sirmas,
706 1703 826 1736 validas
852 1708 882 1736 et
907 1703 1054 1737 efficaces
1079 1704 1144 1737 exi-

406 1759 492 1788 stere
517 1760 549 1788 et
574 1755 650 1794 fore,
677 1766 819 1798 suosque
845 1756 1010 1799 plenarios
1021 1756 1143 1789 etinte-

406 1819 482 1851 gros
502 1808 633 1842 effectus
650 1809 757 1842 sortiri
773 1814 805 1842 et
822 1809 988 1850 obtinere,
1007 1821 1042 1843 ac
1070 1811 1143 1851 illis,

406 1863 445 1895 ad
463 1873 544 1906 quos
568 1868 694 1907 spectat
718 1869 750 1897 et
773 1874 832 1907 pro
855 1869 1002 1908 ternpore
1023 1870 1145 1908 specta·

251 1659 395 1679 Fratuentium

214 1685 330 1715 litterarum
359 1686 395 1706 lir-

214 1715 284 1734 nutas.

406 1916 463 1959 bit,
481 1917 514 1949 in
540 1918 690 1955 omnibus
709 1923 740 1951 et
758 1928 815 1962 per
828 1918 936 1951 omnia
953 1919 1143 1962 plenissime
1192 1953 1197 1956 ,

407 1969 589 2014 suffragari,
614 1977 645 2004 et
670 1971 709 2004 ab
735 1971 781 2004 eis
807 1972 990 2015 respective
1017 1972 1145 2006 iuviola-

407 2024 516 2058 biliter
540 2026 730 2066 observari,
764 2027 875 2070 sicque
901 2026 933 2059 in
958 2027 1144 2071 praemissis

407 2089 466 2122 per
490 2089 709 2122 quoscumque
738 2079 859 2112 iudices
897 2080 1081 2113 ordinarios
1114 2086 1145 2113 et

409 2132 584 2175 delegatos
611 2132 707 2165 etiam
734 2143 901 2166 causarum
927 2133 1037 2177 palatii
1067 2144 1145 2177 apo-

409 2185 514 2218 stolici
556 2185 743 2227 auditores,
778 2186 914 2219 iudicari
948 2192 980 2219 et
1016 2186 1143 2219 definiri

409 2238 546 2280 debere,
576 2250 611 2272 ae
641 2239 766 2272 irritum
796 2245 827 2273 et
862 2240 959 2273 inane
992 2241 1017 2273 si
1051 2251 1144 2274 secus

408 2303 506 2337 super
540 2293 589 2326 tiis
615 2304 632 2326 a
657 2304 836 2337 quoquam,
873 2294 984 2337 quavis
1009 2294 1145 2327 auctori-

409 2352 483 2386 tate,
509 2346 651 2380 scienter
668 2348 717 2380 vel
735 2347 944 2390 ignoranter,
971 2347 1146 2391 contigerit

410 2399 571 2433 attentari.

453 2453 467 2496 ἓ
492 2452 523 2486 5Δ
550 2453 618 2486 Non
644 2453 845 2487 obstantibus
870 2455 1079 2498 praemissis,
1108 2466 1144 2488 ac

409 2506 692 2540 constitutionibus
717 2513 749 2541 et
773 2508 1031 2541 ordinationibus
1061 2518 1140 2552 apo-

410 2559 542 2601 stolicis,
567 2570 702 2602 necnon,
724 2566 884 2605 quatenus
904 2572 983 2606 opus
1001 2562 1050 2602 sil,
1069 2572 1144 2606 pro-

411 2612 597 2656 vinciarum,
622 2619 838 2649 conventuum
859 2620 890 2649 et
907 2614 1035 2649 Ordinis
1052 2625 1144 2659 prae-

265 2457 398 2478 Otiaawium

218 2483 335 2509 derogatio.

991 212 1173 238 BULLAan
1197 213 1355 239 Romnum

1190 263 1347 296 dictorum
1364 292 1371 304 ,
1398 263 1494 296 etiam
1526 263 1731 303 iuramento,
1758 262 1927 296 confirma-

1191 317 1279 350 tione
1318 317 1518 361 apostolica,
1553 318 1602 350 vel
1631 316 1742 361 quavis
1774 316 1927 350 firmitate

1189 370 1250 402 alia
1283 370 1469 409 roboratis,
1501 370 1629 403 statutis
1664 374 1695 402 et
1720 370 1927 403 consuetudi-

1190 423 1308 463 nibus,
1339 423 1516 466 privilegiis
1545 434 1694 466 quoque,
1730 423 1865 456 indultis
1897 429 1929 456 et

1189 477 1303 511 litteris
1330 477 1525 520 apostolicis,
1546 477 1576 509 in
1606 477 1802 510 contrarium
1828 487 1925 520 prae-

1188 530 1360 563 missorum
1387 530 1635 573 quomodolibet
1661 531 1836 570 concessis,
1852 541 1928 563 con-

1189 583 1319 616 firmatis
1345 590 1376 617 et
1411 583 1592 623 innovatis,
1627 583 1743 626 quibus
1774 583 1925 616 omnibus

1188 642 1219 668 et
1243 637 1388 679 singuliS,
1408 637 1537 670 illorum
1558 642 1685 669 tenores
1700 636 1925 680 praesentibus

1188 700 1245 733 pro
1270 691 1366 733 plene
1381 696 1413 723 et
1430 691 1628 723 sufficienter
1653 690 1815 734 expressis
1831 700 1867 722 ac
1886 690 1925 722 ad

1189 744 1320 776 verbum
1354 744 1483 776 insertis
1524 742 1703 783 liabenteS,
1741 743 1804 776 illis
1845 743 1924 776 alias

1188 795 1219 828 in
1245 807 1301 829 suo
1331 797 1448 830 robore
1469 797 1698 839 permansuris,
1716 796 1755 829 ad
1770 796 1923 840 praemis-

1188 859 1298 882 sorum
1315 849 1475 890 effectum,
1494 851 1553 883 bac
1573 850 1641 883 vice
1661 850 1834 891 dumtaxat,
1852 860 1925 894 spe-

1188 903 1315 936 cialiter
1347 909 1378 936 et
1409 914 1561 947 expresse
1590 904 1805 947 derogamus,
1840 908 1926 937 cete-

1188 956 1296 999 risque
1322 957 1492 990 contrariis
1518 957 1787 1002 quibuscumque.

1231 1010 1244 1052 ἓ
1270 1009 1301 1042 6.
1322 1010 1475 1043 Volumus
1500 1017 1604 1043 autem
1622 1015 1654 1042 ut
1671 1010 1813 1054 ipsarum
1831 1021 1920 1055 prae-

1187 1063 1329 1096 sentium
1356 1064 1582 1108 transumptis,
1613 1063 1709 1097 etiam
1730 1064 1921 1109 impressis,

1187 1126 1282 1148 manu
1314 1117 1451 1150 alicuius
1484 1117 1602 1150 notarii
1634 1117 1757 1161 publici
1784 1117 1924 1152 subscri-

1187 1171 1261 1213 ptis,
1290 1176 1320 1203 et
1346 1170 1452 1214 sigillo
1470 1181 1628 1214 personae
1646 1170 1678 1204 in
1700 1171 1857 1214 dignitate
1875 1181 1925 1205 ec-

1187 1223 1367 1256 clesiastiea
1394 1223 1589 1257 constitutae
1619 1225 1668 1258 vel
1704 1224 1844 1257 ministri
1870 1235 1925 1267 ge-

1187 1277 1305 1310 neralis
1331 1283 1384 1309 aut
1415 1278 1638 1320 procuratoris
1676 1277 1840 1320 generalis
1875 1278 1924 1310 vel

1186 1330 1355 1364 secretarii
1378 1331 1525 1364 eiusdem
1550 1330 1679 1364 Ordinis
1697 1342 1756 1374 pro
1775 1336 1924 1375 tempore

1188 1384 1355 1417 existentis
1381 1384 1534 1425 munitis,
1561 1385 1674 1418 eadem
1692 1394 1825 1428 prorsus
1846 1383 1926 1417 fides

1188 1438 1219 1470 in
1245 1438 1365 1471 iudicio
1391 1443 1422 1470 et
1444 1443 1534 1471 extra
1554 1438 1633 1472 illud
1652 1438 1823 1479 habeatur,
1843 1448 1925 1481 quae

1187 1491 1265 1534 ipsis
1295 1491 1519 1534 praesentibus
1553 1492 1730 1525 baberetur
1762 1492 1790 1524 si
1819 1491 1926 1525 forent

1189 1545 1352 1578 exhibitae
1377 1546 1424 1578 vel
1451 1550 1615 1578 ostensae.

1230 1598 1346 1631 Datum
1368 1599 1502 1639 Romae,
1534 1599 1619 1642 apud
1656 1598 1687 1632 S.
1716 1598 1845 1631 Mariam
1864 1598 1928 1633 Ma·

1188 1652 1300 1692 iorem,
1331 1653 1390 1685 sub
1424 1653 1545 1685 annulo
1580 1651 1763 1694 Piscatoris,
1797 1652 1848 1685 die
1881 1663 1925 1687 ΧΗ

1187 1706 1314 1749 augusti
1346 1715 1546 1745 tioccxxxtu,
1580 1705 1786 1749 pontificatus
1818 1706 1925 1739 nostri

1188 1770 1275 1793 anno
1295 1769 1337 1792 N.

1225 1822 1286 1850 Dat.
1307 1822 1352 1849 die
1376 1822 1406 1849 1⁶2
1427 1822 1538 1858 augusti
1562 1811 1647 1856 1733)
1668 1822 1771 1857 pontit.
1796 1830 1867 1849 anno
1888 1828 1924 1849 ιν.

1935 1048 2071 1071 sumptorum.

1519 2029 1591 2062 CVI.

1190 2134 1309 2168 Ordini
1332 2135 1474 2178 fratrum
1501 2134 1767 2168 Pracclicalornm
1791 2134 1926 2179 privile-

1231 2188 1324 2231 yium
1348 2187 1539 2227 conceditur,
1559 2192 1593 2221 nt
1609 2187 1831 2220 saecularibus
1851 2187 1926 2221 ado-

1232 2241 1435 2280 tenentibus,
1471 2241 1666 2284 ttzeotoqicae
1701 2241 1855 2284 facultati
1890 2242 1925 2274 in

1231 2305 1340 2328 eoram
1365 2295 1501 2336 studiis,
1527 2294 1663 2336 scholis,
1688 2296 1872 2338 qymnasiis
1897 2299 1926 2328 et

1231 2348 1374 2391 colleyiz's
1400 2348 1594 2381 triennalem
1611 2358 1742 2392 operam
1759 2347 1923 2388 dantibus,

1232 2400 1378 2434 lauream
1403 2401 1586 2434 doctoratus
1611 2412 1664 2435 sen
1689 2402 1873 2446 niaqi'sterii
1897 2406 1926 2434 et

1230 2455 1351 2498 yraclzts
1383 2455 1419 2488 in.
1450 2456 1542 2488 sacra
1572 2455 1730 2499 {lecoloyiti
1755 2456 1798 2488 iis
1830 2465 1925 2499 pares

1230 2509 1371 2551 conferre
1396 2509 1515 2552 possit,
1543 2508 1602 2552 qni
1628 2508 1664 2541 in
1685 2508 1828 2552 publicis
1860 2513 1926 2542 stn-

1229 2561 1359 2594 diorum
1382 2561 1650 2595 universitatibus
1673 2561 1810 2596 solemni
1826 2572 1926 2596 caere·

1229 2616 1339 2652 monia
1363 2617 1585 2659 conserantur.

1984 1018 2047 1039 Fides
2062 1020 2118 1040 tran·
2158 1023 2159 1029 ¹
