2182 3137
57 224 105 249 An.
127 224 155 249 C.
174 223 242 249 1730

89 1289 118 1309 th:
147 1288 245 1309 dationi-

96 1822 105 1833 ιι
118 1821 211 1835 concurr·
221 1822 244 1836 n·

62 1842 117 1862 tibus
133 1849 152 1863 iu
168 1842 226 1863 data.

862 220 1003 243 CLEMENS

1027 219 1070 242 xtl
1097 220 1143 242 1³1¹.

1725 211 1743 242 7
1790 220 1837 244 An.
1862 218 1888 243 Cr
1910 218 1977 245 1730

251 271 353 311 tibus,
373 270 485 314 quavis
503 268 763 302 consideratione
791 269 839 301 rel
863 268 993 306 iutuitu,
1015 266 1018 312 l
1041 267 1072 299 in
1100 268 1234 310 reliquis
1262 280 1335 301 vcro
1361 269 1492 311 singuli,
1513 269 1565 311 qui
1593 268 1680 311 prius
1707 280 1781 311 apo-

252 323 348 357 ctiam
368 328 453 356 motu
472 322 616 365 proprio,
633 327 665 354 et
686 332 721 354 ex
741 323 830 354 certa
848 320 992 360 scientia,

251 388 287 410 ae
304 377 344 409 de
362 375 559 419 apostolicae
584 373 753 416 potestatis
772 373 990 416 plenitudine,

252 440 323 464 cum
342 428 508 472 quibusvis
523 427 689 466 clausulis,
706 426 802 459 etiam
819 426 993 468 derogato-

252 484 371 516 riarum
403 480 614 523 derogatoriis
631 508 638 520 ,
663 490 699 513 ac
734 479 934 512 irritantibus
961 484 993 511 et

252 535 321 569 aliis
339 533 643 591 decreti5,(111oittm
661 539 791 566 tenores
811 532 924 565 habeti
944 542 992 565 ιο

251 588 311 621 luit.
338 597 397 630 pio
430 585 615 630 expressis,
645 591 905 624 concesserant,
931 590 990 625 ut,

251 639 403 684 quamdiu
425 640 580 678 viver‚ent
602 639 652 671 vel
679 638 745 671 suis
765 638 915 671 eeclesiis
941 613 991 670 vel

251 692 456 727 monasteriis
475 697 677 735 praeessent,
693 697 743 724 aut
760 692 799 724 ad
814 692 899 725 aliud
917 696 992 724 tem-

252 757 320 790 puS‚
338 746 378 779 de
395 744 562 778 benefieiis
582 744 813 778 ecclesiasticis
830 755 912 787 gen·
918 755 939 775 ι
936 743 991 775 ili-

252 806 300 834 tet
314 799 487 832 reservatis
503 809 557 831 seu
573 798 695 832 allectis
712 799 751 831 ad
767 808 880 831 eorum
897 799 992 830 colli

252 853 390 893 tionem,
414 851 652 895 provisionem,
672 852 992 895 praesentationem,

251 905 460 945 electionem,
483 910 514 938 et
534 905 679 947 quamvis
698 904 794 937 aliani
820 904 991 947 dispositio

251 970 326 992 nem
344 958 561 991 communiter
585 958 634 990 vel
661 957 789 990 divisim
816 957 993 1000 spectanti-

252 1013 323 1052 bus,
343 1011 518 1054 disponere
544 1010 646 1044 libere
669 1016 701 1043 et
726 1010 812 1043 licite
831 1010 992 1048 valerent,

253 1070 307 1097 aut
330 1063 426 1098 etiam
452 1063 491 1096 ad
510 1063 540 1095 id
559 1073 617 1106 per
643 1063 775 1096 eosdem
802 1062 995 1105 praedeces-

254 1127 345 1151 sores
380 1115 489 1149 vicarii
527 1115 677 1159 perpetui
709 1116 759 1148 vel
793 1115 831 1147 ad
867 1120 994 1158 tempus

255 1170 420 1204 constituti
446 1170 562 1202 serent.
596 1169 780 1202 Decernens
814 1169 939 1201 irritum
966 1172 996 1202 ct

256 1224 362 1263 inane,
383 1228 442 1256 ete.

298 1286 362 1310 xv1.
377 1276 465 1315 Item,
481 1276 559 1308 utin
578 1276 765 1319 apostolicis
784 1276 900 1308 litteris
915 1286 996 1309 cem-

256 1329 406 1362 mittendi
433 1329 556 1361 crimen
583 1329 653 1361 l'alsi
687 1339 746 1372 per
772 1329 911 1372 amplius
938 1329 996 1361 tol-

255 1384 341 1416 latur
365 1382 505 1423 occasio,
526 1382 627 1415 voluit
653 1387 684 1415 et
710 1382 881 1422 ordinavit,
908 1383 995 1425 quod

257 1436 417 1469 dictiones
443 1436 640 1475 numerales,
661 1446 742 1478 quae
770 1436 801 1467 in
828 1436 923 1468 dictis
945 1436 996 1468 lit-

258 1489 336 1522 teris
362 1494 435 1521 ante
461 1498 573 1528 nonas,
600 1488 672 1521 idus
700 1494 731 1521 et
757 1489 912 1521 kalendas
941 1488 997 1520 im-

256 1542 396 1575 mediate
421 1543 497 1584 poni
524 1547 772 1581 consueverunt,
793 1552 851 1584 per
872 1542 996 1574 litteras

256 1600 287 1627 et
304 1594 446 1637 syllabas
465 1599 596 1627 extense
618 1594 855 1633 describantur,
875 1600 905 1626 et
923 1594 996 1626 illae

255 1658 292 1681 ex
317 1647 496 1690 praedictis
522 1647 657 1686 litteris,
686 1648 716 1679 in
743 1647 860 1690 quibus
887 1647 997 1679 huius-

254 1700 341 1734 modi
368 1700 528 1733 dictiones
561 1700 655 1733 aliter
685 1700 826 1744 scriptae
852 1700 993 1740 suerint,

254 1753 295 1787 ad
321 1753 496 1787 Bullariam
521 1754 710 1786 nullatenus
735 1753 915 1793 mittantur,
933 1760 994 1786 etc.

299 1808 314 1851 ᾖ
338 1817 414 1840 xv11.
439 1806 518 1839 Item
545 1806 656 1846 voluit,
681 1806 769 1849 quod
796 1807 835 1839 de
860 1816 998 1838 concur-

256 1860 405 1894 rentibus
423 1859 454 1892 in
472 1859 546 1892 data
571 1859 715 1892 eiusdem
742 1859 805 1892 diei
831 1869 930 1902 super
950 1870 997 1892 va-

256 1913 402 1947 cantibus
427 1922 481 1945 sen
500 1917 587 1945 certo
605 1912 703 1945 modo
725 1913 883 1945 vacaturis
900 1912 998 1945 bene-

255 1966 345 2005 ficiis,
371 1966 428 2005 illi,
454 1965 571 2009 quibus
597 1965 720 2008 gratiae
746 1971 835 1998 motu
865 1965 997 2009 proprio

257 2019 490 2059 conceduntur,
510 2019 627 2052 ceteris
644 2019 741 2051 simili
759 2019 857 2052 modo
879 2018 997 2062 gratias

256 2083 320 2106 non
346 2072 560 2113 habentibus,
579 2072 656 2105 alias
675 2072 824 2115 graduati
842 2082 908 2104 non
929 2082 998 2115 gra-

256 2127 359 2160 duatis
374 2153 382 2167 ,
409 2132 463 2159 aut
483 2125 569 2159 inter
593 2126 766 2168 graduatos
798 2125 902 2168 magis
928 2136 999 2168 gra-

256 2180 380 2221 duato¹,
404 2189 531 2213 necnon
555 2180 700 2212 colorato
718 2179 812 2212 titulo
838 2187 999 2222 possesso-

256 2243 307 2267 res
331 2244 396 2267 non
421 2232 667 2276 possessoribus
685 2259 692 2272 ,
718 2243 754 2266 ae
779 2233 864 2265 inter
888 2242 998 2275 perso-

257 2297 314 2320 nas
331 2287 409 2320 alias
426 2286 459 2319 in
479 2286 575 2319 Curia
592 2291 782 2329 praesentes
807 2285 997 2318 absentibus

258 2339 297 2372 ab
323 2342 371 2380 ea,
397 2350 434 2372 ac
458 2339 543 2372 inter
567 2345 757 2383 praesentes
782 2349 848 2372 non
873 2339 998 2372 benesi-

258 2393 335 2427 ciati
366 2392 578 2433 beneficiatis,
603 2399 636 2426 et
660 2393 809 2426 similiter
834 2392 919 2425 inter
944 2392 999 2425 ab·

259 2451 383 2485 sentes,
407 2445 523 2479 ceteris
547 2446 693 2489 paribus,
719 2446 849 2480 oriundi
875 2456 941 2479 non
968 2457 1000 2479 o-

259 2499 390 2539 riundo,
407 2504 439 2531 et
457 2498 672 2533 dioecesanus
697 2509 762 2533 non
780 2499 996 2540 dioecesano;

293 2570 304 2596 t
327 2568 438 2596 Videtur
457 2568 605 2603 legendum
621 2570 712 2604 maqis
727 2570 888 2605 qradzcatus
903 2571 998 2598 minus

256 2615 402 2652 qracluato
422 2614 462 2650 (n.
479 2615 529 2648 τ.).

1015 315 1168 366 fstolicas
1196 320 1336 363 desuper
1368 322 1493 355 litteras
1526 332 1640 355 corum
1667 333 1782 353 execu-

1038 373 1159 406 toribus
1179 375 1469 416 praescntarcrim,
1488 375 1559 407 aliis
1580 375 1610 407 iu
1629 375 1780 417 ipsorum,

1014 417 1076 465 ide
1103 427 1220 470 quibus
1246 427 1295 468 agi
1322 427 1516 469 eontigerit,

1013 473 1016 498 l
1037 480 1243 512 assecutione
1271 480 1399 522 praefer
1402 486 1507 512 annun

1547 427 1781 460 beneficiorum

1081 533 1466 576 xt111.ltc1n,ne‚per
1486 545 1510 565 v·
1505 534 1586 566 trias
1612 546 1693 577 quae
1722 545 1780 577 1⁹10
1821 545 1848 565 ι»
1874 552 1903 565 ιι,
1938 545 1976 564 ιι-

1037 586 1324 619 commissionibus
1357 596 1413 618 seu
1439 586 1598 619 inauditis
1624 593 1656 619 ct
1681 587 1781 620 decl-t·
1792 574 1863 619 ¹1x=¹n
1868 578 1898 592 ω
1914 577 1977 598 ⁹⁰⁹

1037 639 1217 672 rationibus
1253 639 1415 672 bibendis
1443 639 1473 671 in
1500 639 1603 672 causis
1638 641 1782 682 plerum-

1013 703 1100 742 que
1126 691 1206 725 siunt
1231 692 1474 735 suggestiones,
1500 692 1621 724 iustitia
1647 699 1781 735 postpo-

1013 743 1015 767 ='
1037 751 1141 784 natur,
1158 746 1242 778 idem
1270 745 1420 778 dominus
1446 751 1560 778 noster
1585 745 1727 778 decrevit
1753 752 1783 778 et

1014 795 1213 832 declaravit
1237 809 1313 831 suae
1351 798 1542 832 intentionis
1569 799 1637 832 sore
1654 825 1661 838 ,
1695 800 1782 842 quod

1014 875 1015 878 κ
1037 852 1193 895 deinceps
1219 862 1279 895 per
1305 862 1544 895 quamcumque
1569 851 1782 894 signaturam,

1037 916 1094 938 seu
1121 905 1377 944 concessionem,
1404 911 1458 937 aut
1483 905 1629 946 gratiam,
1656 905 1705 937 vel
1732 905 1783 938 lit-

1040 964 1123 991 teras
1162 958 1359 1001 apostolicas
1394 968 1453 1000 pro
1496 957 1784 991 commissionibus

1039 1022 1094 1044 seu
1114 1011 1285 1051 mandatis,
1308 1016 1363 1043 aut
1383 1011 1661 1044 declarationibus
1680 1010 1786 1044 liuius-

1040 1065 1139 1106 modi,
1163 1064 1290 1098 etiamsi
1316 1070 1403 1097 motu
1429 1064 1564 1108 proprio
1594 1070 1680 1097 etex
1699 1067 1786 1097 certa

1039 1118 1185 1158 scientia,
1212 1129 1248 1151 ae
1273 1118 1369 1150 etiam
1395 1124 1469 1150 ante
1495 1123 1614 1150 motam
1640 1118 1741 1156 litem,
1768 1128 1786 1150 a

1039 1171 1215 1204 Sanctitate
1236 1171 1299 1204 Sua
1316 1171 1559 1209 emanaverint,
1586 1171 1634 1203 vel
1654 1170 1693 1203 de
1715 1170 1784 1203 eius

1040 1225 1191 1257 mandato
1218 1224 1403 1263 faciendas,
1431 1225 1513 1256 nulli
1539 1225 1586 1256 ius
1612 1224 1673 1256 sibi
1693 1234 1786 1268 quac·

1040 1278 1134 1310 situm
1161 1277 1410 1321 quomodolibet
1436 1278 1578 1310 tollatur.

1084 1342 1148 1363 xtx.
1177 1330 1254 1362 ltem
1280 1330 1389 1370 voluit,
1409 1330 1513 1373 quod,
1531 1331 1555 1362 si
1583 1331 1653 1373 quis
1682 1331 1713 1362 in
1740 1331 1786 1363 in·
1812 1338 1981 1368 vtint-utadeu-

1042 1384 1194 1416 tirmitate
1213 1384 1407 1416 constitutus
1435 1383 1652 1426 resignaverit
1669 1383 1734 1416 sive
1753 1368 1857 1416 ingm'

1042 1438 1187 1470 Romana
1217 1435 1309 1470 Curia
1335 1437 1401 1470 sive
1425 1442 1515 1469 extra
1539 1437 1629 1470 illam
1651 1436 1786 1480 aliquod

1041 1490 1246 1530 heneficium,
1261 1491 1327 1523 sive
1342 1490 1545 1533 simpliciter,
1558 1491 1625 1523 sive
1640 1501 1677 1523 ex
1692 1493 1787 1523 causa

1041 1544 1288 1586 permutationis
1324 1543 1372 1575 vel
1405 1543 1483 1575 alias
1517 1543 1700 1583 dimiserit,
1733 1550 1788 1576 aut

1041 1596 1129 1628 illius
1155 1595 1367 1628 commend-ae
1405 1596 1564 1636 cesserit,
1590 1606 1647 1629 seu
1681 1597 1786 1640 ipsius

1041 1648 1192 1682 beneficii
1219 1649 1350 1682 unionis
1376 1649 1583 1682 dissolutioni
1609 1660 1788 1683 consense-

1043 1703 1103 1742 rit,
1141 1702 1238 1735 etiam
1272 1703 1384 1746 vigore
1421 1702 1672 1746 supplicationis
1710 1703 1787 1736 dum

1042 1762 1128 1790 esset
1153 1767 1250 1789 sanus
1282 1756 1449 1799 signatae,
1482 1762 1514 1789 et
1546 1761 1678 1799 postea,
1702 1757 1787 1790 infra

1042 1810 1154 1852 viginti
1176 1810 1244 1843 dies
1262 1820 1279 1842 a
1297 1810 1348 1842 die
1366 1820 1427 1853 per
1445 1811 1548 1853 ipsum
1566 1810 1787 1852 resignantem

1042 1863 1229 1906 praestandi
1256 1872 1436 1895 consensus
1462 1863 1723 1906 computandos,
1749 1863 1788 1896 de

1042 1916 1111 1959 ipsa
1136 1915 1322 1948 infirmitate
1349 1916 1538 1954 decesserit,
1562 1922 1593 1948 et
1614 1916 1719 1959 ipsum
1737 1917 1788 1950 be·

1041 1968 1193 2001 neticium
1226 1968 1337 2011 quavis
1375 1968 1568 2001 auctoritate
1601 1969 1789 2002 conferatur

1042 2031 1102 2065 per
1127 2021 1381 2064 resignationem
1406 2021 1453 2054 sie
1477 2022 1594 2055 factam
1610 2048 1618 2063 ,
1653 2021 1787 2055 collatio

1043 2075 1230 2108 huiusmodi
1261 2075 1302 2107 sit
1326 2075 1439 2115 nulla,
1466 2074 1639 2119 ipsumque
1666 2075 1789 2109 benefi-

1042 2129 1128 2161 cium
1154 2127 1368 2161 nibilominus
1388 2138 1446 2172 per
1464 2128 1590 2162 obitum
1615 2134 1788 2163 censeatur

1042 2192 1168 2215 vacare.

1085 2246 1136 2269 xX.
1157 2235 1236 2268 Item
1254 2235 1364 2275 voluit,
1380 2235 1478 2279 quod,
1496 2236 1523 2268 si
1542 2236 1709 2279 contingat
1724 2241 1786 2269 tam
1826 2241 1854 2261 ⁰⁰

1042 2289 1074 2322 in
1091 2289 1184 2322 Curia
1210 2299 1307 2332 quam
1333 2294 1422 2322 extra
1442 2289 1538 2322 alicui
1565 2300 1727 2333 personae
1746 2290 1787 2323 de

1042 2342 1223 2386 parochiali
1251 2341 1407 2383 ecclesia,
1429 2343 1478 2375 vel
1504 2342 1616 2385 quovis
1642 2343 1704 2376 alio
1730 2342 1787 2376 be·

1042 2394 1158 2429 neficio
1173 2394 1364 2428 exercitium
1383 2405 1476 2428 curae
1494 2395 1674 2428 animarum
1692 2406 1787 2439 paro-

1042 2449 1235 2482 chianorum
1261 2448 1511 2491 quomodolibet
1536 2448 1691 2489 habente,
1710 2460 1787 2492 pro-

1042 2503 1165 2542 videri,
1201 2502 1261 2535 nisi
1296 2503 1365 2545 ipsa
1389 2511 1531 2544 persona
1564 2501 1728 2544 intelligat
1755 2509 1788 2536 et

1042 2553 1300 2596 intelligibiliter
1328 2552 1419 2596 loqui
1444 2552 1524 2585 sciat
1546 2552 1700 2586 idiomate
1721 2554 1785 2586 loci

1042 2606 1097 2638 ubi
1124 2606 1260 2639 ecclesia
1296 2606 1345 2638 vel
1376 2604 1570 2639 beneficium
1597 2605 1785 2640 huiusmodi

1873 2239 1982 2261 nlunnatc.
