2182 3137
195 234 244 260 An.
262 234 292 259 e.
316 231 384 258 1732
429 223 495 257 376

250 547 279 567 De
296 550 378 568 testium

197 580 299 594 elau-*lne-

229 1821 273 1841 fleo
292 1825 383 1840 commu-

200 1847 304 1868 nicandae
354 1849 383 1866 tc-

200 1874 262 1894 stium
300 1873 382 1898 deposi-

201 1903 277 1921 tiones.

473 281 503 311 Si
521 285 618 311 autem
636 290 688 320 per
703 280 931 311 diffamationem
949 279 1134 320 procedatur,

393 330 622 360 examinandum
644 330 751 369 primo,
775 339 811 359 an
834 330 910 359 fama
933 333 983 359 aut
1004 328 1136 358 diffama-

395 380 434 410 tio
456 390 471 410 a
496 379 595 419 probis
610 384 638 410 et
655 379 784 409 honestis
807 379 879 408 viris
898 382 994 408 ortum
1013 377 1132 416 habeat,

393 439 487 469 eaque
509 429 670 459 diffamatio
692 438 751 458 non
773 428 863 458 semel
886 427 936 457 sed
965 427 1083 466 saepius
1099 426 1134 456 ad

392 487 478 508 aures
502 478 689 516 superiorum
714 476 893 516 pervenerit.

472 527 541 557 Post
563 527 781 557 accusationem
813 535 865 556 seu
887 525 1133 556 denunciatonem

395 586 446 606 ¹seu
481 576 712 606 dillamationem
727 600 734 613 ,
758 575 845 605 iudex
868 575 903 605 ad
927 574 1045 604 testium
1068 582 1136 602 exa-

394 627 588 656 minationem
611 625 758 662 deveniat,
782 634 797 653 a
819 624 926 663 quibus
948 622 1078 652 exhibito
1100 621 1135 649 (le

395 675 517 704 veritate
542 674 668 704 dicenda.
690 674 867 710 iuramento,
892 672 936 701 vel
960 672 1034 700 sacto
1050 669 1086 698 iis
1101 669 1135 698 de

395 724 518 753 veritate
540 723 665 753 dicenda.
686 723 715 752 in
740 723 847 752 virtute
864 725 982 750 sanctae
998 718 1136 748 obedien-

394 775 454 804 tiae
492 777 670 813 praecepto:
706 772 815 811 primo,
840 771 864 799 si
900 770 959 798 sint
991 766 1134 800 extranei„

394 823 573 861 generaliter
594 821 788 859 interrogabit
816 828 905 858 super
933 826 1034 848 eorum
1066 826 1137 855 qua-

394 872 544 902 litatibus:
569 871 674 901 deinde
697 878 786 908 super
809 867 966 906 praedictis
989 863 1137 903 capitibus

395 921 613 957 accusationi53
638 923 816 957 annotetque
838 917 927 953 diem,
951 922 1080 944 mensem
1104 922 1137 941 ac

395 981 528 1008 annum,
553 980 610 1010 quo
633 968 742 1006 singuli
776 970 864 996 testes
886 964 996 995 suerint
1027 962 1137 991 exami-

394 1021 456 1051 nati
472 1045 480 1058 ,
504 1024 531 1050 et
554 1026 757 1058 quaecumque
779 1014 985 1055 deposuerint,
1018 1012 1134 1041 demum

393 1069 509 1100 curabit
531 1073 562 1098 ut
587 1067 675 1097 iidem
699 1069 788 1095 testes
811 1072 898 1093 manu
923 1060 1044 1100 propri-tt
1067 1058 1134 1088 sub-

393 1119 526 1149 scribant
548 1126 615 1147 suas
638 1114 855 1155 depositiones,
880 1116 917 1146 et¹
942 1111 966 1140 si
989 1109 1043 1148 ipsi
1060 1109 1137 1138 litte-

394 1179 441 1199 ras
467 1168 618 1206 ignorant,
642 1167 790 1203 apponant
812 1163 867 1191 sua
890 1169 979 1190 manu
1011 1158 1135 1195 figuram

396 1219 515 1255 crucis,
539 1220 567 1245 et
589 1215 664 1245 alius
696 1223 734 1243 ex
755 1212 888 1251 ipsorum
910 1208 1046 1238 mandato
1069 1205 1137 1235 sub-

395 1267 507 1297 scribat
540 1263 708 1295 corumdem
743 1260 879 1295 nomina,
903 1255 1072 1287 annotando
1105 1263 1135 1283 sc

391 1316 511 1346 illorum
534 1314 615 1343 iussu
637 1309 856 1349 subscripsisse.

431 1375 470 1396 iv.
494 1365 545 1394 llis
568 1362 706 1403 peractiS,
731 1360 818 1390 iudex
834 1360 1004 1388 accusatum
1020 1364 1071 1384 seu
1087 1352 1137 1382 de-

394 1414 567 1445 nunciatum
592 1412 636 1441 vel
659 1410 843 1440 diffamatum
866 1405 986 1442 citabit,
1009 1411 1136 1441 eumque

393 1463 573 1494 examinabit
596 1469 684 1499 super
698 1457 866 1498 praedictis,
889 1465 948 1485 non
965 1452 1068 1490 semel,
1085 1451 1134 1481 sed

396 1514 460 1551 bis,
485 1513 531 1542 vel
556 1517 611 1547 ter,
636 1518 701 1539 cum
725 1506 879 1537 intervallo
902 1509 1020 1537 tamen,
1044 1504 1087 1538 ut,
1111 1500 1135 1529 si

396 1561 625 1593 contradictoria
650 1559 769 1593 dixerit,
793 1556 886 1595 possit
901 1562 936 1584 ex
951 1554 1005 1582 sua
1023 1551 1136 1580 conses-

394 1613 477 1641 sione
501 1609 659 1647 redargui3
683 1612 722 1644 et,
746 1606 769 1635 si
792 1614 866 1644 opus
889 1602 984 1637 suerit,
1002 1601 1036 1630 ad
1052 1608 1134 1629 reum

394 1659 627 1691 convincendum
650 1665 776 1695 eumque
798 1654 833 1683 ad
858 1653 1009 1682 veritatem
1038 1649 1136 1678 dicen-

395 1711 460 1740 dam
484 1707 705 1742 inducendum,
730 1707 868 1744 poterunt
895 1709 993 1730 coram
1016 1708 1048 1728 eo
1072 1707 1136 1737 pro-

395 1759 462 1790 duci
485 1762 583 1792 testeS,
607 1756 657 1795 qui
680 1755 776 1793 ipsum
799 1751 988 1782 convincant.

434 1817 464 1838 v.
487 1807 584 1837 Finito
606 1804 750 1839 examine,
772 1801 901 1831 dandum
924 1799 981 1829 erit
1003 1797 1059 1837 ipsi
1085 1806 1135 1827 reo

394 1857 545 1896 exemplar
567 1854 784 1893 depositionum
814 1849 934 1880 testium
957 1846 1137 1877 examinato-

396 1915 461 1936 rum
484 1906 547 1935 sine
577 1912 676 1933 eorum
709 1899 877 1930 nominibus
911 1906 976 1927 cum
1011 1895 1136 1925 termino

396 1954 578 1993 competenti
603 1953 636 1981 ad
661 1950 808 1980 faciendas
830 1957 899 1977 suas
931 1945 1135 1979 defensiones,

397 2009 436 2039 et,
460 2004 484 2033 si
507 2003 613 2033 delicta
637 2000 693 2030 sibi
717 1999 830 2029 obiecta
848 2006 904 2026 non
924 1996 1027 2031 diluat,
1045 2003 1137 2032 eaque

396 2053 456 2082 sint
480 2051 600 2091 probata
624 2049 806 2079 sufficienter
828 2046 872 2075 vel
896 2054 946 2085 per
962 2044 1005 2074 rei
1026 2043 1138 2073 conses-

397 2102 522 2138 sionem,
540 2103 589 2129 aut
606 2108 656 2138 per
679 2101 768 2127 testes
783 2105 852 2126 reus
868 2094 958 2125 suerit
972 2093 1135 2129 convictus,

398 2151 517 2190 poterit,
536 2149 651 2189 praevia
675 2147 824 2181 citatione,
842 2147 878 2175 ad
893 2144 1069 2174 sententiam
1091 2143 1138 2172 de-

399 2199 503 2237 reniri,
528 2204 555 2228 et
579 2207 645 2228 reus
670 2198 698 2227 in
723 2198 813 2236 poena
832 2195 895 2225 eius
911 2194 1017 2224 delicto
1040 2192 1138 2223 debita

396 2248 598 2278 condemnari.
621 2247 651 2277 Si
675 2255 743 2275 vero
764 2244 884 2275 diluerit
915 2242 1058 2281 legitime,
1081 2242 1138 2272 erit

397 2297 593 2327 absolvendus
627 2300 677 2326 aut
709 2293 902 2324 declarandus
923 2293 1073 2322 innocens.
1107 2292 1136 2322 Si

396 2351 492 2376 autem
517 2346 552 2376 de
574 2345 638 2375 eius
660 2344 827 2374 innocentia
850 2351 907 2372 non
924 2342 1008 2381 plene
1026 2342 1136 2370 consti-

397 2396 487 2433 terit,
513 2394 601 2425 debet
623 2393 734 2423 absolvi
767 2392 960 2421 nihilominus
974 2414 981 2428 ,
1005 2391 1136 2430 apposita

396 2444 529 2474 clausula
562 2454 596 2473 ex
631 2444 762 2472 hactenus
794 2442 916 2471 deductis
952 2440 1018 2480 quia
1053 2440 1137 2469 inno-

396 2493 492 2524 centia
515 2493 559 2523 rei
581 2501 638 2522 non
661 2491 716 2522 suit
738 2492 822 2531 plene
845 2490 976 2531 probata.

437 2551 475 2571 vi.
499 2542 528 2572 Si
552 2541 643 2571 abbas
664 2540 810 2579 generalis
832 2544 882 2570 aut
905 2539 1062 2578 hegumeni
1093 2539 1136 2569 vel

398 2590 488 2620 abbas
513 2590 682 2630 provinciae
704 2589 906 2619 commiserint
921 2589 1007 2619 alicui
1024 2593 1056 2618 ut
1071 2598 1137 2618 cau-

398 2648 459 2668 sam
484 2639 631 2668 examinet
655 2643 683 2669 et
706 2638 846 2668 iudicium
869 2638 964 2675 ferat,
988 2638 1012 2666 is
1035 2637 1136 2675 debet,

976 231 1158 256 BULLARIUM
1183 232 1339 258 ROMAMJM

1178 281 1294 320 primo,
1318 283 1460 313 terminos
1482 283 1629 315 facultatis
1650 294 1720 315 suae
1741 294 1799 315 non
1831 295 1916 315 exce·

1177 330 1257 368 dere,
1281 331 1331 361 sed
1354 331 1432 362 intra
1456 341 1504 362 eos
1523 341 1554 362 se
1576 333 1750 363 continere:
1774 334 1915 364 nimirum

1177 379 1202 408 si
1239 388 1362 409 examen
1399 381 1601 411 tantummodo
1636 382 1693 421 ipsi
1726 382 1915 412 commissum

1179 427 1284 465 suerit,
1320 437 1377 458 non
1413 429 1500 459 debet
1531 431 1707 460 sententiam
1742 430 1840 467 serre;
1872 440 1917 460 se-

1178 477 1293 515 cundo,
1318 478 1483 508 consectum
1505 483 1537 509 ut
1559 488 1646 518 supra
1680 488 1849 518 processum
1871 479 1916 509 iu-

1178 525 1326 562 dicialem,
1351 527 1526 567 propriaque
1548 537 1638 558 manu
1659 527 1871 567 subscriptum,
1888 531 1917 557 et

1178 574 1276 611 sigillo
1300 576 1468 605 monasterii
1492 576 1657 614 signatum,
1681 577 1861 607 transmittat
1881 576 1917 606 ad

1178 623 1373 662 superiorem.

1220 681 1266 702 vn.
1282 672 1415 703 Monachi
1431 683 1533 704 omnes
1551 684 1656 705 curare
1668 674 1792 705 debent:
1809 675 1916 714 primo,

1180 726 1211 751 nt
1233 722 1453 762 delinquentem
1476 724 1651 754 charitative
1675 729 1814 754 moneant
1836 724 1917 754 iuxta

1179 776 1314 801 sanctum
1337 772 1549 811 Evangelium,
1573 777 1730 812 antequam
1764 776 1919 802 accusetur

1181 821 1224 850 vel
1246 821 1457 858 denuncietur3
1477 822 1617 860 secundo,
1637 826 1678 859 ut,
1696 826 1838 861 quantum
1853 821 1918 851 fieri

1181 874 1297 909 potest,
1321 871 1431 900 evitent
1464 871 1587 900 formam
1621 871 1743 909 indicii,
1768 871 1918 910 multoque

1181 920 1273 957 magis
1306 920 1515 959 exceptiones,
1546 930 1620 959 quae
1653 920 1716 949 dari
1748 920 1842 950 solent
1873 919 1918 948 vel

1183 972 1302 1006 possunt
1325 973 1424 998 contra
1447 969 1664 998 solemnitatem
1696 968 1770 998 iuris
1799 968 1829 997 in
1853 976 1919 1007 pro-

1180 1026 1263 1046 cessu
1286 1017 1361 1046 facto
1383 1021 1411 1046 et
1432 1017 1580 1046 sententia.
1608 1017 1687 1054 lat-513
1711 1026 1778 1046 nam
1800 1016 1920 1046 institu-

1181 1070 1242 1095 tum
1272 1066 1487 1101 monasticum,
1512 1067 1588 1106 quod
1611 1067 1813 1105 assumpsere,
1837 1065 1920 1095 docet

1180 1124 1229 1145 eos
1259 1125 1317 1145 non
1352 1115 1529 1145 contendere
1552 1115 1679 1150 iudicio,
1704 1115 1753 1145 sed
1784 1115 1920 1154 propriae

1181 1164 1324 1194 voluntati
1340 1164 1527 1202 renunciare,
1548 1164 1759 1203 poenitentiam
1776 1172 1875 1202 agere,
1891 1167 1920 1193 et

1180 1222 1232 1252 pro
1255 1213 1376 1243 Domino
1399 1214 1470 1253 pati.

1220 1271 1279 1292 vm.
1312 1262 1374 1292 Non
1407 1262 1492 1292 debet
1520 1263 1549 1292 in
1582 1271 1613 1292 re
1635 1262 1692 1292 levi
1714 1261 1758 1292 vel
1781 1271 1816 1291 ex
1839 1261 1920 1290 mera.

1179 1312 1346 1351 suscipione
1370 1311 1433 1341 fieri
1456 1311 1606 1341 accusatio
1628 1315 1678 1340 aut
1708 1310 1917 1346 denunciatio;

1179 1362 1228 1391 sed
1253 1361 1282 1390 in
1305 1361 1412 1390 delicto
1428 1361 1511 1398 gravi
1527 1364 1555 1390 et
1570 1365 1650 1390 certo
1666 1360 1711 1389 vel
1727 1360 1809 1399 quasi
1826 1364 1917 1390 certo.

1179 1410 1249 1439 Item
1282 1409 1317 1439 ab
1350 1410 1538 1439 accusatione
1570 1409 1767 1439 excluduntur
1789 1408 1917 1446 ebriosi,

1179 1459 1382 1497 detractores,
1407 1459 1558 1495 iracundi,
1588 1463 1639 1488 aut
1670 1457 1819 1488 similibus
1841 1457 1920 1487 vitiis

1179 1508 1364 1546 laborantes,
1390 1508 1462 1547 qui,
1488 1508 1569 1547 prius
1597 1508 1768 1546 frequenter
1800 1506 1917 1543 moniti,

1179 1558 1325 1587 emendati
1349 1567 1406 1586 non
1431 1557 1560 1593 fnerint3
1584 1561 1612 1586 et
1644 1556 1693 1596 qui
1727 1565 1796 1585 voce
1823 1555 1920 1585 activa

1179 1611 1206 1636 et
1230 1607 1341 1645 passiva
1367 1606 1472 1645 privati
1504 1610 1593 1643 sunt,
1623 1606 1710 1635 iidem
1734 1614 1791 1634 non
1813 1603 1921 1634 debent

1179 1665 1193 1684 a
1216 1655 1313 1684 iudice
1337 1656 1371 1684 ad
1396 1655 1595 1684 testimonium
1622 1653 1747 1689 admitti,
1772 1653 1846 1683 bene
1876 1657 1920 1682 ta-

1181 1715 1246 1734 men
1279 1705 1314 1734 ad
1351 1704 1599 1733 informationem.
1632 1703 1752 1739 Quando
1784 1712 1851 1732 vero
1884 1711 1919 1732 ex

1180 1763 1317 1793 processu
1342 1753 1507 1783 constiterit
1523 1753 1692 1782 innocentia
1710 1752 1849 1789 accusati,
1870 1751 1921 1781 de-

1180 1802 1226 1832 bet
1259 1812 1273 1831 a
1308 1802 1403 1832 iudice
1436 1806 1588 1831 accusator
1614 1801 1644 1830 in
1674 1802 1768 1840 poena
1800 1799 1920 1830 talionis

1179 1851 1380 1880 condemnari.

1219 1910 1258 1929 ix.
1282 1900 1310 1930 Si
1333 1900 1485 1935 delictum,
1499 1899 1533 1928 de
1549 1908 1607 1938 quo
1619 1899 1686 1938 quis
1699 1902 1854 1927 accusatur
1869 1900 1919 1926 aut

1179 1950 1376 1980 denunciatur
1392 1949 1435 1978 vel
1453 1949 1633 1988 inquiratur,
1648 1957 1705 1977 non
1721 1947 1808 1977 suerit
1824 1946 1920 1986 publi-

1180 2009 1258 2038 cum,
1283 2008 1387 2029 curare
1410 1998 1496 2027 debet
1518 1997 1610 2027 iudex
1632 2006 1668 2026 ne
1691 1997 1763 2026 illud
1786 1996 1917 2034 evulget,

1180 2048 1229 2078 sed
1252 2051 1399 2077 secretum
1424 2050 1530 2082 servet,
1555 2050 1697 2086 qnantum
1721 2045 1784 2074 fieri
1811 2047 1917 2084 potest.

1221 2107 1248 2127 x.
1273 2098 1327 2133 Qui
1350 2097 1560 2137 poenitentiam
1582 2101 1685 2136 sponte
1716 2096 1812 2125 facere
1835 2103 1919 2125 recu-

1180 2148 1301 2184 saverit,
1325 2147 1463 2186 compelli
1481 2147 1587 2186 poterit
1602 2155 1654 2185 per
1669 2154 1821 2175 censuras.
1838 2143 1918 2180 Quod

1181 2197 1204 2226 si
1227 2197 1297 2227 istas
1322 2200 1458 2236 proterve
1481 2195 1636 2235 spreverit,
1655 2195 1768 2224 acriora
1791 2193 1919 2224 remedia

1180 2246 1392 2282 adliibeantur;
1417 2254 1533 2284 semper
1556 2249 1652 2274 lamen
1668 2243 1767 2274 habito
1783 2247 1919 2282 respectu

1180 2295 1420 2325 circumstantiae
1449 2294 1506 2323 loci
1521 2318 1528 2332 ,
1553 2293 1693 2332 temporis
1715 2297 1743 2322 et
1766 2301 1917 2332 personae.

1278 2344 1347 2374 ΟΜ».
1373 2343 1408 2372 ΙΙ.
1433 2361 1468 2365 ——
1493 2343 1531 2372 De
1553 2342 1643 2381 culpis
1664 2346 1689 2371 et
1709 2343 1817 2381 poenis.

1259 2393 1329 2423 Cum
1353 2392 1576 2422 constitutiones
1599 2391 1691 2421 nostri
1713 2390 1832 2422 Ordinis
1860 2399 1918 2421 non

1180 2442 1309 2480 obligent
1331 2441 1365 2471 ad
1397 2441 1533 2480 culpam,
1559 2440 1615 2470 nisi
1638 2444 1757 2479 propter
1789 2443 1920 2469 contem-

1181 2497 1260 2532 ptum
1283 2496 1311 2522 et
1334 2491 1503 2521 scandalum
1518 2515 1525 2529 ,
1549 2490 1600 2520 sed
1621 2490 1715 2519 solum
1738 2489 1868 2528 obligent
1883 2488 1919 2518 ad

1181 2550 1304 2581 poenam
1328 2539 1595 2578 transgressoribus
1617 2538 1823 2577 infligendam,
1853 2539 1919 2569 ideo

1180 2589 1336 2619 dicendum
1359 2597 1438 2618 nunc
1460 2592 1504 2618 est
1526 2587 1562 2617 de
1586 2587 1688 2627 poenis
1710 2596 1784 2626 quae
1803 2587 1838 2617 ad
1853 2596 1919 2617 cor-

1181 2638 1345 2678 reptionem
1368 2637 1520 2676 culparum
1543 2637 1747 2676 imponuntur.

1924 238 1974 264 An.
1989 236 2020 264 C.
2040 236 2113 266 1732

1972 1274 2028 1295 Voce
2042 1275 2115 1295 activa

1931 1303 1951 1321 et
1966 1302 2053 1327 passiva
2071 1302 2114 1328 pri·

1932 1330 1973 1348 rati
1999 1329 2018 1348 in
2047 1330 2112 1348 testes

1930 1360 1970 1375 uon
1979 1355 2113 1375 admittendi.
