2182 3137
78 235 127 262 An.
145 232 176 261 C.
191 233 262 261 1734

92 939 154 960 nicia
170 946 256 960 coneor-

72 967 107 988 dia
114 968 256 988 confirmatur.

893 239 1033 263 CLEMENS
1058 240 1102 264 ΧΠ
1127 240 1174 264 ΡΡ.

271 283 349 321 gnati
372 284 432 315 tilio
454 285 600 325 quondam
624 286 735 317 Camilli
759 286 906 325 Romano,
931 288 1011 317 testi—

271 331 324 361 bus
347 332 382 362 ad
404 334 549 373 praedicta
572 335 667 364 omnia
692 340 719 364 et
741 335 854 373 singula
879 336 1008 372 vocatis,

271 381 378 411 habitis
400 383 568 421 specialiter
590 388 676 423 atque
699 385 820 422 rogatis.

311 430 358 460 Fr.
385 431 534 462 Nicomt‘s
551 434 703 463 Axroxirs
722 433 939 471 Scumrrixan,
963 443 1010 471 ge-

270 480 390 510 neralis.
408 499 445 503 —
469 481 516 511 Fr.
543 481 725 511 Faxxciscrs
747 482 919 517 Caxniow,
945 491 1010 521 pro-

270 533 389 559 curator
405 530 573 568 provinciae
596 531 738 560 Baeticae.

310 576 365 607 Pro
401 578 520 608 domino
552 579 680 609 Antonio
713 579 861 608 Bouifacio
895 580 1007 617 Senepa

268 634 424 656 causarum
457 627 560 657 Curiae
583 628 727 667 Capitolii,
753 627 868 667 publico
900 627 947 657 Dei
981 632 1007 657 et

268 674 455 713 apostolicae
477 676 558 707 Sedis
581 677 673 714 gratia
706 677 832 713 notario,
864 676 898 705 de
926 685 1008 715 prae-

268 723 367 753 missis
390 729 501 763 rogato,
519 734 571 763 ego
589 725 770 754 Fam—,iscus
788 724 927 753 Axenus
944 724 1009 754 Dm-

269 779 355 802 MiLLA
393 773 581 803 connotarius
609 783 747 812 praesens
777 773 1006 803 instrumentum

267 820 428 861 subscripsi
452 827 480 852 et
502 822 647 862 publicavi
671 826 797 861 rogatus,
823 827 877 852 etc.

347 869 415 899 Loco
430 872 448 908 ἦ·
467 871 550 909 signi.

310 924 325 967 ἓ
350 923 382 957 2.
410 924 486 957 Cum
512 931 640 965 autem,
667 927 750 958 sicut
776 926 888 958 cadem
916 936 1009 969 expo-

267 977 340 1011 sitio
366 978 609 1022 subiungebat,
635 979 738 1012 dictus
765 979 903 1012 Didaeus
930 979 1008 1012 assi-

265 1036 355 1063 stens
380 1033 555 1073 generalis
582 1032 768 1075 praemissa,
795 1042 860 1074 quo
883 1031 1008 1064 firmius

265 1083 443 1117 subsistant
468 1091 500 1117 et
523 1091 696 1117 serventur
714 1086 865 1125 exactius,
882 1092 1009 1129 aposto-

265 1137 399 1170 stolicae
425 1137 680 1172 confirmationis
707 1145 833 1172 nostrae
869 1140 1009 1181 patroci-

1691 233 1754 265 (3⁶27
1801 242 1850 268 An.
1873 243 1901 269 e.
1921 244 1988 271 1:34

1053 298 1152 331 super
1177 290 1427 332 quomodolibet
1452 290 1697 331 intervenerint,
1720 302 1794 335 sup-

1053 342 1188 383 plenius.

1097 395 1111 437 §
1134 395 1165 428 3.
1195 396 1423 437 neem-nentes,
1450 398 1578 431 easdem
1606 404 1793 441 praesentes
1843 413 1989 443 mmmmm

1053 448 1177 481 litteras
1203 448 1328 489 firmas,
1353 451 1473 483 validas
1499 457 1530 483 et
1560 451 1706 483 efficaces
1732 440 1923 485 exi—iiifsffs‘fsu'n
1957 442 1990 459 Μ’

1053 506 1139 533 stere
1167 507 1198 533 et
1223 502 1311 541 fore,
1336 514 1476 547 suosque
1504 505 1665 547 plenarios
1691 511 1720 537 et
1746 504 1794 536 in-

1055 558 1164 594 tegros
1198 555 1331 587 etl'ectus
1370 557 1479 589 sortiri
1507 563 1536 588 et
1562 557 1729 596 obtinere,
1757 569 1792 589 ae

1054 605 1134 643 illis,
1161 606 1199 638 ad
1227 618 1308 650 quos
1334 614 1458 650 spectat
1492 615 1523 642 ct
1557 620 1614 651 pro
1646 616 1792 652 ternpore

1053 659 1322 704 quandocumque
1349 662 1523 703 spectabit,
1545 663 1575 694 in
1595 664 1744 695 omnibus
1764 670 1794 695 et

1053 721 1111 752 per
1137 712 1246 744 omnia
1271 713 1464 755 plenissime
1489 714 1670 757 suffragari,
1699 722 1729 747 et
1753 717 1793 748 ab

1053 765 1098 796 eis
1124 765 1305 808 respective
1341 766 1575 800 inviolabiliter
1611 768 1794 808 observari,

1052 817 1162 861 sicque
1196 818 1226 850 in
1254 819 1439 862 praemissis
1476 831 1536 863 per
1572 832 1793 864 quoscumque

1053 871 1172 903 iudices
1208 872 1392 906 ordinarios
1417 879 1447 906 ct
1474 874 1638 917 delegatos
1655 902 1662 914 ,
1697 875 1792 907 etiam

1051 935 1218 957 causarum
1245 926 1354 968 palatii
1383 927 1550 969 apostolici
1576 928 1740 961 auditores
1759 940 1793 961 ac

1053 977 1157 1011 dictae
1184 978 1274 1011 Sedis
1296 979 1441 1019 nuncios,
1461 980 1598 1013 iudicari
1618 987 1648 1013 et
1667 981 1793 1014 definiri

1053 1032 1193 1072 debere,
1222 1043 1257 1065 ac
1293 1034 1418 1066 irritum
1446 1040 1477 1066 ct
1512 1035 1606 1067 inane
1640 1035 1663 1066 si
1699 1046 1792 1067 secus

1052 1096 1153 1128 super
1175 1086 1225 1118 liis
1250 1098 1266 1119 a
1291 1097 1474 1130 quoquam,
1507 1088 1619 1130 quavis
1653 1089 1793 1121 auctori-

1053 1143 1136 1178 tate,
1163 1140 1304 1173 scienter
1322 1142 1371 1174 vel
1394 1141 1597 1184 ignoranter,
1619 1143 1794 1185 eontigerit

266 1191 319 1223 nio
351 1191 543 1224 communiri
570 1201 778 1235 summopere
803 1191 1006 1225 desideret':
1053 1194 1214 1225 attentari.

266 1254 344 1284 nos,
371 1243 474 1287 ipsum
502 1244 653 1278 Didaeum
680 1245 884 1278 assistentem
911 1255 1008 1285 gene-

265 1297 366 1330 ralem
391 1297 588 1340 specialibus
627 1298 790 1331 favoribus
828 1304 860 1331 et
895 1299 1007 1342 gratiis

263 1350 420 1394 prosequi
447 1351 618 1391 volentes,
646 1357 677 1385 et
708 1363 725 1384 a
753 1351 919 1395 quibusvis
955 1362 1008 1385 ex-

264 1404 596 1445 communicationis,
633 1405 859 1448 suspensionis
887 1411 919 1439 et
955 1405 1005 1438 in-

266 1457 394 1490 terdicti
414 1485 421 1499 ,
449 1458 587 1502 aliisque
617 1459 847 1492 ecclesiasticis
879 1464 1008 1492 senten-

266 1510 329 1551 tiis,
350 1512 498 1545 censuris
520 1517 551 1545 et
564 1513 691 1556 poenis,
711 1523 727 1545 a
746 1512 813 1546 iure
832 1513 880 1546 vel
899 1513 1008 1546 ablio-

265 1564 365 1606 mine,
380 1565 493 1609 quavis
512 1566 684 1599 occasione
706 1568 753 1599 vcl
768 1566 863 1600 eausa
882 1567 965 1606 latis,
982 1567 1007 1600 si

266 1618 383 1662 quibus
415 1619 665 1663 quomodolibet
691 1620 865 1653 innodatus
891 1621 1008 1662 existit,

264 1672 303 1704 ad
323 1671 474 1705 effectum
487 1673 706 1716 praesentium
721 1674 884 1707 dumtaxat
898 1684 1009 1707 consc-

264 1726 454 1768 quendum,
484 1727 597 1759 harum
624 1727 710 1760 serie
736 1726 944 1760 absolventes
977 1733 1009 1760 et

264 1779 448 1812 ahsolutum
478 1780 546 1813 fore
577 1785 769 1819 censentes,
797 1780 1008 1824 supplicatio-

264 1832 360 1866 nibus
386 1833 455 1866 eius
480 1833 612 1867 nomine
638 1835 731 1867 nobis
749 1845 849 1877 super
867 1835 931 1867 lioc
950 1835 1008 1866 liu-

263 1886 385 1919 militer
411 1887 569 1930 porrectis
595 1887 739 1920 inclinati
761 1915 768 1927 ‚
802 1888 841 1920 dc
879 1898 1007 1920 venera-

264 1940 377 1973 bilium
405 1940 536 1973 fratrum
563 1946 749 1974 nostrorum
771 1941 802 1974 S.
827 1941 862 1974 lt.
884 1941 918 1973 E.
939 1952 1007 1973 car-

264 1992 421 2026 dinalium
439 2022 447 2035 ,
473 1993 615 2037 negotiis
649 2000 680 2027 et
713 1994 1005 2028 consultationibus

265 2046 492 2091 episcoporum
518 2053 548 2080 et
573 2047 769 2090 regularium
808 2047 1005 2091 praeposito-

263 2110 357 2141 rum,
385 2101 438 2144 qui
465 2111 533 2134 rem
560 2100 705 2144 undique
731 2107 854 2134 mature
889 2101 1005 2134 discus-

263 2160 386 2195 serunt,
413 2154 556 2195 consilio‚
573 2155 776 2188 concordiam
795 2155 881 2188 inter
894 2161 1003 2198 partes

263 2208 446 2251 praedictas
469 2208 596 2249 initam,
616 2214 651 2241 ut
676 2209 868 2252 praefertur,
896 2209 1004 2242 cousc-

264 2267 414 2306 clamque
439 2262 582 2306 desuper
608 2261 801 2306 scripturam
821 2262 1004 2305 praeinser-

264 2321 354 2356 tam,
379 2326 452 2348 cum
490 2316 641 2348 omnibus
673 2321 704 2348 et
735 2315 870 2358 singulis
904 2315 935 2347 in
968 2317 1004 2347 ca

264 2369 438 2409 contentis,
457 2369 648 2402 auctoritate
671 2368 868 2412 apostolica,
893 2374 1003 2401 tenore

263 2422 501 2466 praesentium,
529 2422 755 2455 confirmamus
785 2427 817 2454 et
844 2421 1004 2465 approba—

263 2486 346 2517 mus,
371 2476 499 2519 illisque
521 2475 718 2509 inviolabilis
737 2475 934 2518 apostolicae
953 2474 1004 2507 fu·-

262 2529 384 2562 mitatis
398 2529 498 2562 robur
512 2529 692 2568 adijcimus,
713 2540 749 2561 ac
768 2538 878 2560 omues
897 2533 928 2560 et
945 2528 1004 2560 sin-

263 2583 355 2626 gulos
380 2582 459 2615 iuris
485 2587 518 2615 et
543 2582 616 2615 sacti
643 2582 802 2622 defectus,
829 2582 854 2613 si
881 2581 933 2624 qui
954 2582 1004 2613 dc-

300 2647 309 2672 1
334 2645 403 2673 Edit.
425 2645 504 2672 Μαίη,
526 2644 592 2679 legit
611 2644 756 2672 desidera!
778 2649 818 2680 tn.
835 2646 884 2679 r).

1097 1247 1111 1287 ς’
1135 1245 1167 1278 4.
1194 1245 1262 1279 Non
1296 1247 1503 1280 obstantibus
1530 1249 1733 1292 praemissis,
1755 1260 1792 1282 ac

1053 1299 1339 1333 constitutionibus
1373 1306 1403 1334 et
1432 1302 1694 1335 ordinationibus
1719 1313 1794 1346 apo-

1053 1352 1200 1392 stolicis,
1235 1363 1387 1395 necnon,
1416 1361 1574 1398 quatenus
1611 1366 1692 1399 opus
1729 1356 1789 1397 sit,

1052 1405 1181 1438 Ordinis
1207 1417 1243 1439 ac
1267 1407 1450 1450 provinciae
1476 1409 1737 1452 praedictortun,
1760 1421 1793 1442 a—

1053 1459 1142 1492 liisve
1168 1459 1356 1503 quibusvis,
1384 1462 1478 1494 etiam
1504 1462 1696 1503 iuramento,
1722 1473 1792 1495 eon-

1054 1511 1235 1546 firmatione
1261 1514 1455 1556 apostolica,
1482 1516 1532 1548 vel
1559 1515 1668 1558 quavis
1695 1516 1793 1548 tirmi-

1054 1571 1116 1599 tate
1142 1567 1204 1599 alia
1237 1568 1416 1609 roboratis,
1448 1569 1574 1602 statutis
1601 1575 1631 1601 et
1656 1580 1791 1602 consue-

1055 1620 1243 1660 tudinibus,
1270 1620 1446 1664 privilegiis
1471 1633 1627 1666 quoquc,
1656 1622 1790 1655 indultis

1052 1679 1084 1705 et
1108 1673 1223 1706 litteris
1241 1675 1426 1717 apostolicis
1442 1675 1472 1707 in
1490 1675 1686 1708 eontrarium
1705 1686 1791 1718 prae-

1052 1727 1228 1761 missorum
1255 1728 1506 1771 quomodolibet
1528 1729 1699 1769 concessis,
1718 1739 1792 1761 con-

1053 1779 1186 1813 firmatis
1212 1787 1243 1814 et
1266 1781 1451 1821 innovatis·,
1490 1781 1609 1825 quibus
1642 1781 1792 1814 omuibus

1052 1840 1083 1867 et
1103 1835 1252 1877 singulis,
1273 1835 1401 1868 illorum
1422 1841 1548 1869 tenores
1567 1835 1792 1878 pi-a‹·sonti1ms

1051 1898 1110 1930 pro
1135 1888 1231 1930 plene
1267 1893 1297 1920 et
1333 1888 1531 1921 sufficienter
1564 1888 1723 1932 expressis
1756 1898 1790 1919 ac

1052 1941 1090 1973 de
1117 1941 1216 1974 verbo
1242 1941 1280 1973 ad
1305 1941 1435 1973 verbum
1461 1942 1589 1975 insertis
1615 1941 1789 1981 habentes,

1050 1993 1114 2027 illis
1139 1994 1218 2027 alias
1243 1994 1275 2026 in
1309 2004 1366 2027 suo
1399 1995 1516 2027 robore
1545 1994 1764 2037 permansuris
1782 2020 1789 2032 ‚

1049 2047 1087 2079 ad
1106 2048 1357 2090 praemissorum
1372 2047 1526 2086 ellectum,
1543 2048 1603 2080 liac
1617 2047 1681 2079 vice
1700 2047 1791 2079 dum-

1051 2107 1144 2141 taxat,
1161 2101 1346 2145 specialiter
1364 2107 1557 2145 etexpresse
1577 2102 1788 2144 derogamus,

1049 2155 1231 2199 ceterisque
1257 2154 1428 2187 contrariis
1455 2155 1729 2198 quibuscumque.

1093 2210 1107 2252 g
1144 2209 1175 2241 5.
1211 2208 1364 2241 Volumus
1393 2213 1500 2241 autem
1534 2214 1566 2240 ut
1602 2208 1789 2241 carumdem

1049 2262 1270 2305 praesentium
1283 2262 1462 2294 litterarum
1480 2262 1691 2304 transumptis
1708 2287 1715 2300 ‚
1731 2271 1789 2293 seu

1048 2316 1215 2359 exemplis,
1242 2315 1337 2347 eliam
1364 2314 1544 2357 impressis,
1572 2325 1669 2346 manu
1691 2314 1791 2347 aliou-

1048 2369 1096 2401 ius
1123 2369 1239 2401 notarii
1267 2368 1389 2411 publici
1409 2367 1611 2410 subscriptis,
1630 2373 1660 2400 ct
1681 2367 1789 2410 sigillo

1048 2432 1209 2465 personae
1236 2422 1267 2453 in
1295 2421 1518 2454 ecclesiastiea
1539 2421 1694 2463 dignitate
1714 2432 1791 2454 con-

1047 2476 1176 2508 stitutae
1213 2474 1364 2513 munitis,
1404 2474 1516 2506 cadem
1544 2484 1677 2516 prorsus
1711 2474 1790 2506 fides

1048 2534 1110 2561 tain
1137 2529 1169 2560 in
1196 2527 1314 2560 iudicio
1341 2532 1371 2559 ct
1398 2533 1487 2560 extra
1513 2527 1592 2560 illud
1620 2527 1790 2566 habeatur,

1048 2592 1129 2625 quac
1158 2581 1332 2614 baberetur
1351 2579 1428 2623 ipsis
1453 2581 1681 2623 praesentibus
1700 2579 1724 2611 si
1746 2580 1791 2613 fo-

1048 2640 1118 2667 rcnt
1145 2633 1310 2667 exhibitae
1330 2633 1378 2666 vel
1406 2638 1569 2666 ostensae.

1853 1259 1985 1281 Obstantiuiu

1804 1286 1924 1311 dem-gau«.

1842 2215 1904 2235 tutes
1929 2217 1984 2235 tran⁴

1801 2245 1889 2268 sumptis
1906 2242 1985 2262 danda.
