2182 3137
1669 234 1735 267 403
1780 243 1831 269 An.
1851 241 1881 269 c.
1896 241 1969 268 1732

1069 293 1193 325 visione
1214 293 1406 336 provinciae
1425 293 1585 327 Austriae
1605 292 1773 336 inferioris

1072 345 1209 379 Ordinis
1219 348 1364 390 fratrum
1377 348 1413 380 M
1414 348 1540 380 inorum
1551 347 1657 379 sancti
1666 346 1697 379 F
1696 356 1774 379 ran-

1070 400 1147 431 cisci
1164 400 1436 433 conventualium
1457 405 1719 444 nuncupatorium
1737 400 1774 432 in

1070 452 1154 484 duas
1188 455 1377 496 provincias
1412 455 1570 488 Austriae
1604 454 1774 496 inferioris

1070 516 1185 545 tinam,
1212 507 1352 539 alteram
1377 518 1449 540 vero
1474 508 1613 541 Silesz'ae
1645 512 1675 540 et
1700 508 1771 540 Mo-

1072 569 1194 591 ramae.

854 244 997 267 CLEMENS
1022 244 1067 266 xu
1092 245 1143 268 PP.

244 295 312 334 suit,
338 301 520 334 vereantur,
545 304 586 327 ne
605 294 668 326 hoc
685 297 855 336 praetextu
874 291 983 333 aliqua

243 349 351 381 forsan
373 348 433 381 sibi
451 348 594 389 desuper
611 351 777 378 moveatur
794 344 981 384 difficultas,

243 410 299 436 aut
333 401 555 444 impediantur
587 399 759 442 quominus
793 397 981 430 earumdem

244 455 424 488 litterarum
450 453 623 486 commodo
649 457 681 484 et
706 450 821 483 effectu
848 450 982 493 pacifice

243 508 340 551 potiri
365 509 512 540 valeant:
550 506 644 538 nobis
680 509 857 548 propterea
885 514 984 546 expo-

243 567 359 593 nentes
383 559 520 603 praesati
548 558 718 591 humiliter
742 556 918 600 supplicari
942 556 985 588 se-

243 619 358 646 cerunt
382 618 416 645 ut
437 613 468 644 in
494 612 683 655 praemissis
703 616 889 653 opportune
910 619 985 652 pro-

243 667 352 699 videre
381 672 412 699 et
441 671 476 698 ut
511 665 594 697 infra
628 664 800 705 indulgere
826 663 866 695 de
892 663 985 695 beni-

244 721 369 762 gnitate
394 719 576 762 apostolica
602 718 823 760 dignaremur.
846 716 908 748 Nos
927 716 985 758 igi-

246 779 308 813 tur,
336 773 424 816 ipsos
450 777 650 814 exponentes
676 770 872 813 specialibus
899 770 987 802 savo-

244 827 336 859 ribus
373 831 405 859 et
440 825 552 867 gratiis
579 824 733 867 prosequi
760 825 928 863 volentes,
955 829 988 855 et

245 891 357 913 eorum
384 880 566 921 singulares
591 888 748 921 personas
774 889 792 910 a
818 877 985 920 quibusvis

43 250 96 276 An.
117 248 147 274 C.
165 247 233 274 1732

1238 649 1375 675 Clemens
1396 650 1479 683 Papa
1499 651 1564 680 xn,

1171 693 1207 719 ad
1228 693 1364 719 futuram
1383 694 1429 720 rei
1444 695 1628 721 memoriam.

1074 773 1088 815 ξ
1106 772 1136 804 l.
1154 772 1274 816 Nuper,
1292 783 1350 815 pro
1369 779 1459 815 parte
1479 774 1672 806 dilectorum
1693 775 1771 807 silio-
1798 786 1891 818 suppia
1905 785 1971 805 imni-

1030 837 1098 858 rum
1125 826 1258 858 fratrum
1291 826 1478 869 provinciae
1513 827 1658 859 Austriae
1692 813 1968 863 inse-i'issniffl‘itifffi-‘L

1765 879 1771 885 .
1785 866 1900 885 obtinenda
1936 871 1958 884 se
1965 876 1970 879 -

1032 879 1126 911 rioris
1144 879 1273 912 Ordinis
1298 879 1457 911 Minorurn
1483 879 1585 911 sancti
1608 879 1904 917 F1·ancise1;‚ffl-.21..·ffl—.

121 2004 235 2029 Derventio

52 2034 214 2052 contrariorum,

245 932 601 971 excommunicationis,
628 931 852 975 suspensionis
888 936 920 963 et
940 932 987 962 in-

245 986 386 1023 terdicti,
411 986 546 1028 aliisque
562 985 790 1017 ecclesiasticis
804 984 986 1023 sententiis,

244 1039 394 1071 censuris
430 1044 462 1071 et
498 1039 623 1081 poenis,
650 1049 667 1070 a
692 1038 760 1070 iure
786 1039 835 1070 vel
861 1038 902 1070 ab
928 1039 986 1070 lio-

244 1093 340 1132 mine,
364 1092 474 1134 quavis
499 1092 669 1124 occasione
695 1092 744 1123 vel
770 1093 865 1123 causa
900 1091 984 1131 latis,

245 1146 271 1177 si
297 1146 416 1189 quibus
443 1145 692 1188 quomodolibet
717 1144 892 1176 innodatae
922 1144 987 1176 exi-

245 1204 344 1239 stunt,
372 1199 410 1231 ad
438 1198 587 1231 effectum
616 1198 839 1241 praesentium
866 1198 987 1230 dumta-

244 1257 297 1285 xat
321 1252 602 1295 consequendum,
628 1253 741 1283 harum
768 1252 853 1283 serie
880 1252 987 1284 absol-

245 1312 365 1344 ventes,
392 1311 423 1337 et
442 1305 614 1337 absolutas
635 1306 703 1336 sore
722 1310 908 1344 censentes,
929 1305 987 1337 lui-

244 1358 384 1391 iusmodi
410 1358 707 1401 supplicationibus
733 1358 899 1397 inclinati,
926 1359 987 1391 sra-

245 1417 310 1445 tres
332 1411 430 1444 Tertii
451 1411 583 1444 Ordinis
606 1411 845 1454 provinciarum
866 1411 986 1444 Galliae

244 1476 281 1497 ac
316 1471 496 1497 conventus
532 1465 645 1497 beatae
677 1465 793 1498 Mariae
820 1465 986 1498 Miraculo-

246 1530 316 1550 rum
338 1519 377 1551 de
399 1518 484 1551 Urbe
504 1518 535 1550 in
556 1518 767 1561 praeinsertis
794 1518 910 1551 litteris
931 1530 987 1551 no-

246 1572 322 1605 stris
348 1573 386 1605 ad
413 1582 525 1604 omnes
553 1571 685 1604 effeetus
711 1572 790 1604 inibi
817 1583 986 1615 expressos

245 1625 496 1668 comprehendi,
522 1625 721 1668 easdemque
741 1626 864 1657 litteras
883 1625 987 1657 l'ratri-

245 1680 305 1711 bus
331 1679 505 1722 praedictis
524 1679 553 1710 in
575 1679 724 1710 omnibus
741 1685 772 1710 et
797 1689 857 1722 per
876 1680 986 1712 omnia

245 1732 437 1775 plenissime
471 1731 641 1774 sull‘ragari
673 1732 817 1770 debere,
848 1733 985 1775 perinde

245 1796 280 1817 ac
297 1786 321 1817 si
349 1785 388 1818 de
408 1785 488 1828 ipsis
509 1785 662 1817 fratribus
680 1785 847 1818 individua
865 1786 986 1819 mentio

245 1839 279 1871 in
305 1839 350 1871 eis
377 1839 458 1871 sacta
485 1839 615 1877 suisset,
641 1839 835 1871 auctoritate
857 1845 987 1882 aposto-

245 1891 326 1931 lica,
359 1897 472 1924 tenore
505 1892 749 1934 praesentium,
780 1893 985 1925 derernimus

247 1955 377 1987 quoque
403 1951 435 1977 ct
456 1946 673 1977 declaramus.

291 1997 305 2039 ξ,
329 1997 360 2029 3.
387 1998 456 2030 Non
473 1998 678 2029 obstantibus
693 1998 986 2031 constitutionibus

246 2056 279 2083 et
299 2050 560 2083 ordinationibus
581 2052 780 2093 apostolicis,
801 2052 986 2095 ceterisque

245 2104 419 2136 contrariis
445 2104 719 2148 quibuscumque.

288 2157 404 2190 Datum
435 2157 573 2197 Romae,
588 2159 673 2201 apud
691 2158 723 2191 S.
746 2159 877 2192 Mariam
892 2159 989 2192 Maio-

246 2221 327 2251 rem,
346 2211 406 2242 sub
433 2212 555 2244 annulo
581 2212 766 2253 piscatoris,
787 2213 838 2245 die
863 2224 881 2246 x
907 2213 987 2246 iunii

245 2274 428 2304 MDCGxxxn,
452 2264 658 2307 pontificatus
677 2267 777 2299 nostri
797 2278 882 2300 anno
901 2278 934 2300 u.

282 2327 342 2353 Dat.
363 2325 407 2353 die
428 2327 461 2352 10
481 2327 545 2353 iunii
570 2328 648 2362 1732,
671 2328 764 2363 pontis.
787 2337 857 2355 anno
879 2337 908 2355 u.

534 2381 566 2414 F.
595 2382 684 2415 card.
712 2382 898 2416 Omvssmus.

566 2515 670 2548 thlt.

248 2585 470 2627 Confirmatur
493 2585 656 2618 decretum
675 2586 944 2630 Conqreyaliom's
961 2598 991 2620 e-

290 2640 498 2682 piscopornm
533 2643 562 2672 et
587 2640 795 2682 reqularium
820 2651 918 2684 super
941 2641 991 2674 di-

1030 932 1296 966 Conventualitun
1322 938 1605 973 nuncupatorum,
1632 932 1773 974 Congre-

1031 986 1151 1027 gationi
1173 986 1408 1019 venerabilium
1432 986 1568 1017 fratrum
1587 991 1771 1018 nostrorum

1030 1040 1060 1072 S.
1088 1040 1124 1072 R.
1152 1039 1187 1072 E.
1216 1039 1429 1071 cardinalium
1461 1039 1601 1080 negotiis
1637 1045 1669 1071 et
1702 1050 1775 1071 con·

1031 1094 1261 1126 stillationibus
1276 1093 1506 1136 episcoporum
1529 1097 1557 1125 et
1575 1093 1772 1135 regularium

1031 1146 1236 1189 praepositae
1255 1146 1419 1188 exposito,
1439 1145 1544 1188 quod,
1564 1156 1636 1177 cum
1658 1146 1772 1178 eadem

1031 1199 1199 1242 provincia
1235 1199 1451 1231 conventibus
1478 1199 1510 1231 in
1537 1199 1620 1231 dieta
1647 1200 1774 1231 Austria

1031 1264 1067 1285 ac
1099 1252 1215 1285 Silesia
1249 1261 1280 1285 et
1304 1252 1443 1284 Moravia
1470 1258 1621 1284 constans
1648 1253 1773 1295 reperi-

1030 1313 1130 1346 retur,
1156 1306 1397 1340 consideratum
1425 1306 1546 1346 suerat,
1572 1317 1633 1349 pro
1658 1306 1771 1338 maiori

1032 1362 1163 1404 quiete,
1190 1366 1253 1393 tam
1282 1360 1466 1393 necessaria
1491 1360 1634 1403 regulari
1663 1360 1770 1394 vitae.

1032 1415 1118 1447 illam
1135 1415 1344 1458 separatione
1363 1414 1402 1447 de
1422 1414 1586 1456 praesenti
1606 1414 1771 1456 indigere,

1031 1479 1102 1501 cuin
1129 1467 1330 1510 experientia
1357 1473 1562 1509 compertum
1589 1467 1648 1506 sit,
1684 1468 1771 1510 quod

1031 1522 1115 1553 inter
1140 1521 1326 1553 Austriacos
1353 1531 1388 1552 ex
1415 1522 1479 1552 una
1512 1526 1540 1552 et
1578 1520 1712 1553 Silesios
1739 1531 1773 1551 ar

1030 1575 1174 1607 Moravos
1196 1585 1232 1605 ex
1251 1574 1352 1605 altera
1378 1573 1525 1616 partibus
1555 1580 1668 1606 mutua
1687 1580 1773 1606 tran-

1031 1628 1187 1670 quillitas,
1216 1626 1279 1658 nisi
1298 1625 1499 1667 provinciam
1524 1626 1710 1658 huiusmodi
1730 1637 1775 1659 sc-

1031 1680 1184 1723 parando,
1210 1679 1379 1711 conciliari
1400 1679 1610 1721 nequiveram
1630 1679 1773 1722 ideoque

1030 1733 1217 1777 praedictae
1260 1731 1513 1773 congregationi
1559 1731 1774 1764 cardinalium

1031 1786 1215 1829 supplicato
1250 1791 1284 1817 ut
1316 1785 1423 1818 denuo
1456 1785 1603 1817 eamdem
1640 1786 1773 1829 provin-

1031 1839 1112 1872 ciam
1140 1843 1316 1881 separaret,
1344 1838 1513 1870 formando
1539 1849 1635 1870 unam
1662 1849 1698 1871 ex
1726 1849 1776 1871 se-

1032 1899 1118 1936 ptem
1146 1893 1362 1926 conventibus
1398 1897 1429 1923 et
1466 1892 1600 1924 duarum
1628 1893 1774 1925 residen-

1033 1947 1166 1980 tiarum¹
1186 1946 1217 1978 in
1235 1945 1353 1977 Silesia
1378 1951 1409 1977 et
1433 1945 1571 1977 Moravia
1593 1946 1774 1978 consisten-

1032 2001 1125 2040 tibus,
1153 2006 1184 2031 et
1209 1999 1427 2041 relinquendo
1447 2000 1550 2031 solam
1572 2000 1771 2042 provinciam

1032 2053 1182 2086 Ausa-iae
1209 2052 1374 2084 inferioris
1402 2053 1484 2084 infra
1510 2058 1542 2085 et
1566 2063 1665 2095 supra
1690 2054 1775 2086 Ana-

1032 2119 1101 2140 sum
1138 2108 1281 2144 flumen,
1308 2116 1392 2148 quae
1419 2116 1535 2137 novem
1561 2106 1774 2139 conventibus

1032 2167 1063 2194 et
1079 2160 1176 2193 unico
1196 2159 1389 2192 monialium
1408 2160 1616 2198 monasterio,
1639 2170 1774 2202 quarum

1032 2224 1108 2246 cura
1141 2219 1280 2256 quatuor
1312 2212 1475 2255 religiosis
1510 2213 1607 2245 huius
1644 2213 1774 2255 provin-

1033 2269 1101 2300 ciae
1127 2267 1348 2305 committitur,
1374 2267 1556 2305 constabit3
1584 2272 1615 2299 et
1641 2267 1702 2299 liae
1726 2279 1774 2300 ra-

1034 2321 1138 2360 tione,
1166 2320 1369 2362 duarmnque
1396 2320 1636 2362 provinciartun
1663 2321 1776 2353 distin-

1033 2373 1139 2406 ctione
1160 2373 1345 2412 formanda,
1365 2373 1602 2415 querimoniae,
1627 2384 1710 2416 quae
1729 2374 1777 2406 in-

1034 2434 1082 2460 ter
1098 2428 1267 2470 utriusque
1289 2427 1431 2459 nationis
1451 2427 1621 2469 religiosos
1644 2433 1775 2461 exortae

1033 2486 1130 2520 sunt,
1158 2481 1351 2517 cessabunt;
1379 2492 1415 2512 ac
1441 2491 1501 2523 pro
1529 2481 1689 2513 eiusmodi
1722 2482 1776 2514 de-

1033 2534 1206 2567 stinatione
1244 2534 1482 2577 provinciarum
1519 2535 1705 2567 carissimus
1742 2535 1773 2567 in

1032 2588 1159 2621 Christo
1193 2588 1279 2620 tilius
1306 2592 1420 2619 noster
1445 2588 1579 2620 Carolus
1605 2588 1775 2631 llispania-

1069 2653 1079 2677 l
1099 2650 1211 2677 Videtur
1223 2649 1366 2684 legendum
1378 2650 1486 2677 duobus
1501 2651 1772 2686 ⁷-es11'dentz'z's(n.‘r.).
