2182 3137
40 267 87 293 An.
105 264 132 291 C.
157 262 223 291 ¹733

863 262 1004 288 CLEMENS
1028 263 1072 288 ΧΠ
1097 264 1147 288 PP.

231 323 303 345 rum
337 313 530 347 clericorum
563 312 760 355 regularium
785 311 892 344 Matris
914 311 967 345 Dei

231 366 422 400 Scholarum
449 366 574 399 Piarum
600 365 786 409 provinciae
812 366 967 399 Poloniae

231 425 263 454 et
287 420 488 460 Litbuaniae,
509 419 639 453 nomine
666 420 705 453 de
731 430 793 463 quo
818 420 849 452 in
875 420 966 460 actis,

231 479 373 508 actorem
399 484 435 507 ex
461 475 532 513 una,
552 481 583 508 et
603 474 817 507 reverendum
843 479 967 516 patrem

231 528 363 560 Paulum
389 527 576 571 Strylenslti,
601 532 847 570 procuratorem
873 537 969 570 gene-

231 581 331 613 ralem
357 590 525 613 causarum
558 580 743 623 provinciae
776 579 967 612 Litbuauiae

230 633 399 667 Societatis
424 634 514 674 Iesu,
541 634 673 667 nomine
691 634 814 677 pariter
838 633 877 666 de
903 644 966 677 quo

230 687 263 720 in
296 688 396 727 actis,
431 698 521 721 reum
559 693 754 721 conventum
793 699 830 720 cx
867 688 968 720 altera

230 741 394 784 partibus,
422 741 461 774 de
487 747 518 774 et
543 752 641 785 super
673 742 902 775 observatione
937 747 969 775 et

231 795 422 828 executione
440 795 679 828 constitutionis
696 795 889 828 sanctissimi
912 795 969 828 do-

230 848 310 880 mini
347 849 448 881 nostri
487 849 663 882 Clementis
700 849 805 892 Papae
832 849 883 882 XII
909 849 967 882 sub

231 902 339 934 datum
376 901 520 934 kalendis
556 902 631 935 maii
668 912 828 936 aincexxxi
864 903 968 936 editae

230 955 338 988 favore
379 956 573 989 clericorum
612 956 809 999 regularium
847 957 969 1000 Paupe-

228 1018 300 1041 rum
326 1008 434 1047 Matris
459 1009 534 1048 Dei,
557 1009 611 1053 qui
639 1021 654 1042 a
679 1010 805 1043 Srbolis
831 1010 893 1042 Piis
920 1011 970 1043 de-

229 1061 461 1103 nominantur,
507 1063 671 1106 rebusque
711 1063 782 1097 aliis
819 1064 852 1097 in
890 1065 969 1098 actis

230 1126 344 1149 causae
363 1122 394 1149 et
412 1127 580 1150 causarum
600 1118 800 1159 huiusmodi,
818 1119 855 1151 ad
878 1129 968 1162 quac,

230 1176 302 1210 etc.,
330 1171 484 1212 dicimus,
522 1173 723 1205 declaramus
751 1179 782 1206 et
807 1172 968 1206 definitive.

229 1223 475 1265 sententiamus,
494 1226 747 1269 suprascriptam
769 1219 970 1260 constitutio-

227 1287 302 1310 nem
337 1278 532 1311 sanctissimi
569 1279 689 1312 domiui
726 1281 827 1313 nostri
866 1280 969 1323 Papae

229 1332 268 1364 ad
294 1331 444 1371 litteram,
472 1339 502 1365 et
528 1339 624 1375 prout
642 1339 745 1374 sonat,
765 1335 832 1367 sore
852 1340 881 1367 et
900 1345 969 1367 esse

230 1386 473 1428 exequendam,
501 1392 531 1419 et
556 1387 587 1418 in
621 1387 771 1420 omuibus
798 1393 829 1420 ct
854 1398 913 1431 per
935 1399 969 1421 o-

229 1439 316 1472 mnia
328 1439 573 1480 observandam,
593 1447 689 1483 prout
711 1452 769 1484 per
783 1447 970 1485 praesentes

229 1493 344 1536 exequi
371 1498 402 1526 et
428 1493 592 1526 observari
620 1495 767 1527 volumus
794 1501 825 1528 et
843 1496 970 1529 manda-

230 1556 317 1587 mus;
359 1547 527 1590 signanter
563 1548 764 1581 declarantes
802 1549 832 1581 in
871 1560 967 1591 casu,

228 1600 360 1633 licuisse
386 1601 514 1634 clericis
540 1602 745 1644 regularibus
771 1603 970 1646 Pauperibus

229 1652 337 1686 Matris
362 1654 429 1694 Dei,
454 1666 471 1687 a
493 1654 620 1688 Scliolis
649 1656 711 1688 Piis
737 1656 967 1697 denominatis,

230 1708 341 1740 domus
367 1708 541 1748 Vilncnsis,
567 1710 714 1753 publicas
740 1711 869 1743 scbolas
895 1721 970 1754 ape-

232 1762 321 1803 rire,
348 1773 382 1795 ac
408 1763 504 1796 eliam
531 1763 628 1796 licere
654 1764 804 1797 scientias
830 1765 969 1798 maiores

230 1815 263 1848 in
290 1816 465 1859 praedictis
491 1817 559 1850 suis
592 1818 712 1851 scholis
744 1818 882 1861 publicis
909 1824 970 1851 tra-

230 1869 330 1910 dere,
357 1875 389 1903 et
420 1870 450 1902 in
479 1871 608 1904 easdem
642 1882 760 1916 pueros
785 1872 913 1906 nobiles
939 1878 970 1905 et

231 1922 346 1955 divites
373 1923 565 1964 admittere3
593 1930 623 1957 et
641 1936 700 1968 pro
719 1925 969 1968 praemissorum

231 1975 346 2009 effectu
372 1978 557 2011 mandatum
586 1979 624 2012 de
649 1979 857 2022 exequendo,
884 1984 916 2012 et
940 1991 970 2012 a-

229 2030 297 2063 liud
324 2031 550 2075 quodcumque
587 2032 727 2076 desuper
752 2033 970 2066 necessarium

231 2088 262 2116 et
287 2090 526 2128 opportunum,
561 2086 766 2118 decernimus
791 2092 822 2119 et
847 2087 971 2119 relaxa-

230 2147 311 2179 mus,
337 2148 373 2170 ac
398 2138 510 2181 exequi
537 2139 682 2171 volumus
710 2144 739 2171 et
765 2140 967 2179 mandamus,

231 2195 291 2223 etc.
311 2191 415 2224 —Ita
441 2192 651 2235 pronunciari
672 2204 731 2235 ego
751 2193 783 2225 C.
807 2193 971 2236 archiepi-

231 2254 344 2287 scopus
360 2244 546 2286 lconiensis,
561 2247 694 2279 nuncius
709 2247 916 2290 apostolicam.
929 2267 971 2270 ——

230 2298 316 2339 Lata,
337 2299 430 2340 lecta,
449 2306 479 2333 et
504 2300 680 2343 publicula,
700 2306 763 2333 etc.
782 2301 971 2335 STEPHANUS

231 2352 467 2386 Smnerrnssm
485 2354 771 2387 vicecancellarius
791 2370 817 2386 υ.
838 2355 971 2398 lnsuper

233 2406 308 2439 dicti
347 2406 458 2439 clerici
495 2409 662 2450 regulares
697 2408 866 2441 Societatis
899 2409 969 2442 Iesu

230 2459 418 2503 praemissis
438 2460 567 2494 minime
586 2461 839 2504 acquiescentes,
859 2473 875 2494 a
891 2472 971 2495 uuu-

230 2513 279 2546 cio
305 2518 414 2547 nostro
440 2513 574 2557 eiusque
601 2515 761 2547 sententia
779 2515 971 2558 appellatio-

231 2577 315 2607 nem,
342 2577 423 2610 quae
449 2567 487 2599 ab
516 2568 631 2601 codem
659 2568 785 2608 nuncio,
811 2574 907 2612 prout
924 2569 970 2601 iu-

231 2621 275 2654 ris
301 2627 378 2661 erat,
405 2621 524 2654 reiecta
550 2621 617 2663 suit,
636 2622 674 2654 ad
694 2633 751 2655 uos
777 2627 809 2656 ct
834 2623 971 2666 Aposto-

231 2675 325 2709 lieam
349 2675 467 2709 sedem
492 2675 772 2720 interposuerunt.

1646 253 1704 287 511

1055 313 1069 356 ἓ
1091 313 1123 347 5.
1151 313 1212 348 Nos
1231 314 1340 357 igitur,
1366 315 1419 358 qui
1439 324 1659 358 quascumque
1680 323 1752 346 eon-

1013 366 1174 399 tentioncs
1200 372 1231 400 ct
1251 367 1383 400 dissidia
1401 379 1417 400 a
1437 367 1598 410 religiosis
1623 367 1751 401 familiis

1011 429 1160 452 amovere
1195 421 1379 460 studemus,
1406 421 1593 454 eorumdem
1621 421 1751 454 clerico-

1011 482 1081 505 rum
1109 474 1304 515 regularium
1331 475 1510 518 Pauperum
1548 475 1654 508 MatrIs
1681 475 1750 517 Dei,

1011 527 1187 570 praecipue
1224 528 1308 561 circa
1345 529 1474 562 illorum
1512 530 1582 573 pias
1620 530 1750 564 scholas

1012 579 1043 612 in
1068 580 1195 614 civitate
1222 582 1365 615 l'ilncnsi
1385 583 1570 621 existentes,
1596 584 1753 627 tranquil-

1011 634 1092 666 litati
1120 639 1152 667 et
1178 635 1294 677 quieti,
1322 642 1475 677 quantum
1510 647 1581 669 cum
1616 637 1751 670 Domino

1011 698 1197 729 possumus,
1225 689 1399 722 consulere
1425 689 1603 732 cupientes,
1629 701 1752 733 eosque

1012 747 1043 773 et
1067 751 1178 773 eorum
1204 740 1348 783 singulos
1374 743 1568 785 specialibus
1588 744 1753 777 favoribus

1012 794 1169 837 etgratiis
1190 795 1343 838 prosequi
1365 796 1520 836 volentes,
1543 802 1605 829 eta
1623 798 1754 840 quibus-

1011 848 1058 881 vis
1084 849 1440 889 excommunicationis,
1470 850 1696 893 suspensionis
1722 857 1755 884 et

1013 901 1190 941 interdicti,
1217 903 1352 946 aliisque
1375 903 1605 936 ecclesiasticis
1623 909 1755 937 senteu-

1014 954 1083 995 tiis,
1110 956 1254 988 censuris
1280 962 1312 989 ct
1336 956 1468 999 poenis,
1496 967 1512 989 a
1544 957 1614 990 iure
1641 958 1689 990 vel
1715 957 1753 990 ab

1015 1007 1157 1050 bomine,
1174 1009 1285 1052 quavis
1303 1009 1474 1042 occasione
1490 1011 1539 1043 vel
1558 1012 1654 1043 eausa
1671 1010 1754 1051 latis,

1013 1061 1037 1094 si
1074 1061 1190 1106 quibus
1223 1063 1473 1105 quomodolibet
1504 1063 1652 1096 innodati
1688 1064 1755 1097 exi·

1013 1122 1112 1158 stunt,
1138 1117 1176 1149 ad
1203 1116 1350 1149 cll'ectum
1383 1117 1604 1161 praesentium
1631 1123 1754 1151 tantum

1013 1171 1291 1214 consequendum,
1314 1171 1428 1204 barum
1448 1171 1530 1204 serie
1549 1172 1755 1205 absolventes

1014 1230 1045 1257 et
1065 1223 1230 1257 absolutos
1261 1225 1329 1257 sore
1359 1230 1543 1265 censentes,
1571 1236 1607 1258 ae
1632 1225 1697 1258 litis
1724 1231 1755 1259 ct

1014 1288 1131 1310 causae
1168 1278 1430 1321 praedictarum,
1471 1279 1554 1312 inter
1595 1284 1754 1323 utrosque

1014 1331 1153 1364 clericos
1184 1333 1351 1374 regulares
1383 1333 1478 1373 olim,
1504 1339 1539 1365 ut
1571 1333 1756 1376 praefertur

1015 1385 1239 1429 pendentium,
1260 1391 1360 1418 status
1382 1392 1411 1419 ct
1431 1387 1555 1426 merita,
1577 1392 1609 1419 et
1634 1387 1754 1421 decreti

1015 1439 1117 1472 dietae
1136 1439 1403 1482 Congregationis
1421 1441 1663 1483 praedictorum
1689 1451 1756 1474 car-

1014 1493 1191 1533 dinalium,
1219 1493 1359 1535 negociis
1390 1494 1618 1537 cpiscoporum
1650 1501 1682 1528 et
1707 1506 1756 1529 re-

1014 1547 1176 1589 gularium
1203 1548 1472 1590 pracpositormu,
1499 1553 1534 1580 ut
1559 1549 1754 1592 praefertur,

1015 1601 1175 1640 emanati‚
1202 1611 1238 1633 ac
1275 1601 1459 1634 litterarum
1499 1602 1753 1645 apostolicarum

1014 1654 1088 1687 dicti
1116 1654 1282 1687 Benedicti
1305 1655 1569 1698 praedecessoris
1589 1667 1646 1699 pro
1669 1656 1756 1690 illius

1014 1708 1259 1741 confirmatione
1286 1709 1456 1749 editarum,
1481 1715 1512 1742 et
1536 1710 1631 1742 unius
1656 1721 1692 1743 ac
1717 1711 1758 1743 al-

1015 1763 1115 1795 terius
1140 1762 1407 1805 Congregationis
1430 1763 1635 1806 particularis
1664 1775 1757 1808 prae-

1014 1817 1119 1850 dictae
1145 1817 1379 1849 resolutionum
1406 1827 1461 1849 seu
1482 1817 1699 1858 decretorum,
1718 1829 1757 1851 ac

1015 1876 1197 1904 nostrarum
1224 1881 1283 1913 per
1307 1881 1386 1909 uos,
1412 1876 1444 1903 ut
1469 1872 1662 1914 praefertur,
1689 1873 1756 1905 edi-

1015 1930 1126 1963 tarum,
1153 1935 1188 1956 ac
1215 1924 1319 1963 Pauli,
1347 1924 1510 1966 Gregorii,
1537 1925 1668 1966 Urbani,
1687 1927 1758 1959 Ale-

1015 1977 1127 2010 xandri
1154 1983 1186 2010 et
1218 1977 1384 2019 utriusque
1415 1977 1590 2010 Clementis
1623 1980 1758 2022 praede-

1015 2041 1180 2064 eessorum
1229 2031 1496 2074 praedictorum,
1543 2032 1757 2075 primodietos

1015 2084 1151 2117 elericos
1187 2085 1353 2126 regulares
1386 2085 1632 2128 quomodolibet
1656 2087 1758 2130 respi-

1015 2137 1188 2177 cientium,
1215 2137 1396 2170 litterarum
1422 2138 1695 2181 apostolicarum,
1722 2150 1758 2173 ae

1016 2197 1207 2225 statutorum
1224 2191 1420 2231 huiusmodi,
1432 2198 1462 2225 et
1476 2203 1756 2237 quorumcumque

1015 2246 1047 2278 in
1074 2245 1222 2289 capitulis
1247 2246 1455 2288 generalibus
1481 2246 1754 2289 primodictortun

1016 2299 1204 2333 clericorum
1238 2299 1434 2341 regularium
1469 2300 1674 2333 conditorum
1707 2302 1758 2335 de·

1016 2358 1176 2387 creloruru
1195 2353 1339 2386 omnium
1354 2358 1385 2385 ct
1402 2353 1608 2396 singulorum
1627 2360 1756 2389 tenores

1017 2407 1111 2440 etiam
1150 2406 1294 2440 veriores
1330 2416 1365 2439 ac
1402 2407 1490 2439 datas
1527 2409 1755 2451 praesentibus

1016 2471 1075 2505 pro
1113 2462 1207 2505 plene
1235 2466 1266 2493 et
1290 2460 1488 2493 sufficienter
1524 2463 1685 2504 expressis
1721 2473 1757 2496 ac

1016 2515 1055 2547 (le
1081 2514 1178 2547 verbo
1204 2514 1242 2546 ad
1270 2514 1402 2546 verbum
1427 2513 1560 2546 insertis
1585 2514 1757 2556 liabenteS,

1016 2577 1142 2600 necnon
1164 2568 1252 2600 litem
1272 2572 1303 2599 ct
1324 2577 1454 2600 causam
1477 2567 1672 2608 huiusmodi,
1698 2580 1757 2612 per

1017 2622 1117 2655 dictos
1142 2622 1278 2656 clericos
1305 2622 1470 2664 regulares
1496 2622 1666 2656 Societatis
1686 2624 1758 2657 lesu

1017 2682 1130 2710 contra
1166 2675 1379 2720 primodictos
1418 2676 1554 2710 clericos
1589 2678 1757 2721 regulares

1756 263 1807 290 An.
1829 263 1856 288 C.
1877 262 1946 290 1733

1779 325 1876 345 Summus
1892 325 1945 346 Pon-

1764 353 1812 372 tisrx
1837 353 1946 373 huiusmo-

1763 382 1783 399 di
1801 380 1848 399 litet
1872 380 1899 399 ad
1924 385 1946 399 se

1762 408 1864 426 avoc-«tas
1888 412 1946 430 prur-

1762 439 1797 453 sus
1813 436 1925 458 extinguit.
