2182 3137
51 254 111 284 An.
121 251 151 281 C.
174 250 241 280 ¹732

122 2067 237 2093 verozano

52 2097 213 2119 contrariorum.

866 252 1008 278 CLEMENS
1032 253 1077 278 x11
1100 254 1149 278 Pr.

248 299 483 341 vocationibus,
510 300 799 345 suspensionibus.
824 301 991 335 limitatio-

248 352 364 394 nibus,
389 359 443 386 aut
467 354 540 388 aliis
567 354 739 388 contrariis
765 354 990 398 dispositioni-

247 405 308 439 bus
332 417 392 450 per
416 418 638 451 quoscumque
675 408 836 441 Romanos
863 407 990 441 Pontifi-

249 470 302 493 ces
327 471 534 495 successores
558 467 708 501 nostros,
734 472 770 494 ac
803 461 899 495 etiam
932 472 990 504 per

248 523 308 546 nos
346 519 378 547 et
407 514 525 548 Sedem
552 516 773 559 Apostolicam
810 515 988 558 praefatam

247 576 308 609 pro
334 571 481 611 tempore
509 568 664 601 faciendis
697 574 727 601 et
759 567 987 606 concedendis,

248 620 486 664 comprehendi
523 632 620 664 posse
657 623 707 655 vel
749 621 891 662 debere3
933 620 988 654 sed

247 683 379 717 semper
403 674 443 706 ab
465 674 528 707 illis
554 674 668 718 excipi,
695 679 743 714 et,
760 673 888 717 quoties
913 674 987 707 illae

247 727 454 768 emanabunt,
480 727 575 761 toties
601 727 632 760 in
656 727 841 770 pristinum,
867 733 897 760 et
915 738 987 761 eum

247 779 280 812 in
316 790 379 824 quo
416 787 489 814 ante
526 781 705 824 praemissa
740 781 988 824 quomodolibet

247 839 341 866 erant
357 839 475 867 statum
500 834 675 875 restitutas,
694 834 855 878 repositas
876 840 907 867 et
925 835 989 877 ple-

246 886 336 920 narie
355 887 578 930 reintegratas,
597 898 634 920 ac
652 887 692 920 de
710 898 793 920 novo
812 887 907 920 etiam
927 888 987 920 sub

247 951 452 985 quacumque
478 941 656 985 posteriori
683 941 756 974 data
784 952 843 985 per
868 942 987 975 dictum

245 995 440 1028 modernum
477 1000 508 1027 et
533 1005 591 1038 pro
619 1000 766 1039 tempore
794 995 986 1029 existentem

246 1047 436 1092 episcopum
462 1048 733 1091 Bisignanensem
766 1049 988 1093 quandocum-

246 1112 309 1145 que
335 1101 486 1144 eligenda
510 1113 702 1142 concessas,
730 1102 920 1146 validasque
957 1108 989 1136 et

246 1154 391 1189 efficaces
415 1155 484 1189 sore
509 1161 541 1189 et
566 1167 645 1196 esse,
667 1167 808 1200 suosque
827 1156 988 1200 plenarios

246 1213 278 1241 et
303 1209 446 1252 integros
472 1208 605 1242 ell'ectus
634 1209 741 1243 sortiri
769 1216 801 1242 et
825 1210 986 1250 obtinere,

245 1261 374 1306 illisque
399 1273 436 1295 ac
461 1262 603 1306 collegio
630 1273 685 1296 seu
703 1263 881 1296 seminario
900 1274 917 1296 a
936 1274 988 1296 no-

244 1315 295 1349 bis
319 1326 378 1359 per
399 1321 596 1359 praesentes,
614 1321 649 1348 ut
666 1316 858 1359 praefertur,
878 1321 987 1349 erecto

246 1368 447 1409 huiusmodi,
475 1368 627 1412 illiusque
649 1369 777 1412 pueris,
810 1370 984 1412 magistris,

245 1421 447 1463 officialibus,
473 1422 608 1466 aliisque
635 1422 790 1456 ministris
815 1423 846 1455 in
872 1434 910 1456 eo
928 1434 987 1466 pro

246 1481 392 1520 tempore
411 1476 623 1510 existentibus
641 1477 804 1520 praefatis,
827 1482 988 1521 perpetuo

245 1528 430 1572 suffragari,
469 1530 600 1573 sicque,
625 1535 657 1562 et
692 1541 758 1563 non
794 1530 891 1563 aliter
929 1541 988 1574 per

247 1592 470 1626 quoscumque
495 1583 617 1616 indices
643 1583 825 1617 ordinarios
853 1589 884 1617 et
902 1583 987 1617 dele-

246 1642 348 1680 gatos,
373 1637 467 1670 etiam
493 1647 662 1670 causarum
687 1637 797 1681 palatii
816 1638 985 1681 apostolici

246 1690 421 1731 auditores,
448 1701 484 1723 ac
504 1691 534 1724 S.
556 1690 593 1723 R.
620 1691 654 1724 E.
682 1691 872 1732 cardinales,
892 1692 985 1724 etiam

247 1743 286 1778 de
312 1744 414 1778 latere
441 1745 581 1788 legatos,
609 1744 845 1787 vice-legatos,
872 1745 987 1779 dictae-

247 1808 311 1841 que
336 1797 429 1831 Sedis
456 1798 612 1838 nuncios,
639 1798 776 1831 iudicari
804 1804 835 1832 et
859 1799 985 1832 definiri

247 1850 377 1891 debere,
397 1850 590 1894 irritumque
609 1857 640 1884 et
660 1851 756 1885 inane
782 1852 985 1885 decernimus

247 1902 274 1936 si
299 1913 391 1936 secus
426 1915 525 1948 super
551 1904 601 1937 his
626 1916 642 1937 a
668 1916 849 1948 quoquam,
875 1907 986 1950 quavis

250 1956 439 1990 auctoritate
465 1957 612 1998 scienter,
624 1959 672 1991 vel
688 1958 885 2001 ignoranter,
912 1969 987 1993 con-

248 2009 356 2053 tigerit
380 2010 541 2043 attentari.

291 2063 307 2107 5
327 2062 358 2096 8.
386 2063 455 2097 Non
475 2064 682 2098 obstantibus
700 2066 987 2100 constitutionibus

247 2120 280 2149 et
315 2116 577 2150 ordinationibus
614 2119 822 2161 apostolicis,
861 2130 986 2154 necnon

247 2169 435 2214 primodicti
460 2172 660 2212 monasterii,
689 2178 719 2205 et
743 2172 871 2206 Ordinis
897 2174 986 2208 cuius

247 2223 328 2258 illud
353 2223 466 2265 existit,
493 2225 589 2258 etiam
609 2226 801 2266 iuramento,
821 2227 988 2261 confirma-

247 2277 335 2311 tione
359 2278 546 2322 apostolica,
572 2279 620 2312 vel
646 2280 759 2323 quavis
786 2280 935 2314 firmitate
955 2292 986 2314 a-

246 2330 289 2364 lia
303 2331 476 2372 roboratis,
494 2332 623 2365 statutis
639 2338 670 2366 et
682 2333 984 2374 consuctudinibus,

246 2384 424 2429 privilegiis
449 2396 601 2430 quoque,
634 2386 769 2420 indultis
808 2391 838 2421 et
871 2388 986 2421 litteris

246 2438 444 2482 apostolicis,
459 2439 624 2483 quibusvis
638 2440 861 2484 superioribus
876 2446 906 2474 et
920 2452 987 2485 per-

247 2491 358 2531 sonis,
383 2502 419 2525 ac
443 2492 610 2536 quibusvis
635 2493 781 2536 collegiis
806 2503 861 2526 sou
892 2494 986 2527 semi-

1032 302 1255 345 derogatoriis,
1282 302 1419 347 aliisque
1436 302 1682 345 efficacioribus,
1705 304 1772 337 effi-

1032 355 1208 389 cacissimis
1227 362 1257 389 et
1275 356 1417 391 insolitis
1440 357 1605 398 clausulis,
1623 367 1659 390 ac
1676 357 1771 391 etiam

1032 408 1236 443 irritantibus
1261 416 1292 443 et
1317 411 1388 444 aliis
1416 411 1565 451 decretis,
1591 411 1623 444 in
1654 422 1772 454 genere

1032 462 1078 494 vel
1105 461 1137 494 in
1163 463 1277 506 specie,
1300 464 1395 497 etiam
1415 470 1500 497 motu
1519 464 1624 504 simili,
1640 476 1676 497 ac
1693 465 1772 498 alias

1033 513 1062 546 in
1090 516 1289 548 contrarium
1316 517 1573 560 praemissorum
1595 518 1773 561 quomodo-

1032 566 1110 599 libet
1124 569 1284 601 concessis
1299 575 1329 601 et
1343 570 1521 610 innovatis;
1538 571 1656 613 quibus
1675 570 1772 604 omni-

1032 619 1091 652 bus
1116 626 1147 653 et
1172 621 1320 664 singulis,
1346 623 1472 655 etiamsi
1492 624 1530 656 de
1557 623 1620 656 illis
1646 634 1773 657 eorum-

1032 683 1094 716 que
1131 674 1205 707 totis
1243 675 1410 708 tenoribus
1435 676 1594 719 specialis,
1612 676 1772 720 specifica,

1032 736 1184 770 expressa
1210 734 1240 761 et
1265 728 1449 769 individua,
1476 740 1512 763 ac
1538 731 1576 762 de
1600 731 1698 764 verbo
1733 731 1773 764 ad

1031 781 1173 820 verbnm,
1199 792 1265 814 non
1291 787 1397 814 autem
1423 792 1481 825 per
1505 783 1665 816 clausulas
1682 794 1775 826 gene-

1032 835 1115 867 rales
1140 834 1225 868 idem
1251 835 1477 879 importantes,
1503 837 1625 870 mentio
1644 843 1699 870 aut
1716 838 1774 871 ali-

1032 899 1094 931 qua
1108 888 1170 922 alia
1188 890 1346 933 exquisita
1363 890 1467 923 forma
1486 890 1524 923 ad
1540 890 1603 923 lioc
1620 891 1775 925 servanda

1032 941 1126 982 soret,
1148 942 1280 975 illorum
1306 948 1435 976 tenores
1461 943 1688 986 praesentibus
1714 955 1773 987 pro

1032 996 1127 1038 plene
1153 1000 1182 1028 et
1207 996 1405 1029 sufficienter
1427 996 1586 1040 expressis
1606 996 1773 1039 habentes,

1033 1049 1097 1081 illis
1123 1049 1203 1082 alias
1239 1050 1271 1082 in
1297 1060 1355 1083 suo
1381 1050 1501 1083 robore
1526 1051 1746 1094 permansuris
1763 1078 1770 1092 ‚

1033 1102 1189 1135 latissime
1214 1109 1244 1135 et
1269 1103 1460 1146 plenissime
1485 1109 1516 1136 et
1538 1115 1689 1148 expresse
1714 1105 1775 1137 hac

1032 1156 1099 1189 vice
1136 1156 1298 1190 dumtaxat
1333 1156 1555 1200 derogamus;
1594 1158 1774 1201 ceterisque

1032 1209 1202 1243 contrariis
1228 1210 1495 1254 quibuscumque.

1076 1264 1090 1306 ἓ
1115 1262 1143 1296 9.
1169 1263 1255 1296 Nulli
1281 1274 1359 1307 ergo
1385 1266 1517 1298 omnino
1543 1265 1715 1298 hominum
1740 1265 1774 1298 li·
1810 1275 1896 1297 Snncno
1916 1282 1968 1304 poe-

1785 1303 1847 1324 uatis.

1032 1322 1101 1350 ceat
1126 1317 1210 1350 lianc
1236 1317 1388 1360 paginam
1413 1323 1543 1352 nostrae
1561 1319 1773 1352 dismembra-

1032 1370 1136 1411 tionis‚
1164 1371 1400 1414 separationis,
1427 1372 1685 1415 segregationis,
1709 1383 1775 1407 ere-

1032 1424 1159 1465 ctionis,
1185 1423 1408 1465 institutionis,
1423 1425 1565 1465 unionis,
1583 1426 1773 1459 annexionis

1032 1483 1063 1510 et
1086 1478 1373 1521 incorporationis,
1401 1480 1622 1513 translationis
1637 1507 1644 1520 ‚
1670 1481 1775 1524 appli-

1032 1530 1166 1564 cationis
1202 1536 1234 1563 et
1270 1530 1476 1573 donationis,
1514 1533 1773 1575 commissionis,

1032 1584 1187 1624 mandati,
1211 1584 1397 1625 voluntatis,
1423 1585 1542 1618 decreti
1575 1591 1606 1619 et
1638 1587 1774 1629 deroga-

1032 1638 1129 1671 tionis
1155 1638 1339 1681 insringere,
1364 1639 1412 1671 vel
1438 1638 1465 1671 ei
1491 1649 1570 1672 ausu
1600 1640 1774 1673 temerario

1032 1692 1211 1733 contraire;
1248 1692 1274 1724 si
1301 1691 1373 1735 quis
1400 1697 1506 1725 autem
1531 1693 1592 1726 hoc
1616 1698 1775 1727 attentare

1032 1745 1298 1789 praesumpserit,
1334 1745 1594 1788 indignationem
1627 1748 1775 1792 omnipo-

1032 1799 1125 1832 tentis
1140 1799 1193 1831 Dei
1209 1809 1245 1832 ac
1261 1799 1429 1832 beatorum
1444 1799 1530 1832 Petri
1547 1806 1578 1833 et
1595 1800 1683 1834 Pauli
1702 1811 1775 1845 apo·

1030 1854 1189 1885 stolorum
1216 1852 1283 1886 eius
1310 1862 1343 1885 se
1368 1853 1496 1886 noverit
1520 1854 1740 1887 incursurum.

1075 1906 1188 1939 Datum
1215 1905 1336 1939 Romae
1353 1932 1360 1946 ,
1385 1906 1469 1950 apud
1496 1906 1528 1940 S.
1556 1907 1686 1941 Mariam
1712 1907 1774 1942 Ma-

1031 1959 1157 1999 iorem,
1190 1969 1275 1992 anno
1316 1959 1555 1993 Incarnationis
1591 1961 1775 1995 dominicae

1031 2022 1223 2053 unocxxxu,
1247 2023 1264 2045 v
1285 2012 1358 2046 idus
1383 2013 1540 2054 octobris,
1565 2014 1774 2058 pontificatus

1032 2066 1135 2100 nostri
1161 2077 1247 2099 anno
1277 2076 1325 2100 111.

1067 2130 1127 2157 Dat.
1145 2129 1191 2157 die
1214 2130 1246 2157 10
1265 2128 1386 2157 octobris
1410 2129 1492 2166 1732,
1514 2131 1618 2167 pontis.
1639 2140 1715 2161 anno
1734 2139 1774 2162 111.

1140 2185 1208 2213 Visa
1228 2184 1262 2211 de
1283 2185 1392 2213 Curia.-

1264 2240 1288 2273 l.
1312 2240 1461 2285 archiep.
1480 2242 1681 2286 Ancyranus.

1263 2294 1301 2327 Α.
1328 2295 1417 2327 card.
1444 2296 1682 2338 pro—datarius.

1318 2465 1478 2500 Lxxvllt.

247 2544 347 2578 nariis
363 2570 370 2584 ‚
397 2545 593 2589 illorumque
618 2546 798 2579 rectoribus
816 2574 823 2587 ,
849 2547 987 2592 aliisque
1031 2549 1244 2584 Moderanlur
1267 2550 1431 2595 quaedam
1455 2550 1582 2585 decreta
1603 2562 1664 2597 pro
1691 2563 1773 2598 pro-

247 2598 405 2642 personis,
421 2599 480 2632 sub
496 2599 754 2643 quibuscumque
771 2601 939 2635 tenoribus
958 2606 989 2634 ct

248 2652 369 2695 formis»,
387 2663 424 2687 ac
440 2663 512 2687 cum
531 2652 696 2698 quibusvis
712 2653 988 2698 derogatoriarum

1074 2604 1183 2638 vincia
1211 2605 1437 2649 conceptionis
1469 2606 1509 2639 B.
1544 2606 1672 2640 Mariae
1709 2607 1777 2641 Vir·

1073 2657 1162 2702 yinis
1187 2656 1324 2702 Ordinis
1347 2658 1514 2693 Minorum
1538 2658 1571 2693 S.
1603 2659 1777 2700 Francz'sci

1667 245 1732 280 467
1776 255 1829 284 An.
1847 256 1874 285 C.
1899 256 1965 285 ¹732
