2182 3137
44 225 98 252 An.
115 223 143 251 C.
166 224 232 252 1732

45 1888 167 1910 Gatheai-ae
177 1888 224 1909 sinis

863 226 941 247 cmm
948 225 1004 248 ENS
1029 226 1071 248 ΧΠ
1097 227 1147 250 Pl).

243 275 427 316 porrigens,
446 274 641 316 rescriptum
668 273 767 315 ipsius
789 283 882 304 mauu
911 283 982 304 exa-

243 331 345 358 ratum
367 326 527 364 obtinuit,
555 336 619 368 quo
645 325 802 357 moderno
827 324 980 365 magistro

243 380 386 421 generali
401 378 531 410 Ordinis
543 377 727 410 huiusmodi
742 376 884 418 benigne
897 387 982 409 com-

245 431 339 463 missa
358 437 389 463 et
405 431 570 473 impertita
595 430 654 462 fuit
678 435 864 472 opportuna
883 430 982 461 facul-

245 491 300 523 133,
319 490 362 522 ut,
382 484 640 526 quibuscumque
665 483 796 515 minime
822 482 981 515 obstanti-

243 537 314 575 hus,
341 536 514 579 privilegia
540 536 596 568 illa
620 536 834 574 concederet,
860 546 895 566 ae
920 541 981 567 sta-

235 595 311 622 tuta
327 590 493 628 conderet,
509 588 626 631 quilius
646 588 812 630 professor
826 587 895 630 ipse
919 588 979 619 frui

243 654 280 675 ac
305 642 423 685 potiri,
446 641 582 684 regique
608 641 789 682 respective
816 646 926 682 posset
950 646 982 673 et

243 696 399 727 deberet:
426 696 497 737 ipse
523 704 598 726 vero
625 693 778 735 magister
803 693 979 735 generalis,

242 749 274 780 in
300 748 363 780 vim
388 747 549 780 facultatis
583 746 644 778 sibi
671 747 710 778 ad
736 746 766 778 id
793 756 810 778 a
835 747 979 788 praefato

242 801 420 833 Benedieto
445 800 700 843 praedecessore
734 800 927 839 attributae,
952 806 979 833 et

241 853 433 886 auctoritate
459 853 555 885 etiam
580 854 647 891 sua,
666 853 837 896 privilegia
863 859 893 886 et
918 859 981 886 sta-

243 911 332 946 tuta,
360 906 486 938 favente
520 912 552 938 et
584 906 744 947 dirigente
770 906 803 938 in
829 907 981 939 omnibus

241 959 390 991 eumdem
429 958 582 991 loannem
622 959 820 991 [lominieum
859 960 980 992 dilecto

240 1011 306 1044 filio
331 1017 444 1044 nostro
465 1012 636 1045 Vincentio
659 1012 820 1045 Ludovico
837 1012 867 1044 S.
888 1013 924 1045 n.
943 1012 978 1044 E.

241 1065 407 1107 praefatae
445 1065 602 1098 cardinali
640 1065 733 1098 Gotto
769 1072 979 1109 nuncupato,

241 1118 361 1156 edidit,
381 1119 561 1162 eademque
576 1120 784 1162 postmodum
799 1120 982 1163 obsequen<

242 1176 290 1203 ter
316 1177 496 1214 acceptata,
515 1183 551 1204 ae
577 1184 593 1204 a
618 1172 785 1216 provincia
809 1173 981 1215 utriusque

241 1224 457 1258 Lonibardiae
483 1226 619 1268 praefati
644 1225 774 1258 Ordinis
797 1225 828 1257 in
855 1226 979 1265 diaeta,

242 1277 437 1310 auctoiitate
456 1279 552 1310 etiam
572 1279 750 1321 apostolica
768 1279 799 1310 in
818 1284 981 1311 conventu

241 1331 281 1363 ad
299 1330 330 1363 S.
347 1331 497 1363 Sabinam
514 1332 552 1364 de
568 1332 651 1364 Urbe
668 1344 695 1365 lx
713 1332 816 1364 martii
835 1342 981 1366 iinccxrtx

242 1387 362 1423 coacta,
388 1386 553 1428 publicata
578 1386 722 1418 fuerunt:
749 1392 781 1418 et
806 1387 843 1418 ad
871 1396 982 1418 eorum

243 1544 298 1587 qui
324 1543 503 1577 inclinante
539 1546 598 1577 iam
632 1545 767 1578 biennio
793 1546 981 1578 cathedram

242 1598 345 1641 ipsam
371 1599 532 1640 condigne
559 1600 757 1638 moderatur,
783 1600 814 1631 in
842 1610 982 1642 prunum

241 1651 334 1684 illum
360 1653 578 1694 professorem
612 1654 735 1685 electus
761 1659 792 1685 ct
818 1653 984 1685 institutus

242 1705 319 1737 fuit:
340 1711 371 1737 et
392 1706 479 1744 alias,
500 1712 596 1748 prout
612 1706 801 1739 continetur
818 1706 849 1738 in
868 1706 984 1738 iisdem

242 1759 423 1800 pl'ivdegns
450 1764 482 1791 et
507 1764 635 1791 Siamus
656 1764 778 1792 [enoris
800 1770 854 1802 (1¹¹¹
881 1770 986 1801 seqffl-
1007 1790 1009 1827 t
1030 1796 1097 1814 vere
1120 1785 1217 1814 idonei
1241 1786 1419 1824 professores
1448 1786 1655 1824 praeficiantur
1674 1811 1682 1824 ‚
1717 1787 1767 1825 qui

242 1816 307 1852 tur,
334 1812 483 1845 videlicet
501 1823 508 1844 :

244 1929 340 1967 logiae
363 1929 531 1968 professor,
555 1940 587 1959 ac
610 1927 699 1959 totius
721 1931 839 1961 Ordinis
870 1932 986 1961 Praedi-

244 1983 376 2008 catorum
390 1978 508 2007 humilis
522 1979 660 2016 magister
671 1980 817 2017 generalis
830 1990 984 2010 acserrus:

244 2028 315 2057 Cum
338 2027 522 2057 celeberrimi
545 2028 656 2056 domini
679 2029 845 2058 sacerdotes
863 2030 986 2067 insignis
1008 2029 1009 2033 ¹

243 2077 482 2115 Congregationis
500 2077 531 2106 B.
552 2076 657 2106 Mariae
675 2077 803 2115 Virginis
833 2083 861 2108 et
889 2080 986 2109 §.11:1-
1006 2094 1007 2105 ι

244 2125 298 2155 roli
317 2124 463 2163 Mutinae,
479 2125 638 2164 praepositi
654 2126 839 2156 universitati
855 2127 984 2157 eiusdem

243 2174 383 2212 civitatis,
398 2175 498 2213 utique
510 2184 575 2203 cum
588 2175 699 2212 ingenti
713 2175 810 2205 cordis
822 2177 914 2206 nostri
929 2178 986 2206 lae-

245 2224 322 2262 titia,
342 2224 371 2253 in
393 2223 675 2253 commendationem
697 2224 859 2254 tutissimae
878 2225 985 2255 doctri-

245 2281 299 2303 nae
321 2277 490 2302 sanctoruni
504 2275 619 2311 patrum
632 2272 789 2310 Augustini
804 2278 832 2302 ct
843 2273 982 2311 Thomae,

243 2325 330 2361 atque
352 2321 381 2351 in
404 2322 479 2359 grati
502 2330 602 2351 eorum
624 2322 715 2351 armni
739 2332 866 2361 perenne
882 2332 985 2353 monu-

243 2375 377 2400 mentum
410 2380 478 2407 erga
507 2371 724 2400 sanctissimum
754 2371 903 2401 dominum
933 2383 985 2402 no-

244 2423 340 2449 strum
373 2419 523 2449 dominum
557 2419 746 2451 Benedictum
781 2420 885 2460 Papam
924 2413 1007 2450 xllt'

244 2467 362 2498 Ordinis
385 2468 479 2497 nostri
502 2468 594 2497 tilium
611 2490 618 2502 ,
650 2472 843 2506 protectorem
877 2474 906 2499 et
938 2480 986 2508 pa-

245 2521 320 2548 trem
344 2517 425 2557 (qui,
449 2517 622 2556 suppliciter
646 2522 760 2556 petente
784 2518 814 2547 P.
835 2518 871 2548 M.
896 2519 986 2549 Fran-

243 2567 324 2596 cisco
356 2566 463 2596 Ioanne
485 2566 634 2596 Dominico
656 2567 690 2596 de
718 2566 846 2604 Agnanis
861 2591 868 2605 ,
892 2568 984 2598 eidem

246 2616 433 2646 universitati
454 2616 584 2645 lauream
607 2615 636 2645 in
652 2617 737 2645 sacra
753 2616 900 2654 theologia.
917 2627 986 2646 cou-

1659 217 1718 251 391

1023 273 1135 303 serendi
1156 274 1324 304 facultatem
1347 274 1472 312 benigne
1494 275 1698 312 confirmavit,
1722 279 1762 309 et,

1024 326 1169 359 quatenus
1191 332 1264 361 opus
1286 327 1374 359 esset,
1397 323 1431 352 de
1454 332 1527 353 novo
1549 323 1617 352 feeit
1638 333 1671 352 ac
1692 333 1763 353 con-

1023 371 1112 399 cessit
1143 371 1301 409 apostolico
1333 372 1476 410 rescripto
1508 381 1560 401 suo
1582 372 1636 401 sub
1657 372 1704 401 die
1726 382 1763 401 xx

1023 418 1186 448 decembris
1197 419 1266 448 anui
1278 428 1449 457 sinccxxvn,
1465 425 1584 459 tumque
1596 421 1764 459 apostolicis

1023 467 1111 495 etiam
1134 467 1243 496 litteris
1264 467 1293 496 iu
1318 468 1410 497 forma
1431 469 1531 498 Brevis
1554 469 1588 498 ad
1619 474 1762 498 rectorem

1024 514 1154 543 eiusdem
1177 515 1250 544 datis
1265 525 1333 545 xxm
1355 516 1427 545 iunii
1443 518 1638 555 noccxxvm),
1656 526 1760 546 novam

1024 567 1256 601 perpetuamque
1278 564 1429 593 erexerint
1451 565 1478 593 iu
1503 565 1620 595 laudata
1643 566 1764 595 unirer-

1024 611 1109 640 sitate
1145 611 1335 649 theologicam
1367 613 1535 642 cathedram
1572 614 1600 643 S.
1635 614 1762 645 Thomae

1023 659 1178 698 Aquinatis
1200 660 1442 698 nuncupandam,
1467 671 1587 700 eamque
1604 662 1764 692 liberaliter

1023 708 1052 736 in
1076 713 1251 747 perpetuum
1267 715 1366 738 nostro
1383 709 1554 739 donaverint
1572 711 1692 746 Ordini,
1712 711 1762 740 ab—

1023 757 1120 786 dicata
1142 766 1156 786 a
1179 766 1209 786 se
1236 762 1394 796 potestate,
1418 760 1511 797 eaque
1534 760 1563 788 iu
1588 764 1761 798 perpetuum

1023 814 1139 844 quoque
1162 806 1304 835 translata
1328 807 1357 835 in
1381 806 1455 835 filios
1478 808 1568 836 nostri
1602 812 1764 838 conventus

1023 854 1197 883 Mutinensis
1214 855 1380 894 provinciae
1397 856 1551 894 utriusque
1564 856 1764 894 Lonibardiae,

1024 904 1151 940 eligendi
1175 914 1226 943 pro
1249 904 1351 933 eadem
1376 905 1516 934 cathedra
1546 906 1763 944 professorem,

1024 956 1156 990 tempore
1176 975 1183 988 ,
1208 953 1320 982 ratione
1353 962 1385 982 ac
1407 953 1511 991 modo,
1543 953 1650 992 quibus
1677 953 1764 983 iidem

1025 1000 1206 1037 malueriut3
1230 1001 1345 1040 ipsique
1368 1002 1497 1031 vicissim
1522 1002 1573 1032 filii
1589 1007 1763 1041 conventus,

1024 1051 1206 1080 solummodo
1220 1074 1227 1083 ,
1252 1055 1280 1080 et
1302 1053 1408 1081 merito
1423 1052 1540 1090 quidem
1554 1076 1562 1089 ‚
1580 1052 1763 1082 attendentes

1025 1100 1263 1139 propagationem
1278 1100 1427 1130 doctrinae
1440 1101 1583 1130 dictorum
1597 1106 1765 1131 sanctorum

1024 1148 1054 1177 in
1077 1148 1225 1178 Ecclesiae
1261 1149 1463 1187 commodum,
1489 1151 1686 1188 proximorum
1720 1160 1765 1179 sa-

1025 1197 1114 1226 lutem
1137 1207 1170 1226 ac
1192 1197 1339 1227 salubrem
1362 1199 1568 1237 eruditionem,
1593 1204 1621 1228 et
1643 1198 1764 1228 Ordinis

1025 1247 1116 1276 nostri
1139 1246 1237 1283 decus,
1258 1247 1500 1276 renunciaverint
1518 1248 1692 1287 cuicumque
1716 1249 1752 1278 ho

1026 1295 1142 1324 nortzrio
1165 1306 1216 1334 pro
1240 1296 1405 1334 professore
1430 1297 1577 1335 praedicto
1595 1320 1602 1331 ‚
1626 1298 1702 1326 sieut
1734 1298 1762 1326 in

1003 1362 1005 1375 i
1025 1344 1232 1380 instrumento,
1247 1345 1300 1374 sub
1309 1345 1355 1374 die
1365 1346 1589 1375 xmnorembris
1598 1355 1766 1376 niuttzxxwu

1003 1409 1005 1417 ›
1026 1394 1169 1432 praedicti
1191 1394 1318 1432 desuper
1340 1395 1471 1424 confecto
1490 1418 1497 1431 ,
1522 1395 1609 1424 latius
1637 1396 1766 1425 contine-

243 1443 387 1471 tenorem
421 1439 556 1471 dilectus
593 1440 714 1481 pariter
738 1440 822 1472 filius
847 1433 1005 1481 llyaei11-{

245 1491 318 1523 thus
329 1492 476 1532 Baronio,
492 1503 599 1525 sacrae
616 1493 802 1534 theologiae
818 1493 982 1533 magister,
1004 1519 1005 1537 ἶ

1027 1447 1098 1479 turs,
1122 1443 1190 1472 iude
1207 1467 1214 1480 ‚
1239 1448 1270 1472 ut
1291 1443 1326 1472 ab
1349 1444 1463 1473 eximiis
1486 1444 1543 1473 illis
1565 1445 1766 1474 sacerdotibus

1025 1492 1163 1521 collatum
1185 1492 1286 1521 Ordini
1314 1497 1413 1521 nostro
1445 1492 1512 1530 iuge
1544 1492 1719 1522 beneficium
1751 1503 1766 1523 a

1026 1540 1110 1570 nobis
1132 1550 1258 1578 congrue
1281 1541 1454 1579 excipiatur,
1478 1547 1575 1580 atque,
1600 1542 1680 1572 iuxta
1702 1552 1767 1572 san-

1004 1588 1150 1618 'etissimi
1183 1589 1294 1619 domini
1321 1590 1413 1619 nostri
1441 1595 1567 1619 mentem
1598 1601 1766 1629 supremam

1027 1642 1055 1667 et
1077 1637 1292 1676 praedictorum
1314 1639 1498 1668 dominorum
1522 1640 1703 1678 praeclarum
1719 1640 1768 1669 de-

1027 1687 1186 1723 riderium‚
1211 1687 1346 1716 cathedra
1370 1688 1400 1716 S.
1424 1687 1551 1717 Thomae
1573 1689 1661 1718 certis
1683 1689 1767 1718 (leco-

1028 1741 1109 1766 retur
1131 1736 1311 1775 privilegiis,
1335 1736 1451 1775 ipsique
1467 1737 1573 1766 futuris
1589 1738 1768 1777 temporibus

1008 1833 1133 1871 {graves
1155 1834 1269 1864 labores
1302 1835 1337 1863 ad
1367 1844 1430 1863 eam
1460 1835 1628 1864 cathedram
1660 1835 1695 1864 ad
1724 1836 1769 1865 in-

288 1880 345 1910 Nos
368 1881 458 1910 frater
480 1881 605 1910 Thomas
628 1882 723 1921 ltipoll
740 1906 747 1920 ‚
778 1891 877 1912 sacrae
907 1883 987 1912 theo<
1008 1890 1010 1896 '

1029 1888 1090 1912 star
1111 1883 1234 1912 aliarum
1258 1884 1404 1922 praefatae
1431 1884 1633 1913 universitatis
1665 1893 1769 1921 regen-

1029 1932 1095 1961 u'am
1132 1933 1233 1971 utique
1269 1932 1450 1961 necessarios
1467 1956 1475 1969 ‚
1512 1933 1664 1971 temporali
1698 1933 1768 1963 licet

1029 1982 1227 2010 emolumento
1264 1981 1420 2017 destituti⁷
1444 1981 1587 2018 condigne
1621 1982 1768 2019 perferant

1029 2040 1062 2059 ac
1095 2030 1236 2063 libenter,
1262 2030 1324 2058 viro
1352 2030 1488 2067 religioso
1520 2030 1642 2067 dignum
1665 2040 1768 2060 eonse-

1028 2084 1152 2117 queutes
1174 2079 1334 2117 praemium
1353 2089 1359 2115 ;
1383 2079 1520 2108 facultate
1542 2089 1556 2108 a
1580 2080 1767 2118 praelaudato

1027 2128 1211 2157 sanctissimo
1234 2132 1314 2166 patre
1336 2132 1435 2156 nostro
1458 2127 1613 2157 Ilenedicto
1635 2127 1697 2158 xlll
1717 2138 1768 2168 per

1005 2197 1007 2207 Α
1027 2174 1253 2213 chirographum
1276 2183 1361 2203 suum
1384 2173 1437 2202 sub
1460 2174 1506 2203 (lic
1533 2183 1612 2204 xxvu
1641 2175 1767 2205 ianuarii

1028 2224 1159 2262 proxime
1183 2223 1333 2262 praeteriti
1356 2223 1391 2252 de
1412 2223 1569 2261 apostolic-i
1583 2223 1764 2262 dignatione,

1027 2272 1062 2301 ad
1085 2272 1156 2301 alias
1179 2271 1356 2300 humillimas
1379 2271 1538 2310 supradicti
1563 2273 1654 2310 patris
1676 2274 1768 2311 magi-

1026 2321 1079 2350 stri
1102 2321 1217 2359 Agriani
1251 2330 1350 2359 preces
1393 2321 1559 2350 Sam-litatis
1585 2322 1659 2350 Suae
1688 2321 1767 2351 olda-

1027 2375 1095 2408 tas,
1120 2370 1204 2400 uobis
1227 2371 1326 2406 facta3
1350 2379 1462 2399 necnon
1486 2371 1647 2409 respective
1679 2371 1766 2400 etiam

1027 2420 1115 2450 oflicii
1139 2419 1231 2448 nostri
1254 2419 1436 2456 auctoritate,
1455 2428 1487 2447 ac
1510 2420 1707 2457 praesentium
1725 2424 1766 2449 te-

1028 2479 1114 2499 nore:

1068 2527 1086 2548 ι.
1118 2518 1252 2548 Districte
1288 2517 1504 2556 praecipimus,
1535 2521 1678 2556 quatenus
1710 2518 1764 2547 filii

1030 2567 1170 2607 praedicti
1186 2570 1348 2596 conventus
1364 2566 1536 2596 Mutinensis
1553 2575 1604 2604 pro
1621 2570 1763 2603 tempore,

1029 2617 1122 2646 solum
1145 2616 1234 2645 Deum
1267 2625 1299 2645 ac
1328 2615 1478 2653 religionis
1507 2615 1691 2654 splendorem
1716 2617 1764 2646 ha-

1770 226 1825 253 ΑΒ.
1839 225 1869 253 C.
1889 226 1960 254 1732

1791 2522 1899 2543 Professor
1909 2529 1961 2549 qna-

1776 2551 1802 2569 lis
1816 2556 1862 2569 esse
1874 2550 1958 2571 debeat.
