2182 3137
66 220 114 247 An.
130 219 160 246 C.
183 219 245 247 1731

127 917 250 937 Commium

66 947 204 966 execution-s.

877 218 1016 243 etexitzxs

259 268 440 302 Placentiae
465 279 586 309 verum,
612 268 793 311 legitimum
815 277 851 300 ae
872 268 999 300 absolu·
1021 269 1022 316 l

260 327 326 354 tum
353 322 520 355 dominum
548 327 753 364 agnoscant,
782 330 1023 363 agnoscereve,

259 376 399 408 audeant
420 377 468 409 vel
490 380 711 418 praesumant,
730 375 891 417 nobisque
911 375 1001 407 dum-
1022 381 1023 386 ¹

261 433 355 467 taxat,
382 439 437 461 seu
463 428 569 460 eidem
592 427 739 459 Pontiliei
767 437 825 470 pro
853 432 999 470 tempore

260 481 419 520 existenti,
445 492 482 513 ae
507 480 582 513 Sedi
608 481 825 524 Apostolieae,
851 480 897 512 uti
923 480 1000 513 lide·
1022 494 1024 515 t

260 535 306 567 les
333 535 427 567 decet
453 534 610 576 subditos,
637 545 698 567 nee
723 535 875 577 cuiquam
897 533 1001 572 alteri,
1022 530 1024 569 ὲ

259 593 398 629 pareant
422 592 455 619 et
478 587 653 627 obediant;
680 587 868 619 nullatenus
899 592 1002 619 atten-

262 640 301 672 tis
327 640 476 673 omnibus
502 640 556 681 iis,
584 650 667 683 quae
692 639 845 679 imiliter,
872 639 1000 679 iniuste,
1023 661 1025 682 i,

261 703 297 726 ac
322 694 361 726 dc
389 694 473 726 sacto
488 694 519 726 in
546 693 744 726 contrarium
771 693 930 726 hactenus
957 699 1002 725 at-

262 751 386 779 tentata
411 747 559 786 suerunt,
586 752 618 779 et
644 747 749 779 forsan
777 746 807 777 in
833 752 1001 789 posterum

262 810 320 843 per
352 810 593 843 quemcumque
627 799 876 842 quomodolibet
900 800 1025 831 alten-¹

263 853 322 886 tari
350 859 495 896 possent.

306 907 320 950 ἓ
358 907 388 940 3.
428 906 582 945 Quocirca
623 907 742 940 dilecto
785 906 850 940 tilio
890 910 1003 939 nostro
1025 939 1026 962 ἢ

263 959 403 1002 Georgio
417 959 571 1003 Spinulae
587 960 669 993 tituli
685 960 717 993 S.
739 960 871 1002 Agnetis
886 958 1001 992 sttE.
1025 975 1026 995 ;

262 1013 453 1056 presbytero
491 1014 647 1046 cardinali
684 1013 715 1046 S.
751 1012 883 1055 Agnetis
922 1023 1005 1045 nun-

262 1072 398 1110 cupato,
423 1067 580 1100 moderno
606 1077 662 1099 seu
689 1077 747 1110 pro
774 1071 923 1109 tempore
956 1076 1005 1098 ex-

262 1119 372 1153 istenti
411 1121 443 1153 in
481 1120 609 1153 civitate
649 1125 681 1152 ct
717 1120 870 1152 comitatu
898 1104 1027 1152 Bono-l

262 1173 429 1206 niensibus
455 1178 565 1206 nostro
593 1178 624 1205 et
649 1173 754 1205 dictae
776 1172 869 1205 Sedis
895 1172 934 1204 de
960 1172 1004 1204 la-

264 1232 330 1259 tere
356 1227 474 1269 legato,
500 1227 584 1259 ultra
610 1226 790 1265 facultates,
819 1225 880 1268 ipsi
907 1223 1028 1258 Geor-<s

263 1280 316 1323 gio
342 1280 499 1314 cardinali
529 1281 635 1324 quoad
669 1281 819 1313 eumdem
853 1269 1028 1322 ducatum}

263 1343 322 1377 per
348 1343 405 1367 nos
430 1334 508 1366 alias
534 1343 714 1371 concessas,
742 1343 822 1376 quas
845 1332 951 1365 sirmas
974 1337 1002 1365 et
1027 1334 1029 1347 s

263 1387 364 1420 salvas
389 1397 459 1420 esse
485 1388 646 1426 volumus,
675 1391 705 1419 et
722 1387 760 1419 ad
779 1396 838 1429 pro
858 1391 1005 1429 tempore
1027 1388 1029 1428 ζ

263 1440 455 1474 existentem
491 1441 632 1483 legatum
671 1440 865 1473 huiusmodi
895 1433 1029 1479 tenore?

264 1493 487 1536 praesentium
515 1493 737 1532 extendimus,
765 1493 881 1525 barum
909 1492 1004 1533 serie⁷

264 1547 459 1580 anctoritate
486 1547 641 1590 praefata,
660 1547 890 1580 committimus
909 1553 1005 1589 atque
1027 1538 1028 1586 i

264 1599 475 1642 iniungimus,
504 1605 665 1643 quatenus
691 1600 771 1643 ipse,
799 1600 827 1632 in
854 1606 1003 1633 eventum
1027 1597 1028 1612 ¹

265 1653 472 1693 huiusmodi,
493 1653 673 1686 insistendo
699 1664 758 1696 pro
785 1653 904 1685 iurium
929 1663 1005 1696 apo·
1027 1693 1028 1698 1

264 1707 454 1740 stolieorum
482 1707 617 1740 tuitione
636 1718 672 1740 ae
689 1707 934 1740 conservatione
953 1717 1005 1739 ea·
1027 1710 1028 1744 ξ

265 1764 359 1793 tenus
385 1760 416 1793 in
444 1761 531 1794 dieto
550 1761 665 1794 ducatu
686 1760 794 1803 gestis,
814 1770 874 1803 per
891 1770 936 1800 se,
956 1761 1005 1793 vel

265 1824 323 1857 per
348 1814 502 1847 dilectum
522 1814 621 1847 tilium
641 1814 832 1857 magistrum
855 1813 1006 1846 Iacobum
1028 1812 1029 1844 Ξ

265 1867 401 1908 oddara,
428 1874 577 1901 nostrum
602 1868 715 1901 itidem
743 1873 774 1900 et
790 1867 893 1911 ipsius
913 1867 1006 1900 Sedis
1029 1867 1030 1897 i

265 1921 704 1965 notarium,protonotarium
724 1921 1007 1964 nuncupatum,de

266 1984 402 2007 numero
439 1974 728 2018 participantium,
757 1984 793 2006 ae
822 1974 854 2006 in
892 1974 1007 2006 eodem

267 2026 398 2060 Parmae
425 2033 455 2059 et
480 2027 661 2060 Placentiae
684 2028 800 2060 ducatu
820 2027 1009 2060 commissa·

266 2080 359 2120 rium,
386 2091 441 2114 seu
468 2081 565 2113 alium
591 2081 639 2113 vel
666 2081 746 2113 alios
771 2081 810 2113 ab
837 2081 883 2113 cis
910 2072 1031 2124 depth}

267 2133 442 2177 putandum
468 2134 517 2166 vel
544 2133 758 2176 deputandos,
780 2144 839 2177 pro
861 2133 1008 2167 uberiori

267 2186 418 2220 similiter
443 2187 577 2229 cautela,
604 2187 818 2230 corporalem,
838 2188 959 2220 realem
980 2193 1011 2220 ct

267 2241 430 2274 actualem
456 2240 697 2284 possessionem
725 2241 871 2280 ducatus,
898 2241 1008 2274 eivita-

269 2298 334 2326 tum
352 2320 359 2333 ,
385 2294 582 2337 oppidorum
598 2321 605 2334 ‚
631 2299 789 2327 terrarum
808 2321 816 2335 ,
843 2294 987 2327 locorum
1003 2322 1008 2335 ,

268 2351 522 2391 ceterorumque
543 2347 780 2391 praelatorum,
808 2352 934 2387 nostro',
955 2358 1008 2380 scu

269 2400 402 2434 Romani
425 2401 589 2434 Pontificis
614 2412 672 2444 pro
695 2407 842 2445 ternpore
869 2402 1010 2434 existen-

270 2453 309 2486 tis
325 2479 332 2492 ‚
357 2453 449 2486 Sedis
475 2459 506 2486 et
531 2453 681 2487 Gamerae
719 2454 948 2497 Apostolicae‚
975 2465 1010 2487 ac

268 2513 397 2540 sanetae
416 2507 580 2540 Romanae
598 2507 762 2540 Ecclesiae
780 2508 923 2548 nornine,
943 2508 1009 2541 abs-

270 2570 331 2604 que
367 2562 457 2594 mora
492 2560 721 2604 apprehendat
758 2566 790 2593 et
826 2561 1010 2604 apprehen-

270 2624 338 2647 sam
365 2614 521 2655 retineat,
555 2619 585 2648 et
618 2613 781 2658 quoslibet
814 2619 900 2648 actus
935 2624 1010 2658 pos-

1042 219 1086 243 x11
1110 219 1161 244 PP.

1044 268 1213 309 sessorios,
1242 278 1366 301 necnon
1386 269 1417 301 in
1434 268 1560 308 ducatu,
1584 268 1782 307 civitatibus,

1044 320 1186 363 oppidis,
1212 322 1318 361 terris,
1343 321 1431 362 locis,
1451 322 1587 366 aliisque
1611 322 1786 365 praedictis

1045 383 1281 417 quamcumque
1301 374 1560 408 iurisdietionem
1574 375 1712 414 civilem,
1729 375 1786 407 cri-

1047 426 1196 459 minalem
1224 432 1256 459 et
1280 428 1411 460 mixtam
1431 429 1598 471 exerceat}
1618 438 1678 461 nos
1700 428 1785 461 enim

1046 479 1150 512 eidem
1177 479 1316 521 Georgio
1344 481 1510 520 cardinali,
1538 492 1592 513 seu
1619 492 1678 524 pro
1707 487 1787 514 tcm-

1046 543 1125 576 pore
1150 533 1299 565 existenti
1327 533 1443 576 legato,
1462 535 1652 577 praeniissa,
1671 546 1706 568 ac
1724 535 1787 568 alia

1046 586 1154 619 onmia
1188 590 1219 619 et
1255 586 1402 629 singula,
1442 598 1523 630 quae
1553 590 1588 620 ea
1613 588 1787 621 occasione

1047 639 1280 682 quoquomodo
1317 640 1499 672 necessaria
1539 646 1569 673 et
1603 647 1788 684 opportuna

1048 692 1115 725 fore
1141 693 1291 733 duxerit,
1319 693 1441 726 etiamsi
1469 693 1543 726 talia
1569 694 1678 727 forent
1706 705 1788 739 quae

1024 783 1025 791 ἵ
1047 746 1234 789 specialem,
1261 746 1444 789 specificam
1472 752 1503 780 et
1528 758 1713 790 expressam
1740 759 1789 781 re-

1048 799 1217 842 quirerent
1242 800 1454 836 mentionem,
1485 800 1631 839 faciendi,
1654 801 1788 841 gerendi

1049 859 1079 887 ct
1104 853 1299 897 exequendi,
1325 864 1360 886 ac
1387 854 1418 886 iu
1445 854 1571 894 ducatu,
1593 854 1788 894 civitatibus,

1048 907 1195 950 oppidis,
1221 907 1337 949 terris,
1363 907 1442 940 locis
1469 912 1498 940 et
1524 907 1596 940 aliis
1621 907 1789 950 praefatis,

1049 961 1133 993 ultra
1159 960 1229 993 illas
1255 960 1317 992 iam
1354 970 1525 993 concessas
1551 966 1583 993 et
1618 965 1790 1000 extensas,

1050 1019 1083 1045 ut
1108 1014 1303 1056 praefertur,
1330 1014 1480 1046 omnibus
1515 1024 1648 1058 quoque
1674 1019 1705 1047 et
1730 1014 1792 1046 sin·

1049 1067 1132 1109 gulis
1170 1066 1400 1106 facultatibus,
1426 1067 1536 1109 gratiis
1563 1073 1594 1100 et
1630 1067 1765 1100 indultis
1782 1095 1789 1107 ,

1049 1131 1131 1163 quae
1170 1120 1201 1153 in
1227 1120 1296 1153 aliis
1320 1120 1425 1154 Status
1466 1121 1683 1154 Ecclesiastici
1719 1131 1791 1164 pro-

1049 1173 1162 1206 vinciis
1195 1184 1253 1207 seu
1287 1173 1463 1206 ditionibus
1495 1173 1710 1206 existentibus
1743 1174 1792 1206 di-

1050 1233 1118 1260 etae
1144 1227 1235 1260 Sedis
1261 1227 1301 1260 (le
1328 1229 1429 1260 latere
1455 1227 1572 1269 legatis
1590 1232 1789 1270 competunt,

1051 1292 1086 1314 ae
1110 1281 1229 1324 quihus
1257 1281 1318 1324 ipsi
1345 1281 1442 1323 legati
1465 1281 1647 1324 potiuntur,
1669 1281 1791 1319 utendi,

1051 1335 1191 1378 plenam,
1209 1334 1344 1367 liberam
1371 1345 1407 1367 ac
1432 1334 1653 1367 omnimodam
1682 1339 1793 1366 aucto-

1051 1388 1177 1420 ritatem
1203 1393 1234 1421 et
1257 1392 1451 1430 potestatem
1474 1387 1703 1431 impartimur·,
1742 1397 1793 1420 re-

1051 1447 1217 1474 servantes
1253 1441 1443 1484 ceteroquin
1484 1441 1580 1473 nobis
1618 1446 1649 1473 et
1685 1441 1791 1474 eidem

1050 1495 1122 1528 Sedi
1161 1505 1197 1528 ca
1217 1495 1371 1538 deinceps
1389 1494 1473 1527 circa
1492 1494 1697 1538 praedictum
1720 1494 1794 1526 Par-

1051 1560 1120 1582 mae
1156 1554 1187 1581 et
1223 1549 1404 1581 Placentiae
1441 1547 1593 1580 ducatum
1627 1552 1789 1587 statuere,

1050 1612 1143 1645 quae,
1165 1602 1312 1634 adhibita
1337 1601 1426 1644 prius
1454 1612 1525 1634 cum
1548 1601 1791 1634 venerabilibus

1051 1655 1204 1687 fratribus
1231 1655 1351 1688 nostris
1378 1655 1479 1698 ipsius
1505 1655 1535 1688 S.
1565 1655 1601 1687 R.
1625 1654 1659 1687 E.
1688 1654 1792 1687 cardi-

1050 1709 1178 1741 nalibus
1212 1708 1354 1752 desuper
1387 1708 1625 1742 deliberatione
1653 1710 1790 1749 matura,

1050 1762 1141 1795 Sedis
1167 1763 1332 1805 praefatae
1357 1763 1500 1796 rationes
1534 1760 1704 1795 statuenda
1735 1773 1794 1805 po-

1052 1815 1257 1848 stulaverInt.

1095 1869 1110 1911 g
1135 1869 1166 1901 4.
1194 1868 1263 1902 Non
1287 1869 1493 1902 obstantibus
1512 1870 1706 1903 recolendae
1726 1880 1793 1903 me-

1052 1922 1174 1955 moriae
1198 1921 1242 1954 Pii
1262 1922 1366 1965 Papae
1385 1922 1421 1954 tv
1438 1922 1699 1965 praedecessoris
1715 1934 1794 1967 quo—

1030 2003 1031 2014 ,
1053 1985 1114 2018 que
1141 1975 1241 2008 nostri
1268 1976 1307 2008 de
1334 1975 1446 2018 gratiis
1483 1977 1719 2020 qualecumque
1747 1976 1794 2009 in-

1054 2034 1176 2062 teresse
1200 2029 1303 2062 dictae
1331 2029 1485 2062 Camerae
1515 2030 1792 2063 concernentibus

1053 2081 1137 2114 intra
1162 2087 1286 2115 eertum
1309 2087 1385 2115 tunc
1406 2093 1595 2126 expressum
1619 2088 1743 2127 tempus
1762 2083 1793 2115 in

1030 2167 1031 2174 ,
1054 2135 1164 2168 eadem
1190 2134 1323 2168 Camera
1348 2136 1598 2178 praesentandis
1640 2146 1675 2168 ac
1711 2136 1795 2177 regi-

1053 2189 1211 2228 strandis,
1238 2188 1375 2232 aliisque
1400 2189 1592 2232 apostolicis
1609 2216 1616 2229 ,
1642 2199 1677 2221 ac
1703 2189 1735 2221 in
1763 2200 1795 2221 u-

1053 2241 1283 2282 niversalibus,
1311 2242 1629 2285 provincialibusque
1647 2241 1793 2275 conciliis

1054 2296 1160 2337 editis,
1176 2295 1384 2338 generalibus
1410 2297 1459 2329 vel
1484 2295 1692 2338 specialibus,
1718 2305 1795 2328 con-

1053 2349 1275 2382 stitutionibus
1299 2354 1330 2381 et
1348 2348 1626 2388 ordinationibus,
1650 2358 1793 2387 necnon,

1054 2407 1215 2445 quatenus
1240 2413 1323 2445 opus
1348 2402 1396 2441 sit,
1424 2401 1603 2444 quibusvis,
1629 2401 1727 2434 etiam
1750 2400 1796 2433 iu-

1054 2461 1221 2496 ramento,
1247 2454 1492 2488 confirmatione
1517 2454 1718 2498 apostolica,
1745 2455 1795 2487 vel

1054 2508 1165 2552 quavis
1191 2508 1339 2540 firmitate
1366 2507 1427 2540 alia
1453 2507 1637 2546 roboratis,
1666 2507 1794 2540 statutis

1053 2567 1085 2594 et
1110 2560 1414 2599 consuctudinibus,
1440 2560 1620 2604 privilegiis
1654 2570 1795 2604 quoque,

1054 2614 1187 2648 indultis
1214 2620 1244 2647 ct
1270 2613 1386 2648 litteris
1404 2613 1591 2657 apostolicis
1614 2613 1645 2646 in
1667 2619 1796 2649 contra-

1681 205 1746 243 267
1793 218 1846 245 An.
1863 216 1893 245 c.
1913 217 1977 246 ¹731

1832 1876 1954 1898 Clausulas.
