2182 3137
219 271 267 294 Λη.
288 271 317 296 (;,
338 270 405 296 1734
451 261 514 291 Gna

253 724 281 743 tta
298 724 397 744 rlan-uia

219 753 237 770 Pl
255 752 320 771 rellts.

413 318 490 347 vivos
506 324 565 348 tum
578 319 739 348 det'unetos.
756 318 825 348 ltem
840 317 968 357 qualibet
982 316 1053 346 teria
1066 318 1147 345 sexta

411 366 604 396 distribuatur
626 367 810 404 eleemosyna
835 365 1026 404 pauperibus,
1051 365 1147 404 copio-

411 417 471 445 sior
487 418 518 445 ea
536 426 608 455 quae
625 416 747 453 singulis
761 415 862 445 diebus
875 415 935 444 sieri
953 414 1041 445 solet:
1058 414 1148 444 idern·

411 474 466 503 qne
482 469 613 494 servetur
630 465 657 493 in
675 464 858 494 solemnitate
879 464 995 503 Septem
1012 463 1147 492 llolorum

412 513 595 542 beatissimae
620 513 756 551 Virginis,
781 522 813 542 ac
836 513 898 541 eins
921 511 1147 551 Assumptionis‚

413 562 441 591 in
465 561 671 591 festivitatibus
688 566 796 602 septem
817 567 930 600 patrum
950 560 1146 598 sandalorum,

412 660 446 689 de
470 659 647 689 Falconeriis
670 664 697 689 et
719 660 750 689 13.
768 659 908 689 loachimi
932 658 1129 688 l'icolominei.

452 717 509 737 vni.
534 708 563 737 ln
581 708 749 738 dormitorio
766 709 803 738 sit
821 708 979 747 unicuique
1003 717 1052 737 sua
1076 707 1148 736 cella

411 757 559 795 deputata,
584 757 669 786 nudis
692 757 810 786 omnino
827 756 999 795 parietibus,
1017 755 1150 794 nihilque

413 806 529 845 penitus
562 806 590 835 in
623 807 657 835 eft
688 807 725 835 sit
758 809 873 844 praeter
895 804 1148 842 genuflexorinm,

413 855 462 883 SS.
485 855 672 892 Crucitixum,
704 854 861 892 imaginem
884 853 1012 891 Virginis
1034 852 1148 891 Septem

413 904 561 941 Dolornm,
579 908 606 933 et
627 904 661 932 ad
678 913 824 933 summum
848 903 969 932 alteram
993 902 1150 939 imaginem

414 953 531 982 chartae
554 952 727 991 impressam
750 956 859 990 septeni
883 951 1033 981 beatorum
1050 950 1151 979 sunda-

414 1006 509 1031 torum
532 1005 560 1030 et
582 1005 746 1030 sanctorum
770 1000 912 1037 Ordinis,
947 999 1021 1028 adsit
1054 1003 1149 1028 tamen

414 1050 537 1080 lectulus
569 1059 603 1079 ex
634 1050 717 1089 palea
748 1054 776 1079 et
807 1049 943 1088 pulvinar
971 1048 1149 1086 stragulum,

414 1108 583 1135 scamnum,
608 1098 754 1135 mensula,
779 1108 869 1137 eaque
892 1097 988 1127 omnia
1016 1106 1088 1137 quae
1116 1096 1151 1126 ad

414 1148 603 1178 scribendum
627 1152 695 1177 sunt
718 1147 906 1182 necessasia;
931 1146 1005 1176 adsit
1037 1155 1152 1185 quoquc

416 1202 503 1237 caput
524 1197 631 1227 mortui
654 1206 742 1236 super
764 1196 1007 1235 genutlexorium,
1023 1195 1153 1234 discipli-

415 1257 463 1283 na,
487 1257 536 1276 vas
560 1256 611 1286 pro
634 1247 710 1285 aqua
732 1245 898 1281 benedicta,
915 1249 1001 1283 atque
1024 1253 1056 1273 ea
1079 1252 1152 1282 quae

416 1305 494 1326 mere
511 1295 673 1325 necessaria
690 1299 757 1324 sunt
772 1295 806 1324 ad
823 1294 994 1324 munditiem
1010 1292 1151 1331 coi·poriS‚

416 1355 488 1384 qnae
510 1345 606 1375 onmia
630 1344 752 1374 humilia
776 1348 804 1373 et
826 1343 968 1382 simplicia
992 1346 1078 1381 atque
1101 1351 1153 1381 pro

415 1395 549 1425 omnibus
571 1395 702 1434 aequalia
726 1404 789 1424 esse
811 1393 939 1428 debent;
963 1397 1002 1431 et,
1021 1393 1044 1422 si
1061 1393 1152 1432 prior,

414 1445 464 1484 qui
487 1446 545 1474 un'a
567 1454 632 1474 cnm
656 1444 768 1474 duobus
786 1453 820 1473 ex
836 1442 1002 1472 senioribus
1024 1441 1154 1481 qualibet

416 1504 515 1524 mense
537 1493 691 1531 diligenter
715 1493 802 1523 cellas
825 1492 943 1521 visitare
966 1491 1079 1529 debeat,
1103 1491 1155 1521 ali-

415 1544 483 1583 quid
506 1543 651 1573 invenerit
674 1542 853 1581 superfluum
880 1545 907 1571 et
938 1545 1055 1580 praeter
1077 1549 1155 1570 com-

417 1602 534 1622 munem
562 1600 647 1621 usum
664 1614 671 1627 ,
695 1591 791 1620 omnia
814 1594 964 1626 amoveat,
995 1589 1154 1628 puniatque

417 1647 659 1680 transgressores.
685 1641 717 1670 Et
749 1640 887 1679 qnoniam
921 1639 1017 1669 onmia
1050 1638 1156 1669 debent

417 1701 480 1721 esse
515 1690 704 1727 communia,
729 1699 781 1719 nec
815 1689 892 1719 ullus
925 1689 1012 1718 frater
1044 1688 1154 1727 aliquid

417 1740 566 1779 proprium
590 1739 695 1769 habere
718 1748 811 1778 neque
833 1738 862 1767 in
886 1742 1030 1767 conventu
1060 1747 1156 1776 neque

417 1794 512 1824 extra,
536 1788 645 1818 idcirco
663 1787 802 1817 habeatur
818 1787 898 1817 locus
917 1786 966 1825 qui
986 1785 1155 1816 vestiarium

417 1838 593 1877 appelletur,
612 1836 661 1866 ubi
684 1836 780 1866 onmia
804 1835 977 1865 vestimenta
1001 1839 1029 1864 et
1050 1834 1085 1864 ad
1108 1835 1158 1864 ha-

418 1887 495 1917 bitus
519 1885 694 1926 pertinentia
722 1889 933 1915 conserventur
961 1894 975 1913 a
1002 1884 1093 1914 fratre
1122 1884 1156 1913 ad

418 1937 496 1966 hunc
512 1936 646 1965 effectum
664 1934 821 1968 destinato,
839 1933 889 1972 qui
906 1933 1076 1962 iestinienta
1099 1932 1157 1962 sin-

417 1985 552 2024 gulorum
573 1984 694 2014 fratrum
715 1983 743 2012 in
766 1982 904 2012 distincto
919 1987 947 2011 et
962 1981 1079 2022 proprio
1094 1981 1157 2011 loco

418 2037 541 2073 reponet
563 2033 596 2062 ad
617 2031 844 2072 permutationes
862 2031 1024 2061 evitandas.
1042 2030 1072 2060 ln
1090 2039 1158 2060 eon-

419 2087 537 2113 ventum
560 2091 617 2111 non
641 2081 863 2111 introducantur
885 2079 1028 2117 extranei,
1046 2080 1158 2119 praeci-

419 2142 474 2171 pue
507 2131 670 2161 saeculares
685 2153 691 2165 ,
716 2130 779 2159 sine
812 2129 918 2168 prioris
941 2129 1081 2165 licentia,
1105 2138 1158 2158 nec

420 2182 496 2211 ullus
518 2192 551 2211 ex
575 2180 713 2210 fratribus
743 2180 826 2209 domo
855 2183 960 2216 exeat,
985 2178 1041 2208 nisi
1069 2188 1159 2216 genu-

420 2232 511 2261 flexus
535 2230 621 2260 unico
643 2239 719 2267 genu
743 2229 765 2259 si
788 2229 826 2259 sit
847 2229 993 2265 sacerdos,
1017 2227 1159 2258 ambobus

419 2280 442 2309 si
466 2289 521 2309 non
546 2279 582 2308 sit
603 2278 749 2314 sacerdos,
773 2283 801 2307 et
824 2278 971 2308 licentiam
997 2282 1025 2307 et
1047 2277 1157 2307 socium

419 2338 433 2357 a
457 2328 555 2367 priore
578 2327 751 2364 obtinuerit,
770 2330 797 2355 et
814 2326 869 2355 nisi
887 2326 967 2365 prius
989 2325 1160 2355 salutaverit

419 2377 551 2415 angelica
575 2375 750 2406 salutatione
772 2380 800 2405 et
822 2375 985 2414 antiphona
1006 2374 1061 2404 Sub
1083 2379 1160 2403 titum

419 2426 600 2465 praesidium,
624 2428 693 2461 etc.,
717 2424 915 2454 beatissimam
934 2423 1100 2461 Virginem3
1125 2423 1160 2453 ob

421 2483 507 2513 quem
531 2474 616 2502 tinem
649 2473 724 2502 adsit
757 2473 787 2502 in
820 2473 877 2502 situ
909 2481 1038 2510 congruo
1071 2481 1160 2511 prope

422 2526 534 2561 portam
567 2525 727 2551 conventus
760 2531 881 2561 parvum
915 2521 1005 2551 altare
1038 2521 1083 2550 vel
1116 2530 1162 2550 ca-

423 2571 496 2609 pella
533 2580 598 2599 cum
635 2570 760 2608 imagine
796 2570 926 2599 eiusdem
961 2569 1161 2599 sanctissimae

422 2618 562 2649 Dominae
585 2623 714 2657 nostrae,
738 2628 825 2658 quam
848 2628 949 2649 omnes
971 2619 1098 2649 salutare
1122 2622 1163 2648 te-

424 2671 560 2704 neantur,
584 2667 670 2697 etiam
694 2678 759 2698 cum
778 2667 812 2697 ad
828 2673 1003 2698 conventum
1026 2667 1160 2698 redeunt.

999 268 1176 291 mmmmm!
1204 268 1357 291 ROMANUM

1228 325 1266 346 ix.
1291 316 1333 346 Ad
1361 316 1553 346 imitationem
1590 316 1700 346 domini
1734 316 1827 346 nostri
1862 316 1926 346 lesu

1188 365 1311 402 Christi,
1336 374 1454 401 omnes,
1479 369 1509 394 ut
1542 364 1684 404 cuiusque
1710 369 1831 395 naturae
1854 365 1925 399 sert,

1189 413 1320 444 deferant
1336 414 1454 444 barbam
1470 423 1476 449 3
1497 422 1571 452 quae
1594 423 1661 443 vero
1677 418 1721 443 est
1736 413 1764 443 in
1782 413 1927 452 superiori

1190 462 1277 500 labio,
1296 463 1448 493 tondeatur
1471 466 1498 492 et
1520 462 1689 492 decertetur
1712 467 1829 502 propter
1851 472 1928 492 suin-

1168 539 1170 551 ,
1190 512 1318 551 ptionem
1336 511 1513 541 sanctissimi
1533 511 1633 541 calicis
1655 511 1764 541 domini
1779 511 1871 541 nostri
1888 511 1930 541 le-

1169 579 1170 584 =
1191 571 1223 590 su
1240 561 1356 591 Christi.
1376 561 1486 590 ltasnra
1503 569 1618 599 quoque
1634 560 1672 590 sit
1687 559 1887 590 sacerdotibus
1901 565 1930 590 et

412 612 439 639 S.
458 610 584 649 Philippi
602 610 719 646 Beiiitii,
743 611 772 641 S.
792 610 953 648 Peregrini,
972 610 1002 639 n.
1020 609 1148 638 Iulianae
1169 627 1171 631 κ

1191 610 1304 640 clericis
1338 619 1387 649 per
1421 609 1537 639 modum
1570 618 1715 645 coronae,
1740 613 1768 638 ct
1795 609 1930 648 superius

1192 669 1248 689 non
1273 659 1384 689 modica
1408 668 1488 689 more
1516 658 1711 688 saecularium
1741 658 1928 694 elericorum,

1192 709 1241 738 sed
1264 708 1370 748 ampla,
1388 713 1418 738 nt
1435 717 1496 737 mos
1512 713 1555 737 est
1571 717 1584 736 a
1603 707 1789 745 regularibus
1810 707 1929 745 gestari,

1193 757 1266 787 itaut
1289 767 1325 787 ex
1348 757 1427 786 omni
1451 761 1532 796 parte
1554 757 1590 785 sit
1613 756 1749 793 rotunda,
1773 756 1931 795 capillique

1192 815 1316 835 coronae
1340 815 1396 835 non
1419 805 1561 835 excedant
1591 805 1775 834 latitudinem
1806 804 1932 834 duorum

1193 854 1360 892 digitorum.

1234 912 1260 932 x.
1284 902 1346 932 Non
1371 902 1559 941 permittatur
1588 902 1665 932 ullus
1696 901 1793 939 ludus,
1817 905 1933 941 praeter

1193 951 1275 980 illum
1303 951 1352 990 qni
1379 952 1463 990 vulgo
1479 951 1585 981 dicitur
1607 952 1679 990 degli·
1701 953 1808 988 ai'anel,
1835 951 1880 981 bis
1902 951 1932 981 in

1195 1009 1303 1036 mense,
1315 1001 1445 1039 exceptis
1461 1005 1556 1030 tamen
1574 1000 1753 1039 temporibus
1769 1000 1931 1036 Adventus,

1194 1049 1436 1086 Quadragesimae
1458 1053 1486 1078 et
1509 1049 1698 1088 vigiliarum3
1728 1049 1802 1079 adsit
1835 1053 1932 1079 tamen

1195 1099 1260 1128 aula
1293 1107 1345 1128 seu
1379 1098 1547 1128 cubiculum
1577 1107 1737 1136 magnum,
1760 1098 1790 1128 in
1813 1108 1870 1138 quo
1898 1098 1933 1128 ad

1195 1147 1427 1177 conversandum
1450 1152 1478 1178 et
1499 1148 1534 1177 ad
1558 1147 1706 1177 tractanda
1723 1147 1844 1185 negocia
1865 1156 1936 1176 con-

1196 1197 1295 1227 venire
1312 1198 1424 1236 possint
1446 1198 1551 1227 tratres
1569 1196 1671 1227 diebus
1694 1201 1722 1226 et
1744 1197 1824 1226 horis
1846 1200 1935 1226 statu-

1196 1247 1246 1277 tis.
1287 1247 1316 1276 ln
1353 1255 1536 1286 quocumque
1572 1245 1628 1275 alio
1665 1246 1727 1275 loco
1762 1245 1935 1275 observetur

1196 1296 1363 1332 silentium,
1388 1300 1434 1333 et,
1457 1295 1480 1325 si
1503 1294 1662 1325 necessitas
1694 1294 1794 1332 exigat
1825 1294 1935 1334 aliquid

1196 1345 1362 1381 dicendum,
1378 1345 1432 1374 hoc
1454 1345 1503 1374 s1at
1524 1344 1603 1374 omni
1625 1343 1766 1374 brevitate
1789 1353 1845 1383 qua
1870 1344 1936 1373 lieri

1197 1399 1312 1435 potest,
1337 1404 1369 1424 ac
1401 1402 1550 1433 nunquam
1584 1393 1644 1422 alta
1666 1402 1735 1422 voce
1751 1415 1758 1429 ‚
1783 1402 1837 1423 nec
1859 1392 1936 1423 ullus

1197 1446 1286 1475 frater
1307 1443 1370 1473 sine
1392 1443 1512 1473 licentia
1541 1442 1646 1482 prioris
1675 1442 1857 1481 ingrediatur
1879 1442 1937 1472 cel-

1197 1494 1254 1524 lam
1277 1492 1419 1529 alterius,
1445 1497 1475 1522 ut
1505 1492 1662 1531 perfectius
1694 1495 1827 1521 servetur
1849 1491 1937 1522 silen-

1199 1543 1284 1580 tium,
1302 1541 1431 1582 exceptis
1453 1546 1550 1571 tamen
1575 1540 1682 1571 vicario
1701 1540 1844 1579 generali,
1862 1540 1939 1579 prio-

1199 1601 1240 1626 re,
1264 1591 1386 1630 eiusque
1410 1589 1529 1619 vicario.

1238 1649 1276 1669 xi.
1301 1639 1403 1669 Nullus
1436 1638 1595 1678 recipiatur
1627 1638 1661 1668 ad
1691 1638 1851 1676 Ordinem,
1882 1638 1939 1669 nisi

1200 1688 1359 1729 praemisso
1382 1687 1514 1726 diligenti
1530 1687 1665 1716 examine
1683 1696 1784 1717 eorum
1808 1687 1938 1717 omnium

1199 1748 1273 1778 quae
1290 1737 1463 1767 sanciuntur
1479 1737 1507 1766 in
1527 1736 1612 1766 Bulla
1626 1736 1741 1766 Martini
1758 1737 1790 1774 V,
1809 1737 1822 1776 ᾗ
1845 1737 1873 1774 1;
1890 1737 1940 1767 de-

1200 1787 1268 1816 inde
1292 1786 1327 1815 ab
1350 1786 1396 1823 iis,
1415 1785 1464 1825 qui
1487 1789 1587 1824 optant
1603 1784 1637 1814 ad
1653 1784 1792 1815 Ordinem
1811 1785 1938 1823 admitti,

1199 1835 1371 1874 exquiratur
1393 1843 1449 1873 quo
1471 1833 1575 1873 spiritu
1599 1838 1626 1863 et
1649 1843 1705 1872 qna
1729 1839 1827 1864 mente
1849 1834 1878 1864 id
1896 1843 1941 1864 re-

1200 1883 1317 1923 ligionis
1339 1892 1431 1921 genus
1461 1882 1622 1920 elegerint,
1646 1891 1732 1921 quem
1764 1882 1819 1912 sibi
1853 1883 1941 1912 linem

1200 1933 1421 1974 proposuerint,
1445 1942 1514 1962 num
1545 1931 1605 1961 zelo
1635 1931 1764 1961 melioris
1797 1931 1887 1970 frugis
1914 1936 1942 1962 et

1200 1982 1387 2023 perfeetionis
1402 1982 1489 2018 vitae,
1504 1985 1535 2011 ut
1551 1981 1607 2010 Deo
1623 1990 1656 2010 ac
1669 1981 1806 2011 Dominae
1822 1985 1940 2011 nostrae

1200 2031 1322 2062 liberius
1346 2029 1480 2059 famulari
1504 2030 1626 2068 possint,
1644 2039 1680 2059 an
1704 2030 1800 2069 potius
1823 2029 1942 2060 levitate

1201 2081 1245 2110 vel
1268 2080 1396 2110 humana
1417 2078 1517 2117 aliqua
1539 2078 1670 2115 ratione,
1694 2083 1743 2108 aut
1775 2078 1941 2109 inordinato

1201 2130 1289 2160 animi
1324 2133 1403 2158 motu
1435 2128 1598 2164 ducantur;
1622 2132 1810 2167 exponantur
1837 2127 1942 2158 deinde

1200 2180 1237 2209 iis
1259 2188 1310 2218 per
1332 2177 1447 2207 eosdem
1471 2176 1625 2206 austeritas
1649 2176 1777 2213 Ordinis,
1795 2175 1942 2207 abdicatio

1202 2227 1336 2267 propriae
1369 2225 1528 2255 voluntatis
1543 2249 1550 2263 ,
1574 2225 1670 2254 vilitas
1703 2224 1760 2254 cibi
1783 2229 1811 2255 et
1832 2229 1917 2264 potus
1932 2249 1940 2264 ,

1202 2275 1318 2314 vigiliae
1342 2279 1511 2311 nocturnae,
1529 2278 1557 2303 et
1574 2273 1619 2303 his
1641 2274 1764 2311 similia3
1782 2278 1820 2310 et,
1837 2274 1861 2303 si
1883 2284 1942 2304 non
1984 2288 1987 2291 ·

1203 2329 1394 2363 cognoscatur
1414 2324 1444 2353 in
1467 2323 1509 2353 eis
1532 2323 1690 2361 singularis
1712 2323 1761 2353 Dei
1785 2332 1885 2362 amor,
1909 2332 1943 2353 ae

1203 2373 1361 2415 peculiaris
1382 2371 1545 2402 devotionis
1566 2381 1670 2401 sensus
1692 2371 1721 2401 in
1743 2371 1942 2402 beatissimam

1202 2423 1370 2461 Virginem,
1399 2430 1456 2451 non
1489 2420 1688 2460 recipiantur,
1712 2421 1765 2450 etsi
1788 2421 1943 2451 nobilitate

1205 2471 1415 2511 praefulgeant.
1446 2470 1474 2499 Si
1499 2478 1566 2499 vero
1588 2470 1647 2499 sint
1670 2469 1713 2499 illi
1734 2469 1891 2509 comperti,
1916 2473 1944 2499 et

1204 2524 1268 2560 post
1289 2518 1458 2558 quindecim
1480 2517 1542 2547 dies
1565 2517 1862 2556 perseveraverintin
1879 2527 1943 2557 pro-

1204 2568 1299 2608 posito
1323 2567 1506 2605 ingrediendi
1528 2566 1712 2605 religionem,
1735 2566 1759 2596 si
1783 2575 1836 2606 pro
1858 2565 1943 2596 cleri-

1204 2619 1245 2648 cis
1269 2618 1392 2657 cupiunt
1413 2617 1539 2655 admitti,
1556 2616 1760 2647 examinentur
1781 2616 1860 2646 circa
1882 2620 1944 2646 stu-

1204 2667 1263 2706 dia,
1287 2676 1323 2697 an
1354 2667 1456 2697 saltem
1478 2665 1610 2704 linguam
1632 2665 1753 2696 latinam
1776 2665 1882 2704 sciant,
1914 2667 1943 2694 et

1931 270 1981 292 An.
2005 268 2035 292 C.
2055 267 2119 293 ²734

1965 329 1992 349 lle
2011 335 2094 349 rasura.

1970 915 1999 935 Du
2019 914 2110 935 silentio.

1965 1658 1993 1678 Ite
2004 1657 2132 1682 reeipiendus

1950 1685 1976 1705 ad
1993 1685 2100 1705 Oiai-iem.
