2182 3137
249 280 299 306 Αη.
316 278 344 304 c,
366 278 430 304 173t
476 267 540 302 0538

312 1514 423 1534 Praedicta

241 1541 326 1561 decreta
349 1542 422 1562 contir-

241 1571 332 1589 mautur.

435 336 520 366 nem,
531 336 613 369 quae
625 337 660 359 ex
674 327 878 361 multitudine
889 328 1112 371 magistrorum
1125 329 1174 362 de-

438 390 532 412 cursu
561 380 717 423 temporis
742 380 819 414 oriri
844 387 978 424 posset,
1006 392 1063 425 pro
1091 382 1173 415 dicta

435 433 600 475 provincia
615 433 770 467 Castellae
787 439 935 468 statutum
954 435 1023 477 suit,
1039 441 1175 479 quatuor

435 492 557 519 tantum
593 487 849 528 Salamantinae‚
884 494 951 522 tres
979 500 1055 522 vero
1082 489 1175 523 Com-

434 539 591 581 plutensis
609 539 852 573 universitatum
868 542 1109 584 praedictorum
1125 553 1175 574 an·

435 591 590 634 tiquiores
616 593 766 626 doctores
792 594 846 627 tali
873 595 1001 627 indulto
1030 596 1090 628 frui
1119 596 1174 628 de-

434 646 529 685 bere,
555 646 598 678 ita
624 648 653 680 in
682 647 749 690 ipsa
770 648 936 691 provincia
957 649 1084 682 Baetica
1111 654 1174 682 tres

434 698 597 732 dumtaxat
622 700 733 733 itidem
760 701 959 745 antiquiores
983 702 1087 735 dictae
1107 703 1174 734 uni-

435 753 593 786 versitatis
618 754 818 798 Hispalensis
844 756 994 789 doctores
1021 756 1174 799 magiste-
1195 791 1196 803 ζ

434 805 471 837 rii
498 807 680 850 privilegiis
707 807 870 850 fruantur,
899 810 1016 853 reliqui
1044 815 1172 850 autem,

433 859 459 892 si
486 860 538 903 qui
565 860 703 901 suerint,
725 863 868 905 quamvis
893 863 1009 896 ceteris
1042 863 1174 906 qualita-

434 912 520 945 tibus
547 924 617 946 mox
644 915 813 948 recensitis
838 916 977 959 praediti
1006 916 1173 959 reperian-

434 973 503 1007 tur,
529 967 584 1001 illa
618 969 750 1002 minime
784 970 972 1010 obtineant,
1000 981 1172 1013 quousque

433 1031 492 1063 per
518 1020 652 1054 alicuius
677 1033 712 1055 ex
740 1022 832 1055 dictis
858 1023 961 1055 tribus
979 1023 1172 1055 doctoribus

434 1073 672 1117 antiquioribus
699 1086 824 1108 cessum
852 1077 901 1109 vel
928 1076 1093 1110 decessum
1125 1076 1172 1109 eis

434 1128 522 1160 locus
547 1127 601 1160 siat
636 1129 812 1162 secundum
838 1130 987 1163 ordinem
1014 1140 1090 1164 suae
1117 1141 1172 1162 an-

435 1181 606 1225 tiquitatis.

478 1234 515 1267 Et
537 1235 625 1277 alias,
651 1242 748 1279 prout
773 1237 803 1269 in
831 1237 964 1271 decreto
981 1247 1040 1281 per
1066 1237 1170 1271 dictos

434 1287 622 1321 definitores
653 1289 797 1333 desuper
829 1290 937 1330 edito,
965 1291 1055 1324 cuius
1082 1296 1171 1324 teno-

433 1351 500 1374 rem
519 1342 746 1385 praesentibus
765 1354 823 1387 pro
840 1345 936 1388 plene
956 1350 987 1377 et
1008 1344 1171 1378 sufficien-

435 1401 486 1428 ter
512 1406 666 1440 expresso
700 1397 811 1430 baberi
846 1398 1010 1440 volumus,
1037 1399 1170 1432 uberius

435 1449 552 1483 dicitur
576 1451 750 1485 contineri.

479 1504 493 1547 ἓ
517 1503 548 1537 ⁶2.
575 1503 652 1537 Cum
678 1511 803 1546 autem,
829 1506 911 1539 sicut
937 1506 1049 1540 eadem
1075 1517 1172 1551 expo-

434 1557 508 1591 sitio
534 1558 762 1602 subiungebat,
787 1560 962 1603 praemissa
986 1560 1170 1604 supradicto

434 1611 565 1645 decreto
593 1612 723 1655 capituli
742 1613 906 1656 generalis
925 1614 998 1646 anni
1016 1624 1169 1655 Mncxxxv,

434 1665 517 1708 quod
554 1665 841 1700 constitutionibus
877 1666 1006 1701 Ordinis
1038 1668 1169 1711 praefati

433 1717 588 1751 insertum
614 1719 786 1762 reperitur,
812 1720 957 1764 apprime
983 1727 1170 1761 consonent,

432 1777 462 1803 et
489 1783 505 1804 a
532 1772 648 1805 dilecto
674 1772 740 1806 [ilio
767 1774 926 1806 moderno
949 1774 1057 1817 priore
1075 1785 1172 1818 gene-

433 1826 491 1858 rali
516 1826 659 1859 eiusdem
685 1826 813 1859 Ordinis
835 1854 841 1867 ‚
869 1827 1004 1871 eiusque
1029 1827 1171 1871 Congre-

434 1878 563 1921 gatione
601 1879 651 1911 die
686 1890 764 1913 xviii
800 1879 878 1912 iunii
916 1880 990 1912 anni
1024 1881 1171 1924 proxime

433 1932 600 1974 praeteriti
628 1933 804 1976 approbata
832 1933 976 1974 suerint,
1005 1934 1171 1977 petitaque

434 1985 580 2019 extensio
599 1986 726 2026 indulti,
745 1992 869 2030 septem
888 1987 1077 2020 doctoribus
1098 1997 1171 2030 pro-

432 2039 556 2072 vinciae
582 2039 737 2073 Castellae
763 2041 918 2081 concessi,
938 2041 976 2073 ad
996 2041 1083 2074 solos
1108 2046 1172 2074 tres

433 2093 634 2137 antiquiores
670 2094 855 2138 praedictae
893 2094 1079 2138 provinciae
1106 2095 1172 2128 Be-

434 2146 540 2180 thicae
575 2147 722 2181 restricta
758 2154 789 2181 et
825 2148 960 2181 limitata
999 2148 1040 2181 sit
1076 2148 1170 2182 nobis

434 2205 611 2244 propterea
635 2201 822 2245 praedictus
847 2201 982 2235 Didacus
1004 2201 1173 2235 humiliter

435 2254 611 2298 supplicari
639 2255 714 2287 fecit
737 2260 772 2287 ut
797 2255 827 2288 in
847 2255 1032 2298 praemissis
1058 2266 1173 2299 oppor-

436 2313 510 2340 tune
547 2308 718 2352 providere
755 2314 787 2342 et
820 2315 855 2342 ut
889 2309 971 2342 infra
1001 2310 1173 2352 indulgere

436 2361 475 2394 de
509 2362 711 2405 benignitate
741 2362 917 2406 apostolica
951 2363 1171 2406 dignaremur.

436 2414 499 2448 Nos
518 2415 627 2458 igitur,
648 2416 796 2449 eiusdem
818 2416 926 2449 Didaci
953 2417 1033 2451 votis
1061 2417 1121 2449 liac
1142 2417 1174 2450 iu

436 2478 470 2501 re
488 2496 495 2509 ,
523 2474 678 2512 quantum
715 2480 786 2503 cum
820 2470 955 2503 Domino
980 2480 1174 2513 possumus,

438 2522 659 2555 favorabiliter
698 2533 841 2556 annuere
877 2525 1049 2563 volentes,
1087 2533 1175 2556 eum-

437 2584 499 2617 que
539 2586 556 2607 a
599 2576 765 2619 quibusvis
805 2576 1175 2617 excommunicationis,

438 2628 661 2671 suspensionis
688 2634 720 2661 et
745 2629 930 2671 interdicti,
955 2629 1092 2673 aliisque
1118 2640 1173 2662 ec-

439 2680 625 2713 clesiasticis
643 2683 823 2724 sententiis,
842 2683 986 2717 censuris
1007 2688 1037 2717 et
1051 2684 1173 2726 poenis,

1005 279 1188 304 BULLAMUM
1213 279 1371 305 ROMANUM

1218 339 1234 361 a
1259 329 1329 362 iure
1355 330 1403 362 vel
1430 329 1469 362 ab
1492 328 1636 369 homine,
1657 329 1766 372 quavis
1783 328 1951 362 occasione

1218 383 1266 415 vel
1293 385 1386 415 causa
1420 383 1511 422 latis,
1539 383 1563 416 si
1594 383 1713 426 quibus
1749 382 1952 426 quomodoli-

1194 471 1196 487 Ι
1217 435 1270 468 bet
1289 436 1459 469 innodatus
1484 436 1603 476 existit,
1627 436 1664 469 ad
1691 435 1836 469 effectum
1862 446 1952 479 prae-

1218 489 1356 522 sentium
1384 489 1546 522 dumtaxat
1577 490 1864 533 consequendum,
1896 489 1953 521 ha-

1218 552 1285 574 rum
1304 543 1387 575 serie
1406 543 1612 576 absolventes
1631 548 1662 575 et
1680 543 1860 575 absolutum
1884 543 1951 575 sore

1218 601 1414 636 censentcS,
1449 597 1632 629 huiusmodi
1658 596 1951 640 supplicationibus

1218 649 1386 689 inclinati,
1415 656 1596 682 enarratum
1622 650 1801 687 indultum,
1826 655 1951 692 septem

1219 703 1405 736 doctoribus
1432 703 1669 746 antiquioribus
1695 703 1881 746 provinciae
1901 703 1953 736 Ca-

1218 755 1330 787 stellae
1356 754 1386 786 in
1413 754 1677 787 universitatibus
1703 754 1883 787 studiorum
1901 765 1953 797 ge-

1219 808 1378 840 neralium
1422 808 1619 841 Salmantina
1663 813 1695 840 ct
1733 808 1951 852 Complutensi

1219 862 1397 904 respective
1436 862 1590 905 promotis
1617 862 1700 895 sicut
1735 862 1952 905 praemittitur

1218 924 1417 955 concessum,
1443 916 1480 947 ad
1507 921 1571 948 tres
1598 916 1762 949 dumtaxat
1790 915 1953 959 antiquio-

1218 978 1268 1000 res
1287 968 1433 1001 doctores
1452 969 1635 1012 provinciae
1655 969 1799 1003 Baeticae
1819 970 1951 1002 fratrum

1218 1021 1293 1054 dicti
1318 1021 1444 1054 Ordinis
1477 1022 1688 1055 Eremitarum
1724 1023 1754 1056 S.
1783 1023 1951 1066 Augustini

1218 1074 1248 1106 in
1287 1075 1494 1108 universitate
1532 1076 1629 1108 studii
1658 1076 1817 1119 generalis
1842 1076 1952 1120 Hispa<

1218 1128 1315 1161 lensis
1348 1139 1432 1161 nunc
1457 1134 1487 1161 et
1512 1139 1571 1172 pro
1598 1135 1742 1172 tempore
1768 1129 1950 1172 graduatos,

1218 1181 1351 1214 servatis
1378 1187 1483 1214 tamen
1509 1182 1753 1215 conditionibus
1791 1188 1822 1214 et
1847 1182 1951 1215 decla-

1217 1234 1398 1267 rationibus
1424 1236 1631 1279 supradictis,
1659 1235 1739 1268 itaut
1763 1235 1860 1268 iidem
1888 1241 1951 1268 tres

1217 1288 1416 1332 antiquiores
1443 1289 1593 1322 doctores
1612 1289 1696 1322 inter
1713 1288 1885 1331 magistros
1902 1288 1952 1321 Or-

1218 1341 1300 1375 dinis
1338 1342 1493 1385 praedicti
1531 1342 1808 1381 adnumerentur,
1842 1347 1873 1375 et
1907 1343 1952 1374 uti

1219 1397 1297 1429 tales
1321 1396 1510 1436 habeantur,
1530 1396 1745 1440 omnibusque
1763 1395 1952 1440 privilegiis,

1217 1449 1396 1490 favoribus,
1423 1450 1676 1493 praerogativis,
1703 1449 1814 1493 gratiis
1850 1455 1881 1482 et
1906 1449 1954 1482 in-

1217 1502 1313 1536 dultis
1338 1504 1506 1546 potiantur
1531 1507 1560 1537 et
1585 1504 1771 1547 gaudeant,
1799 1503 1895 1548 potiri
1922 1508 1951 1536 et

1217 1557 1357 1599 gaudere
1383 1557 1543 1596 debeant,
1571 1557 1686 1601 quibus
1721 1557 1818 1590 ceteri
1844 1557 1875 1590 in
1901 1558 1953 1589 ea-

1217 1611 1288 1644 dem
1315 1610 1482 1654 provincia
1500 1611 1627 1644 Baetica
1647 1611 1791 1654 magistri
1811 1610 1849 1644 de
1871 1610 1951 1650 iure,

1217 1675 1273 1697 usu
1301 1670 1334 1697 et
1357 1664 1593 1698 consuetudine
1620 1665 1789 1709 potiuntur
1820 1669 1851 1697 et
1876 1674 1950 1707 gau-

1217 1717 1302 1757 dent,
1328 1723 1382 1750 aut
1405 1717 1501 1760 potiri
1530 1723 1560 1750 et
1585 1718 1726 1761 gaudere
1753 1723 1889 1761 possunt
1922 1722 1953 1750 et

1217 1776 1370 1814 poterunt
1396 1771 1641 1815 quomodolibet
1666 1771 1698 1804 in
1724 1771 1875 1811 futurum,
1901 1781 1953 1803 au-

1217 1824 1366 1857 ctoritate
1385 1825 1573 1868 apostolica,
1591 1831 1700 1858 tenore
1718 1825 1950 1868 praesentium,

1217 1878 1419 1911 extendimus
1446 1885 1477 1912 et
1501 1879 1707 1922 ampliamus.

1260 1933 1274 1975 g
1299 1932 1331 1965 3.
1359 1932 1584 1971 neom-nentes,
1612 1933 1743 1966 easdem
1764 1939 1951 1976 praesentes

1217 1986 1339 2019 litteras
1364 1996 1491 2030 semper
1516 1986 1622 2019 sirmas
1648 1987 1768 2020 validas
1794 1992 1826 2020 et
1846 1986 1951 2020 effica-

1216 2050 1269 2072 ces
1295 2040 1434 2073 existere
1461 2045 1493 2073 et
1518 2040 1605 2081 sore,
1628 2050 1768 2084 suosque
1787 2041 1951 2084 plenarios

1217 2099 1249 2126 et.
1274 2093 1419 2136 integros
1446 2093 1577 2126 effectus
1602 2093 1709 2126 sortiri
1736 2099 1768 2127 et
1787 2093 1950 2134 obtinere,

1217 2157 1252 2180 ac
1277 2146 1350 2188 illis,
1375 2147 1414 2179 ad
1439 2156 1520 2190 quos
1537 2152 1663 2190 spectat
1681 2152 1712 2180 et
1729 2157 1787 2191 pro
1806 2152 1952 2191 tempore

1218 2201 1490 2244 quandocumque
1515 2201 1686 2244 spectabit,
1705 2201 1737 2234 in
1755 2201 1905 2234 omnibus
1923 2206 1955 2234 et

1218 2265 1276 2299 per
1301 2255 1409 2288 omnia
1433 2254 1623 2299 plenissime
1650 2254 1830 2298 suffragari,
1858 2260 1889 2288 et
1914 2254 1953 2288 ab

1219 2308 1264 2341 eis
1290 2308 1469 2352 respective
1495 2308 1725 2342 inviolabiliter
1757 2308 1925 2342 observari
1944 2331 1952 2347 ,

1219 2362 1329 2405 sicque
1355 2363 1387 2395 in
1421 2361 1606 2405 praemissis
1642 2373 1701 2406 per
1735 2372 1955 2406 quoscumque

1219 2415 1340 2448 iudices
1365 2415 1550 2449 ordinarios
1575 2420 1607 2448 et
1631 2415 1795 2458 delegatos
1815 2443 1822 2457 ,
1859 2415 1955 2448 etiam

1219 2479 1386 2502 causarum
1422 2469 1533 2514 palatii
1570 2469 1737 2512 apostolici
1775 2469 1954 2509 auditores,

1220 2522 1352 2556 iudicari
1379 2528 1411 2556 et
1435 2522 1560 2555 deliniri
1587 2523 1733 2563 debete,
1764 2533 1801 2556 ac
1825 2522 1954 2555 irritum

1220 2581 1251 2609 et
1276 2576 1370 2610 inane
1396 2576 1421 2609 si
1440 2587 1532 2609 secus
1550 2576 1717 2620 superbis
1740 2587 1756 2610 a
1773 2586 1935 2620 quoquam
1948 2602 1956 2616 .

1220 2631 1329 2675 quavis
1354 2630 1559 2671 auctoritate,
1578 2630 1717 2663 scienter
1735 2631 1783 2663 vel
1803 2630 1955 2673 ignoran-

1221 2689 1280 2726 ων,
1305 2683 1475 2727 contigerit
1499 2684 1660 2717 attentari.

1962 280 2015 306 An.
2032 279 2060 307 C⁴
2076 281 2143 309 1731
2180 299 2181 304 ,

1990 1944 2110 1966 clausulae.

2168 1792 2175 1805 ἱ
