2182 3137
38 192 90 220 An.
111 188 139 214 C.
158 186 224 213 1730

235 234 296 272 guli
316 234 524 271 suffragatores
540 233 595 262 duo
612 231 720 269 regalia
737 234 801 260 octo
824 229 979 264 iuliorum,

235 292 309 321 quae
332 282 527 312 bibliothecae
550 279 752 311 universitatis
778 278 978 315 assignentur.

276 331 331 361 Pro
353 331 429 370 stipe
452 329 601 368 eroganda
634 328 804 358 definitores
831 325 861 354 in
885 325 980 354 conci-

235 380 273 409 lio
296 379 488 419 quantitatem
511 387 564 407 sex
586 376 729 414 regalium
754 378 818 404 octo
841 373 979 403 iuliorum

235 438 292 458 non
316 427 468 462 excedant,
485 427 515 455 in
538 435 595 465 quo
619 429 713 454 tamen
732 423 851 453 omnino
869 422 981 461 suppli-

235 486 301 505 rum
325 475 504 513 indigentiae
531 479 559 503 et
587 473 754 503 academiae
790 476 883 502 status
906 471 980 500 ratio

236 524 386 553 habeatur.

274 572 378 601 Caveat
401 571 520 600 omnino
547 569 704 599 concilium
725 568 760 598 ab
779 567 920 607 impensis
936 567 981 596 in-

235 620 319 650 iustis
342 619 534 649 decernendis
549 643 556 656 ,
584 618 713 657 alioquin
737 617 771 646 de
803 626 855 645 suo
878 615 980 644 acade-

235 670 309 698 miae
326 669 429 698 damna
447 677 638 707 compensare
660 666 768 704 singuli
789 664 977 695 tenebuntur.

365 744 427 774 ΤΠ.
453 743 501 772 111.
527 760 561 764 -
587 742 626 772 De
647 742 846 781 definitoribus.

276 815 432 845 tlathedras
457 818 612 853 perpetuas
642 812 808 842 obtinentes
830 811 892 850 ipso
915 811 979 839 iure

236 864 405 893 ‹letinitores
439 862 624 899 habeantur,
649 870 761 890 necnon
786 865 814 890 et
837 860 981 900 professo-

237 922 282 942 res
305 911 419 941 emeriti
443 921 494 941 seu
518 910 645 940 iubilati.

276 962 435 991 Cathedrae
458 970 526 990 vero
555 964 714 1000 perpetuae
743 964 811 988 sunt
842 958 980 987 nimirum

236 1016 369 1050 septem:
394 1019 494 1039 sacrae
524 1009 687 1047 theologiae
722 1008 861 1047 primaria
885 1012 913 1036 et
935 1015 1003 1035 νεὶ-ι

236 1060 384 1098 spertina3
402 1058 607 1095 decretalium,
621 1058 732 1087 decreti
749 1056 891 1092 Gratiani,
909 1056 983 1085 (lon-

237 1109 297 1138 cilii
321 1107 507 1137 Tridentini:
526 1107 664 1146 primaria
685 1111 712 1136 et
729 1105 895 1144 vespertina
914 1114 983 1144 pan-

236 1158 405 1193 dectarum,
430 1157 569 1195 primaria
594 1160 620 1185 et
656 1155 821 1194 vespertina
849 1154 980 1190 codicis,
1002 1182 1003 1185 ,

239 1207 376 1245 primaria
400 1209 429 1235 et
452 1205 615 1244 vespertina
647 1204 810 1233 medicinae
825 1228 831 1240 ,
858 1212 984 1241 progno-

236 1254 396 1291 sticorum,
422 1253 625 1293 philosophiae
649 1252 780 1289 moralis,
805 1251 981 1285 matheseos,

237 1303 404 1331 rhetorices.

279 1352 458 1381 Professores
481 1351 666 1390 proprietarii
686 1360 719 1379 ex
739 1350 817 1379 hisce
837 1348 984 1388 antiquio-

237 1400 356 1439 quiores
385 1405 472 1436 0010,
505 1400 624 1429 totidem
659 1409 693 1428 ex
727 1397 894 1428 doctoribus
931 1406 1004 1439 seu]

238 1450 398 1487 magistris,
421 1450 595 1488 temporales
618 1448 773 1478 cathedras
791 1446 979 1484 regentibus,

237 1498 409 1528 definitores
431 1503 458 1527 et
481 1498 685 1535 scholasticus,
710 1497 782 1526 duos
804 1497 912 1534 eligere
934 1496 983 1524 de-
1002 1520 1004 1527 Α

238 1547 338 1584 heaut,
362 1551 387 1575 et
422 1547 565 1576 eiusmodi
600 1546 703 1575 electio
739 1546 776 1574 ita
812 1545 922 1583 pariter
946 1543 981 1572 ab
1002 1580 1004 1586 ⁴

238 1599 302 1625 octo
315 1596 380 1624 aliis
394 1595 597 1635 proprietariis
612 1595 751 1633 deinceps
763 1593 888 1631 singulis
901 1592 983 1621 bien-

69 829 107 852 Oui
129 828 213 848 denna.

43 861 83 876 1·θὲ-

43 976 100 1000 Quae
110 975 224 996 cathedrae

47 1005 163 1028 perpetuae
179 1005 224 1021 sint.

848 181 990 204 CLEMENS
1016 181 1061 203 Xll
1088 182 1136 204 ΡΙ).

237 1645 294 1674 niis
317 1649 488 1683 repetatur3
513 1654 663 1683 nunquam
687 1653 756 1673 vero
779 1642 895 1672 eosdem
919 1650 983 1670 rur-

238 1703 287 1723 sus
303 1693 411 1732 eligere
428 1693 525 1729 liceat,
543 1694 599 1723 nisi
624 1697 687 1732 post
709 1692 787 1722 aliud
811 1691 980 1721 biennium:

238 1743 282 1772 cui
307 1747 403 1773 tamen
434 1743 578 1772 sanctioni
611 1742 746 1780 derogari
780 1741 906 1780 poterit,
932 1740 982 1769 uhi

238 1791 265 1821 id
289 1792 415 1822 suaserit
438 1792 548 1831 optime
580 1791 685 1821 merita
717 1791 752 1820 de
784 1790 872 1820 rebus
895 1789 983 1827 gestis

238 1840 381 1870 industria
405 1849 558 1879 personae,
579 1844 607 1870 et
622 1844 682 1869 tres
705 1849 742 1868 ex
765 1843 891 1878 quatuor
914 1847 983 1867 con—
1003 1854 1005 1860 ν

238 1889 299 1919 cilii
318 1889 450 1928 partibus
473 1889 688 1919 consenserint.

1023 228 1097 258 miae
1120 229 1185 259 albo
1208 230 1317 259 suerint
1349 228 1504 268 inscripti,
1528 227 1696 266 nulliusque
1718 226 1766 256 do-

1023 278 1111 307 ctoris
1133 279 1195 308 sive
1221 279 1342 308 alterius
1375 278 1527 308 famulatui
1560 277 1618 306 sint
1646 275 1764 306 addicti.

1024 326 1140 355 Primus
1169 336 1222 366 pro
1255 328 1353 365 regnis
1386 327 1548 363 Castellae‚
1572 325 1706 363 Legionis
1738 328 1766 354 et

1023 375 1185 412 Navarrae3
1210 376 1358 405 secundus
1391 385 1443 415 pro
1475 375 1573 412 regnis
1604 373 1767 411 Aragoniae

1023 427 1050 452 et
1072 423 1237 461 valentiae,
1269 424 1372 453 tertius
1406 433 1457 462 pro
1487 423 1653 453 Cataloniae
1686 422 1766 461 prin-

1023 472 1139 511 cipatu,
1164 477 1285 510 quartus
1309 481 1360 510 pro
1383 472 1505 506 exteris,
1530 472 1580 511 qui
1599 471 1766 501 Cervariam

1022 520 1184 549 studiorum
1217 522 1305 550 eausa
1339 520 1556 550 confluxerint:
1581 519 1768 549 uniuscuius-

1022 578 1078 607 que
1101 578 1169 597 vero
1191 568 1293 597 classis
1319 577 1388 597 cura
1412 568 1446 596 ad
1469 577 1708 607 unumquemque
1732 577 1767 596 ex

1023 618 1160 656 praefatis
1183 617 1362 646 consiliariis
1386 616 1554 655 pertinebit.

1062 666 1301 696 Consiliariorum
1325 665 1453 695 officium
1478 669 1541 704 post
1563 665 1630 693 anni
1654 665 1767 703 lapsum

1022 716 1150 755 expiret,
1175 720 1202 745 et
1225 725 1314 755 penes
1347 715 1461 744 eosdem
1485 715 1521 743 sit
1542 715 1606 750 ius,
1630 714 1767 753 imposte-

1022 774 1087 794 rum
1112 764 1236 802 singulis
1254 764 1351 799 annis,
1369 763 1466 793 iudice
1484 768 1579 792 tamen
1599 763 1767 791 academiae

1023 818 1050 843 et
1073 813 1229 843 tabellione
1257 812 1479 852 praesentibus,
1507 811 1562 841 sibi
1585 821 1769 841 successores

1024 863 1143 892 idoneos
1161 872 1195 891 ex
1218 862 1318 899 regnis
1340 861 1499 899 designatis
1523 860 1663 889 oriundos
1688 869 1770 898 prae-

1024 912 1080 941 fato
1096 912 1199 941 ordine
1212 911 1350 949 eligendi.
1368 910 1399 940 In
1413 909 1581 939 huiusmodi
1598 908 1771 947 autem-ele-

1024 961 1171 991 ctionibus
1194 961 1342 995 convivia,
1361 960 1592 998 compotationes
1608 962 1636 987 et
1652 958 1705 987 alia
1723 958 1767 987 lu-

1025 1019 1078 1039 xus
1090 1010 1280 1039 incitamenta
1297 1009 1489 1038 scholasticus
1513 1008 1631 1037 cumino
1649 1006 1767 1036 vetabit.

1064 1059 1230 1089 Consiliarii
1247 1068 1368 1087 munere
1391 1057 1480 1087 semel
1505 1058 1631 1090 functus,
1652 1055 1770 1085 nonnisi

1026 1113 1088 1148 post
1112 1108 1270 1137 triennium
1296 1117 1397 1137 rursu<
1420 1107 1554 1144 eligatur.
1583 1105 1612 1134 Si
1636 1115 1702 1134 vero
1720 1105 1772 1133 du-

1025 1162 1107 1187 rante
1141 1157 1236 1186 officio
1269 1156 1304 1185 ab
1338 1155 1485 1185 academia
1518 1154 1675 1184 absuturus
1708 1154 1769 1191 sit,

1026 1207 1163 1236 idoneum
1194 1205 1447 1245 proconsiliarium
1467 1203 1604 1240 sufficiet,
1622 1205 1717 1241 eaque
1736 1202 1771 1232 de

1026 1265 1056 1285 re
1078 1255 1204 1284 iudicem
1228 1254 1382 1283 certiorem
1407 1253 1502 1282 faciat.
1519 1252 1548 1282 Si
1568 1252 1643 1281 intra
1660 1260 1770 1280 annum

1003 1321 1004 1327 .
1026 1304 1171 1341 redierit,
1195 1303 1271 1342 quod
1295 1303 1441 1341 reliquum
1465 1306 1509 1331 estv
1531 1301 1670 1340 temporis
1685 1323 1692 1335 ,
1721 1309 1771 1339 per

1026 1363 1055 1383 se
1070 1352 1209 1392 explebit.
1235 1351 1478 1381 Proconsiliarius
1495 1354 1592 1380 autem
1612 1359 1688 1378 anno
1706 1359 1771 1388 pro-

1026 1402 1106 1431 xime
1123 1402 1257 1440 sequenti
1281 1401 1349 1438 eligi
1373 1409 1428 1429 non
1455 1400 1561 1439 poterit
1584 1399 1613 1428 in
1636 1399 1768 1428 consilia-

1002 1443 1004 1489 ᾗ
1026 1452 1114 1486 rium,
1135 1451 1251 1480 tametsi
1275 1450 1379 1487 exiguo
1403 1453 1534 1487 tempore
1558 1447 1771 1486 proronsiliarii

1026 1509 1132 1528 munus
1154 1499 1332 1528 exercuerit.

1066 1548 1249 1585 Consiliarii,
1274 1547 1380 1586 quihus
1403 1546 1489 1575 etiam
1514 1546 1558 1575 iu<
1581 1545 1693 1574 serendi
1712 1544 1771 1573 sus—

1026 1597 1149 1634 fragium
1174 1597 1202 1625 in
1227 1595 1351 1625 concilio
1375 1595 1460 1634 pleno
1484 1594 1665 1627 conceditur,
1694 1597 1771 1631 post-

1026 1654 1112 1684 quam
1130 1645 1214 1674 electi
1232 1644 1352 1681 tuerint,
1370 1644 1404 1673 de
1429 1642 1581 1672 servandis
1605 1642 1770 1671 academiae

1003 1699 1004 1732 g
1026 1692 1286 1723 constitutionibus
1302 1697 1330 1722 et
1349 1692 1466 1722 statutis
1485 1691 1519 1720 ad
1539 1700 1623 1720 suum
1641 1690 1770 1720 officium

1027 1742 1243 1782 pertinentibus
1266 1742 1360 1781 palam
1385 1740 1574 1770 iureiuramlo
1598 1749 1627 1769 se
1645 1739 1770 1769 obstrin-

1026 1797 1111 1830 gant:
1136 1796 1298 1831 curentque
1332 1791 1452 1830 insuper
1481 1790 1672 1828 diligentius,
1697 1799 1771 1828 quae

1026 1842 1103 1871 inter
1125 1841 1274 1871 scholares
1297 1840 1351 1870 sibi
1375 1840 1546 1869 commissos
1568 1839 1771 1868 emendatione

1004 1901 1005 1906 ¹
1026 1891 1112 1928 digna
1146 1889 1413 1928 deprehemlerint,
1439 1889 1473 1917 ad
1507 1887 1674 1917 academiae
1698 1887 1773 1916 iudi-

1777 179 1828 204 An.
1845 177 1875 203 C.
1894 177 1962 204 1730

1792 678 1912 700 Consiliarii
1926 680 1957 699 ot*-

1780 705 1848 725 licium
1863 710 1909 732 pozt
1925 712 1964 726 an.

1779 738 1826 752 num
1843 734 1932 758 expiret.

1804 1559 1862 1582 Quod
1879 1559 1904 1579 sit
1921 1559 1965 1578 ittu-

1783 1592 1826 1606 rum
1842 1586 1942 1606 officium,

278 1939 427 1968 Biennalis
450 1939 521 1968 haee
545 1939 648 1968 electio
671 1938 721 1968 ssat
744 1937 861 1976 postera
883 1936 930 1965 die
949 1936 983 1965 ad
1004 1922 1006 1991 ἰ
1027 1949 1088 1969 cem
1113 1939 1319 1968 incunctanter
1348 1938 1480 1973 det'erref,
1505 1946 1629 1976 eumque
1653 1946 1687 1965 ex
1710 1936 1773 1965 ossi-

238 1988 344 2017 festum
369 1987 396 2017 S.
420 1988 533 2025 Lucae,
560 1996 613 2016 nec
645 1986 804 2026 quidquam
839 1985 918 2014 aliud
950 1994 983 2014 eo
1004 1996 1006 2029 Ἰ
1027 1989 1083 2025 cio,
1110 1988 1223 2027 quoties
1246 1992 1335 2017 noctu
1357 1986 1484 2025 compita
1513 1989 1562 2015 aut
1584 1986 1669 2014 aedes
1691 1985 1773 2014 scho-

238 2037 363 2066 coneilio
385 2037 431 2074 agi
455 2036 555 2075 possit.
1004 2036 1132 2079 {larium
1164 2037 1320 2070 inviserit,
1350 2037 1460 2065 sociare
1498 2034 1656 2064 debebunt.
1690 2033 1772 2069 Quod

279 2085 439 2115 Concilium
472 2085 681 2119 definitorum,
706 2085 782 2124 quod
810 2094 861 2124 pro
885 2094 983 2114 rerum

239 2134 457 2174 opportunitate
480 2133 673 2164 scholasticus
693 2133 847 2163 convocari
865 2133 985 2162 manda-

239 2183 335 2221 verit,
358 2187 455 2213 ratum
478 2188 506 2213 et
528 2183 692 2222 legitimum
720 2192 778 2212 non
801 2183 983 2219 aestimetur,

241 2232 269 2261 in
293 2241 351 2271 quo
374 2232 466 2262 maior
489 2242 555 2271 pars
578 2242 612 2261 ex
635 2231 803 2261 doctoribus
821 2240 872 2261 seu
895 2231 987 2269 magi-

241 2281 320 2315 stris,
337 2282 387 2321 qui
406 2286 474 2311 suut
496 2283 559 2321 ipso
578 2281 642 2311 iure
664 2281 844 2317 definitores,
862 2290 918 2310 non
942 2280 986 2310 in-

242 2330 387 2359 tersuerit.

385 2405 448 2435 TIT.
473 2405 519 2436 lv.
543 2424 581 2428 —
603 2406 642 2435 De
664 2406 845 2435 consiliariis.

27 2501 30 2505 .
50 2481 231 2529 ffia‘ssf‘fflgaffi
282 2480 411 2512 Quatuor
434 2477 594 2507 consiliarii
617 2476 652 2507 ab
676 2477 851 2507 scholastico
878 2486 988 2507 renun-

51 2535 97 2560 «μιῆς
118 2535 138 2555 in
162 2526 311 2556 eona-etati
335 2526 494 2563 eligantur,
519 2526 596 2561 vita,
621 2526 761 2560 moribus,
786 2526 905 2564 ingenio
922 2535 988 2565 pro-

51 2561 133 2613 Εἷζζῗῗ
183 2563 407 2611 ‘'¹³³¹hatissi1ni,
438 2575 487 2614 qui
521 2575 624 2605 saltem
659 2584 708 2613 per
741 2584 850 2604 annum
885 2575 989 2605 acade-

299 2634 378 2659 ltutt.
397 2634 481 2659 Rom.
504 2648 538 2652 —
564 2634 626 2658 Vol.
649 2632 748 2659 XXIII
902 2632 931 2658 02'1

1027 2092 1124 2117 tamen
1152 2096 1207 2116 nec
1240 2085 1364 2123 crebro,
1390 2094 1442 2114 nec
1466 2084 1528 2113 sine
1552 2085 1656 2121 magna
1685 2084 1774 2112 causa⁴

1027 2135 1203 2165 consiliarils
1224 2135 1311 2164 iudex
1344 2133 1487 2171 iniunget.
1512 2133 1579 2162 Illos
1612 2142 1679 2162 vero
1701 2141 1774 2160 nun-

1028 2194 1114 2224 quam
1131 2194 1182 2223 per
1199 2193 1229 2213 se
1246 2183 1397 2213 dumtaxat
1420 2183 1473 2211 hoc
1494 2191 1600 2211 munus
1622 2180 1702 2210 obire
1726 2189 1774 2218 pa-

1029 2234 1117 2263 tiatur
1132 2257 1139 2271 ,
1163 2242 1199 2261 ne
1227 2232 1394 2262 inconsulta
1417 2231 1505 2259 nimis
1538 2229 1706 2267 ceteroquin
1730 2228 1774 2258 iu-

1030 2287 1132 2313 ventus
1151 2287 1261 2312 temere
1288 2282 1318 2311 in
1348 2280 1477 2320 pericula
1502 2279 1687 2309 coniiciatur.

1059 2359 1119 2389 ΤιΤ.
1143 2359 1176 2389 V.
1200 2377 1239 2381 —
1260 2358 1301 2387 De
1320 2357 1522 2396 professoribus
1542 2355 1740 2393 yrnmnzalicae

1265 2407 1366 2436 latinae
1388 2410 1412 2435 et
1433 2415 1541 2443 ¹qreeae.

1070 2480 1211 2519 Discipuli
1228 2487 1339 2515 omnes,
1358 2478 1387 2506 in
1405 2480 1532 2516 quatuor
1550 2475 1659 2505 classes
1674 2474 1774 2505 distri-

1030 2529 1105 2567 buti,
1130 2528 1248 2558 latinam
1272 2527 1402 2564 linguam
1425 2525 1567 2563 gradatim
1591 2534 1605 2553 a
1630 2523 1722 2563 primo
1738 2523 1773 2553 ad

1031 2578 1169 2614 quartum
1192 2580 1302 2601 annum
1326 2579 1340 2599 a
1363 2569 1572 2608 grammaticae
1601 2571 1770 2607 praecepto-

1786 2484 1861 2503 Mrma
1883 2482 1968 2502 schola-

1787 2517 1830 2530 rum
1852 2510 1968 2530 societatis

1784 2537 1831 2557 lesu
1847 2535 1959 2556 servanda.
