2182 3137
140 225 188 250 An.
205 223 234 250 c.
258 223 323 250 ¹731
373 214 437 247 942

332 272 536 314 propositum
571 271 685 304 suisset
713 271 799 304 illius
827 271 992 304 vocalibus
1017 270 1076 303 ibi-

334 325 406 357 dem
433 327 495 355 una
520 323 748 365 congregatis,
775 334 814 356 an
837 334 874 356 ex
896 326 981 356 sexta
1007 333 1076 355 sua-

335 388 404 409 rum
431 378 539 418 legum
558 382 730 409 censerent
752 376 854 409 teneri
883 376 997 409 Fratres
1023 376 1076 408 do-

334 434 427 461 natos
453 439 604 461 exercere
630 427 778 460 munera¹
807 428 996 460 humilitatis
1019 434 1077 460 ter-

335 482 420 514 soris
446 482 653 513 scutellarum
687 486 718 513 et
752 481 920 513 servitoris
952 481 1076 523 primae

335 545 479 573 mensae,
511 534 602 565 sicuti
630 539 782 566 exercent
806 535 906 566 ceteri
932 534 1075 575 religiosi

334 588 502 625 chorales,
531 587 625 619 etiam
651 587 855 627 sacerdotes,
881 597 899 618 a
923 587 1077 630 quinqua-

336 641 424 682 ginta
441 652 476 673 ex
505 641 741 683 quinquaginta
767 647 889 683 septem
912 641 1076 673 vocalibus

336 694 520 726 huiusmodi
548 694 735 726 affirmative
754 700 786 726 et
805 704 860 735 per
877 698 999 725 secreta
1018 693 1077 724 sus-

336 747 426 788 ragia
451 757 645 788 responsum
685 747 763 785 suit;
796 757 831 778 ac
868 746 1075 789 postmodum

336 800 441 832 felicis
460 800 695 832 recordationis
710 799 902 831 Benedictus
918 799 1001 840 Papa
1012 798 1076 830 xtlt

335 852 572 895 praedecessor
604 859 712 884 noster
741 862 799 894 per
824 862 896 883 suas
923 851 954 882 in
980 851 1076 882 simili

337 906 441 937 forma
461 905 567 937 Brevis
586 905 636 937 die
655 915 716 937 xxti
740 904 817 936 iunii
837 904 980 936 eiusdem
1002 903 1077 935 anni

335 967 527 991 Moccxxviu
554 957 720 999 expeditas
749 957 870 989 litteras
896 961 1077 988 enarratam

335 1011 469 1053 capituli
496 1010 656 1052 generalis
684 1009 926 1047 resolutionem,
950 1014 1016 1041 toto
1042 1009 1079 1040 il-

336 1063 398 1095 lius
425 1068 538 1094 tenore
564 1063 698 1099 inserto,
724 1062 944 1099 contirmavit,
971 1060 1079 1093 dictis-

337 1126 399 1158 que
426 1116 579 1147 fratribus
606 1115 731 1146 donatis
762 1119 955 1157 perpetuum
982 1123 1080 1155 super

337 1169 399 1200 hac
424 1168 614 1210 quaestione
640 1167 806 1199 silentium
832 1166 995 1208 imposuit,
1021 1176 1080 1197 nec

338 1221 476 1263 amplius
494 1221 673 1253 audiendos
689 1221 844 1253 decrevit.
863 1220 971 1260 Porro,
992 1219 1079 1251 lusce

338 1274 504 1306 Benedicti
531 1273 946 1319 praedecessorislitteris,
974 1272 1079 1314 quoad

337 1338 451 1359 earum
478 1327 688 1358 substantiam
716 1337 774 1368 per
792 1326 878 1368 ipsos
896 1326 1011 1357 fratres
1029 1325 1082 1357 do-

338 1385 431 1412 natos
456 1380 640 1422 acceptatis,
657 1380 794 1411 humiles
820 1379 927 1411 eidem
949 1378 1081 1410 Benedi-

338 1438 390 1465 cto
407 1432 656 1475 praedecessori
683 1443 797 1474 preces
824 1431 971 1464 exhiberi
994 1441 1081 1463 cura-

338 1490 424 1523 runt,
451 1485 580 1527 quibus,
605 1485 663 1517 etsi
691 1485 772 1517 nihil
798 1484 885 1516 aliud
912 1483 1083 1526 petiissent

339 1548 434 1580 quam
462 1543 497 1569 ut
522 1538 688 1569 declarare
723 1539 820 1570 vellet
845 1548 909 1569 non
935 1547 1083 1578 compre-

340 1591 486 1623 hendere
505 1591 538 1622 in
556 1590 715 1622 eiusmodi
743 1589 860 1622 litteris
878 1590 950 1622 illos
970 1590 1082 1621 tratres

340 1644 491 1684 donatos,
512 1644 628 1687 quibus
653 1644 786 1685 aliquod
813 1654 850 1675 ex
872 1642 1083 1685 sequentibus

340 1697 465 1738 officiis,
487 1697 639 1729 nimirum
658 1696 811 1735 vestiarii,
826 1696 964 1728 ministri
979 1697 1082 1728 cellae

340 1750 494 1790 vinariae,
520 1750 699 1793 praepositi
731 1749 776 1781 rei
808 1749 958 1788 rusticae,
987 1759 1083 1791 quae-

341 1803 438 1836 storis
463 1804 756 1845 eleemosynarum,
785 1801 900 1844 coqui,
925 1801 1084 1833 subsacri-

342 1862 410 1888 stae
435 1861 466 1888 et
490 1855 637 1888 ianitoris
663 1855 862 1897 assignatum
889 1854 988 1893 soret,
1014 1864 1084 1896 pro-

340 1909 401 1941 diit
427 1914 534 1940 tamen
567 1907 618 1939 die
650 1917 685 1939 111
719 1906 914 1949 septembris
950 1906 1084 1948 praefati

343 1961 418 1994 anni
435 1970 619 1995 MDccxxvul
633 1971 650 1992 a
667 1966 742 1991 tunc
763 1959 919 1992 existente
936 1959 1084 1990 auditore

342 2013 514 2048 >memorati
540 2013 707 2046 Benedicti
745 2012 1004 2055 praedecessoris
1031 2012 1086 2044 de-

341 2073 489 2106 cretum,
514 2077 578 2110 quo
604 2067 809 2105 declaratur,
836 2065 937 2097 dictas
962 2066 1086 2098 litteras

345 2131 412 2153 non
430 2119 712 2162 comprehendere
733 2119 847 2150 fratres
865 2119 1002 2150 donatos
1021 2128 1086 2150 non

347 2174 454 2206 solum
479 2172 633 2215 praefata,
659 2172 713 2203 sed
740 2176 771 2203 et
796 2171 859 2203 alia
877 2171 908 2202 in
935 2171 1007 2213 ipso
1034 2171 1088 2203 de-

346 2231 436 2258 creto
478 2234 630 2267 expressa
668 2234 704 2256 ac
740 2223 835 2256 etiam
873 2223 938 2255 illis
970 2223 1089 2255 similia

347 2278 452 2310 officia
477 2282 693 2317 exercentes;
714 2282 746 2309 et
770 2276 902 2318 insuper
927 2276 1001 2309 illos
1024 2286 1089 2308 non

350 2331 464 2370 teneri,
482 2341 541 2364 nec
558 2330 718 2372 obligatos
732 2340 803 2362 esse
822 2339 934 2371 gerere
953 2339 1090 2361 munera

350 2384 515 2426 praedicta
540 2383 675 2415 tersoris
705 2382 912 2414 scutellarum
940 2387 971 2413 et
995 2381 1091 2413 servi-

351 2436 431 2468 toris
456 2436 578 2478 primae
605 2445 752 2474 mensae;
772 2439 804 2467 et
827 2434 917 2472 alias,
945 2437 1042 2476 prout
1059 2433 1090 2465 in

351 2489 437 2521 dicto
464 2489 607 2527 decreto,
629 2487 718 2519 euius
744 2487 882 2530 perinde
906 2497 942 2518 ac
967 2486 1091 2531 praesa-

350 2547 455 2574 tarum
488 2541 654 2574 Benedicti
687 2539 949 2583 praedecessoris
974 2539 1092 2572 littera-

387 2603 400 2629 1
423 2602 494 2628 Edit.
517 2602 599 2628 Main.
622 2602 687 2637 legit
705 2610 831 2629 ‘numera
852 2601 950 2635 (11.τ.).

918 223 1098 247 BULLARIUM
1122 224 1275 248 ROMANUM

1119 281 1187 303 rum
1214 277 1345 305 tenores
1371 273 1598 315 praesentibus
1624 284 1683 315 pro
1707 274 1804 315 plene
1829 279 1862 306 et

1119 324 1316 357 sufficienter
1349 325 1509 367 expressis
1535 330 1567 357 et
1591 325 1630 357 ad
1655 325 1790 357 verbum
1815 325 1862 357 in-

1119 376 1211 409 sertis
1239 376 1350 408 haberi
1377 377 1532 415 volumus,
1561 376 1694 409 uberius
1719 378 1862 410 contine-

1121 434 1181 462 tur.

1164 482 1178 524 §
1203 481 1234 514 ⁶2.
1255 482 1333 515 Cum
1359 487 1479 521 autem,
1502 481 1587 514 sicut
1603 482 1715 514 eadem
1735 482 1862 524 exposi-

1121 534 1164 566 tio
1182 534 1406 576 subiungebat,
1434 534 1612 566 declaratio
1634 545 1651 566 a
1668 534 1753 567 dicto
1778 534 1862 566 audi-

1122 593 1190 619 tore
1217 586 1383 619 Benedicti
1413 587 1676 629 praedecessoris
1707 586 1752 618 sic
1777 586 1863 619 edita

1122 639 1216 671 nimis
1242 650 1321 680 vaga
1346 645 1376 671 et
1401 639 1508 681 ampla
1534 639 1751 681 dignoscatur,
1779 637 1861 670 tum¹

1121 691 1196 734 quia
1213 692 1322 734 plures
1341 691 1570 734 complectitur
1587 692 1740 724 officiales
1767 702 1861 734 quam

1121 755 1179 786 per
1214 744 1371 786 ipsosmet
1406 745 1519 776 fratres
1555 745 1693 776 donatos
1723 744 1862 786 petitum

1123 797 1249 837 suerat,
1276 798 1438 839 latumque
1470 796 1602 839 praebet
1637 796 1756 828 aditum
1782 797 1863 829 alios

1122 860 1253 892 quoque
1279 849 1420 882 addendi
1447 854 1615 891 praetextu
1642 849 1794 881 similium
1817 849 1864 882 os-

1122 901 1261 940 ciorum,
1283 907 1349 933 tum
1368 901 1443 944 quia
1462 901 1583 934 eisdem
1604 901 1794 934 officialibus
1813 902 1864 933 ab·

1122 955 1227 986 solute
1255 960 1286 986 et
1311 953 1476 986 indefinite
1513 954 1635 997 absque
1671 954 1863 986 limitatione

1124 1006 1279 1048 temporis
1304 1006 1543 1048 exemptionem
1577 1006 1712 1045 tribuit,
1737 1006 1863 1039 tametsi

1123 1059 1216 1100 plura
1242 1070 1278 1091 ex
1305 1059 1399 1091 dictis
1425 1059 1540 1091 officiis
1564 1059 1694 1091 nonnisi
1720 1059 1865 1102 interpo-

1123 1112 1219 1143 latam
1237 1122 1274 1143 ac
1294 1111 1427 1144 minime
1449 1111 1636 1144 continuam
1661 1122 1794 1154 operam
1814 1122 1865 1143 ex-

1124 1170 1281 1206 poscant,
1311 1175 1370 1196 nec
1407 1164 1586 1206 impediant
1611 1164 1785 1206 quominus
1810 1164 1866 1196 illa

1124 1222 1275 1258 gerentes
1301 1227 1436 1249 munera
1462 1216 1653 1248 humilitatis
1679 1216 1788 1248 subire
1812 1227 1867 1248 va-

1125 1271 1231 1309 leant;
1259 1269 1377 1312 quibus
1409 1269 1505 1301 etiam
1532 1270 1676 1309 accedit,
1703 1269 1811 1311 quod,
1838 1269 1866 1301 si

1125 1323 1306 1355 istiusmodi
1334 1323 1509 1355 declaratio
1531 1324 1656 1365 <utpote
1678 1333 1761 1365 quae
1781 1323 1867 1355 iuxta

1125 1387 1217 1408 suum
1239 1387 1350 1407 verum
1376 1385 1505 1408 sensum
1531 1386 1645 1408 omnes
1672 1375 1785 1408 fratres
1810 1376 1866 1408 do-

1126 1435 1218 1461 natos
1237 1440 1253 1461 a
1272 1428 1364 1461 dictis
1391 1428 1581 1460 muneribus
1608 1433 1774 1470 exemptos
1795 1428 1868 1460 red-

1126 1481 1181 1519 dit,
1208 1492 1278 1513 cum
1306 1492 1418 1513 eorum
1445 1481 1590 1523 singulos
1611 1480 1719 1523 aliquo
1745 1480 1779 1512 in
1803 1480 1868 1512 suis

1126 1534 1337 1567 conventibus
1356 1534 1461 1567 officio
1480 1533 1570 1575 fungi
1588 1534 1748 1576 oporteat)
1763 1534 1867 1566 locum

1127 1587 1186 1618 sibi
1213 1586 1405 1626 vindicaret,
1432 1597 1499 1619 non
1523 1586 1671 1619 modicae
1698 1586 1812 1618 turbae
1832 1596 1869 1618 ac

1127 1640 1271 1672 confusio
1308 1639 1539 1672 inveherentur
1564 1639 1595 1671 in
1629 1639 1708 1671 alias
1741 1649 1870 1682 quoque

1128 1693 1203 1725 dicti
1230 1692 1359 1725 Ordinis
1384 1693 1578 1735 provincias,
1604 1693 1661 1725 ubi
1686 1693 1749 1725 hoc
1767 1702 1870 1725 exem-

1128 1747 1181 1789 plo
1197 1751 1308 1778 exacta
1321 1746 1582 1788 supradictarum
1600 1745 1870 1778 constitutionum

1128 1800 1213 1832 circa
1234 1799 1420 1838 huiusmodi
1446 1809 1582 1831 munera
1610 1798 1800 1831 humilitatis
1824 1798 1872 1830 vi-

1128 1863 1207 1894 gens
1231 1852 1437 1885 observantia
1468 1851 1629 1884 immutari
1661 1852 1781 1884 vellet:
1808 1851 1871 1893 ipsi

1130 1903 1354 1948 pracpositus²
1369 1910 1400 1937 et
1418 1909 1611 1947 procurator
1628 1905 1798 1946 generales
1816 1914 1872 1946 op-

1130 1964 1304 2001 portunum
1328 1957 1361 1989 in
1386 1957 1572 1999 praemissis
1596 1956 1784 1994 remedium,
1805 1966 1871 1998 quo

1130 2011 1272 2043 universi
1297 2009 1427 2042 Ordinis
1453 2009 1610 2051 praedicti
1636 2009 1707 2051 paci
1733 2014 1764 2040 et
1789 2013 1874 2040 tran-

1131 2063 1281 2106 quillitati
1304 2062 1534 2105 prospiciatur,
1552 2062 1777 2103 dictarumque
1795 2070 1874 2093 con-

1131 2115 1334 2148 stitutionum
1375 2114 1545 2157 dispositio
1586 2114 1691 2157 quoad
1730 2113 1875 2156 praefata

1132 2178 1266 2200 munera
1286 2167 1477 2200 humilitatis
1492 2167 1524 2198 in
1539 2166 1687 2198 omnibus
1704 2165 1791 2198 illius
1804 2176 1874 2207 pro-

1131 2221 1244 2253 vinciis
1263 2220 1444 2263 aequaliter
1464 2224 1622 2257 servetur,
1639 2229 1656 2251 a
1673 2218 1766 2251 nobis
1785 2218 1875 2250 adhi-

1132 2274 1203 2306 beri
1222 2283 1426 2315 summopere
1444 2272 1646 2304 desiderent:
1664 2282 1733 2311 nos,
1751 2281 1875 2304 eorum-

1134 2327 1206 2358 den]
1232 2324 1411 2368 praepositi
1438 2329 1470 2356 et
1493 2324 1716 2367 procuratoris
1738 2334 1876 2366 genera-

1134 2380 1211 2412 lium
1236 2379 1318 2411 votis
1340 2378 1399 2410 bac
1423 2377 1456 2409 in
1477 2388 1521 2417 re,
1541 2384 1696 2420 quantum
1724 2387 1795 2409 cum
1814 2377 1875 2409 Do-

1135 2433 1222 2465 mino
1249 2441 1442 2474 possumus,
1471 2430 1694 2463 favorabiliter
1729 2440 1875 2462 annuere

1135 2487 1295 2523 volentes,
1316 2494 1493 2527 eorumque
1519 2483 1701 2526 singulares
1719 2493 1877 2526 personas

1172 2558 1181 2581 1
1206 2555 1277 2582 Edit.
1299 2554 1377 2581 Main.
1399 2554 1464 2589 legit
1483 2557 1541 2582 tam
1563 2553 1663 2586 (nun).

1169 2599 1186 2625 2
1207 2598 1278 2625 Edit.
1299 2598 1378 2625 Main.
1400 2597 1467 2632 legit
1482 2597 1680 2632 praepositum
1698 2597 1737 2630 (n.
1754 2596 1804 2629 τ.).

1863 228 1912 252 An.
1932 226 1962 252 G.
1985 225 2051 252 ¹731

1900 495 2013 515 confirmat
2034 496 2058 515 ut.

1874 524 1893 542 in
1911 522 2006 542 rubrica.
