2182 3137
50 257 100 286 An.
121 257 151 285 C.
172 257 242 285 1733

98 906 230 927 tib-ianuam

43 933 163 959 derossiuo.

81 1867 144 1888 Fides
171 1869 227 1889 tran·

41 1897 129 1919 sumpt-s
166 1895 226 1916 adhi·

41 1921 118 1942 benaa.

243 306 412 348 obtinere,
439 317 475 340 ac
503 307 585 347 illis,
612 306 652 341 ad
689 317 769 351 quos
801 312 927 351 spectat
959 312 989 340 et

243 371 304 405 pro
330 366 480 405 tempore
505 361 777 405 quandocumque
804 362 967 404 spectabit

245 415 275 447 in
295 416 448 448 omnibus
466 420 497 448 et
515 426 574 459 per
592 415 697 449 omnia
715 414 903 458 plenissime
922 416 988 448 suf-

246 468 374 510 fragari,
394 474 425 501 et
447 468 487 501 ab
514 468 559 501 eis
586 468 766 512 respective
792 467 988 501 iuviolabili-

245 525 293 554 ter
313 521 496 561 observari,
519 521 631 565 sicque
657 521 689 554 in
716 520 904 565 praemissis
930 531 989 564 per

242 585 469 619 quoscumque
495 575 621 608 iudices
647 575 830 608 ordinarios
850 580 879 608 et
900 576 988 608 dele-

241 634 350 670 gatos,
371 628 469 661 etiam
487 639 657 661 causarum
677 628 790 672 palatii
815 628 986 672 apostolici

241 681 407 714 auditores
425 709 433 722 ‚
463 681 600 714 iudicari
628 687 660 715 et
685 680 813 727 definiri
840 681 986 721 debere,

241 745 278 768 ac
304 734 432 767 irritum
451 739 482 767 et
512 736 609 768 inane
635 735 662 767 si
689 745 784 768 secus
809 745 909 778 super
934 735 986 768 his

241 799 258 820 a
283 799 455 832 quoquam,
482 787 593 831 quavis
620 788 823 828 auctoritate,
840 788 987 822 scienter

241 843 289 875 vel
315 834 517 885 ignoranter,
542 842 722 885 contigerit
745 843 909 875 attentari.

286 895 301 938 ξ
324 895 356 928 4.
384 894 452 928 Non
469 895 677 928 obstantibus
696 895 986 930 constitutionibus

242 953 273 982 et
311 948 573 982 ordinationibus
609 949 826 993 apostolicis,
858 960 985 984 necnon

240 1001 509 1045 Congregationis
519 1002 691 1046 Hispaniae
703 1007 734 1035 et
750 1002 880 1036 Ordinis
895 1014 986 1047 prae-

240 1055 401 1088 dictorum
426 1082 433 1096 ,
473 1055 610 1100 aliisque
651 1056 817 1099 quibusvis
839 1084 846 1097 ‚
888 1057 985 1090 etiam

239 1108 433 1149 iuramento,
452 1108 699 1142 confirmatione
722 1110 915 1154 apostolica,
936 1111 984 1144 vel

240 1163 351 1206 quavis
383 1162 537 1195 firmitate
563 1163 623 1195 alia
649 1163 826 1203 roboratis,
855 1164 984 1197 statutis

240 1221 272 1249 et
296 1216 608 1257 consuetudinibus,
635 1217 814 1261 privilegiis
841 1228 982 1261 quoque,

239 1271 374 1304 indultis
393 1271 559 1304 etlitteris
587 1271 775 1315 apostolicis
802 1272 832 1305 iu
859 1278 985 1306 contra-

239 1325 323 1358 rium
350 1325 606 1369 praemissorum
635 1326 883 1369 quomodolibet
909 1338 985 1360 con-

239 1379 352 1419 cessis,
371 1379 571 1413 confirmatis
598 1385 628 1412 et
655 1380 841 1421 innovatis,
865 1381 984 1424 quibus

239 1433 390 1468 omnibus
427 1439 459 1466 et
495 1434 656 1477 singulis,
683 1434 815 1467 illorum
854 1440 984 1468 tenores

238 1488 468 1532 praesentibus
500 1499 561 1532 pro
596 1489 694 1532 plene
721 1493 752 1522 et
781 1488 985 1522 sufficienter

238 1542 400 1586 expressis
433 1552 469 1575 ac
503 1542 541 1576 de
566 1542 666 1576 verbo
696 1543 735 1575 ad
768 1542 906 1576 verbum
934 1543 983 1576 in-

238 1596 332 1630 sertis
357 1596 527 1636 habentes,
547 1596 612 1629 illis
630 1596 708 1629 alias
733 1596 766 1629 in
787 1607 844 1630 suo
864 1598 983 1630 robore

237 1649 470 1693 permansuris,
492 1650 531 1682 ad
550 1649 804 1693 praemissorum
823 1649 982 1690 effectum,

237 1703 300 1737 hac
325 1702 393 1736 vice
431 1703 620 1744 dumtaxat,
646 1703 834 1746 specialiter
867 1709 897 1737 et
923 1715 982 1737 ex-

236 1767 350 1800 presse
368 1756 582 1800 derogamus,
605 1756 789 1800 ceterisque
809 1757 983 1790 contrariis

238 1810 512 1854 quibuscumque.

282 1864 352 1908 §5-
393 1864 549 1898 Volumus
583 1868 691 1897 autem
729 1869 763 1897 ut
795 1865 981 1899 earumdem

237 1917 462 1963 praesentium
478 1918 661 1951 litterarum
681 1919 906 1963 transumptis,
926 1931 981 1953 seu

237 1971 405 2015 exemplis,
420 1971 517 2005 etiam
536 1971 717 2015 impressis,
732 1982 827 2005 manu
843 1973 981 2006 alicuius

235 2025 355 2059 notarii
391 2025 515 2069 publici
551 2025 767 2070 subscriptis,
804 2032 836 2059 et
872 2027 981 2071 sigillo

234 2089 395 2123 personae
420 2079 451 2112 in
477 2078 695 2112 ecclesiastica
724 2079 881 2122 (lignitate
907 2091 982 2114 con-

235 2134 368 2167 stitutae
408 2132 563 2172 munitis,
601 2132 714 2166 eadem
740 2144 875 2176 prorsus
901 2133 980 2167 fides

234 2187 356 2231 ubique
382 2187 530 2220 locorum
569 2186 748 2226 habeatur,
785 2198 867 2230 quac
900 2188 980 2231 ipsis

235 2241 463 2286 praesentibus
484 2240 699 2274 adhiberetur
718 2240 743 2272 si
762 2241 871 2273 forent
891 2242 979 2275 exbi-

235 2295 323 2329 bitae
347 2296 397 2329 vel
425 2299 586 2328 ostensae.

279 2350 393 2383 Datum
418 2349 561 2388 Romae,
591 2348 677 2392 apud
703 2348 734 2381 S.
763 2347 892 2382 Mariam
917 2349 979 2383 Ma-

237 2403 365 2443 iorem,
389 2403 448 2436 sub
480 2403 603 2435 annulo
641 2402 817 2435 piscatoris
837 2429 844 2442 ,
882 2403 933 2436 die
962 2414 978 2436 x

237 2456 421 2491 decembris
446 2465 650 2497 MDCCXthtt,
677 2455 886 2499 pontificatus
913 2467 974 2490 no-

238 2510 295 2544 stri
320 2520 406 2544 anno
434 2520 474 2544 iv.

274 2572 333 2600 Dat.
353 2572 397 2599 die
414 2572 447 2599 10
462 2571 620 2600 decembris
642 2572 719 2606 1733,
737 2572 833 2608 pontif.
852 2580 924 2600 auno
940 2580 976 2600 iv.

305 2726 390 2756 Bult.
413 2726 501 2755 Rom.
519 2742 551 2746 —
573 2726 638 2755 Vol.
657 2725 767 2757 XXIII.
915 2726 945 2754 71

869 257 1010 284 CLEMENS
1038 258 1083 284 ΧΠ
1108 260 1157 284 ΡΡ,

1675 251 1734 285 561
1786 260 1835 287 An.
1855 260 1884 289 e.
1906 261 1972 289 1733

1357 309 1446 343 CXX.

979 388 986 401 ’
1035 381 1278 422 Confirmanlw·
1296 393 1402 414 omnes
1423 382 1707 425 confraternitates
1723 382 1780 415 sub

1080 434 1175 467 tilulo
1200 435 1238 466 B.
1268 435 1309 467 M.
1341 435 1373 467 V.
1406 435 1532 477 Septem
1568 435 1723 468 Dolorem
1759 446 1780 467 α

1075 488 1303 530 superioribus
1326 489 1533 532 yeneralilius
1561 489 1694 523 Ordinis
1712 489 1780 522 Ser·

1076 552 1186 574 rorum
1215 543 1255 575 B.
1283 543 1327 575 M.
1360 543 1394 575 V.
1423 547 1567 582 erectae,
1594 542 1724 575 etiamsi
1742 542 1779 575 de

1076 605 1189 627 earum
1215 596 1372 628 canonica
1392 597 1547 628 erectione
1565 606 1628 628 non
1646 600 1776 628 constet.

1245 675 1379 702 Clemens
1401 676 1480 709 Papa
1499 676 1564 708 XII,

1148 719 1186 746 ad
1207 722 1386 753 perpetuam
1409 720 1454 747 rei
1479 720 1667 748 memoriam.

1075 790 1089 833 ξς
1117 790 1146 823 1.
1174 790 1299 833 Exponi
1326 791 1419 824 nobis
1445 802 1552 834 nuper
1588 793 1664 825 fecit
1699 793 1778 826 dile-·
1813 801 1891 838 Pfioris
1911 807 1974 827 sene-

1031 848 1099 876 ctus
1128 844 1209 877 filius
1235 844 1347 877 Petrus
1372 845 1471 878 Maria
1498 846 1596 885 Pieri,
1617 846 1709 889 prior
1726 830 1973 888 ge-i1iiifisp0i'iii¹„i['¹⁵

1030 897 1153 930 neralis
1178 897 1307 930 Ordinis
1326 897 1497 931 Servorum
1518 899 1551 931 B.
1573 898 1689 931 Mariae
1708 899 1776 931 Vir-

1031 949 1127 992 ginis,
1155 951 1253 994 quod,
1279 951 1357 984 licet
1382 962 1445 984 non
1473 953 1578 984 solum
1605 953 1727 985 multae
1746 952 1778 984 in

1031 1001 1107 1035 dicti
1133 1003 1287 1043 Ordinis,
1317 1004 1373 1036 sed
1400 1004 1496 1037 etiam
1523 1004 1594 1037 aliis
1627 1005 1777 1038 ecclesiis

1030 1066 1085 1089 seu
1112 1057 1276 1096 oratoriis,
1296 1057 1490 1090 auctoritate
1509 1057 1656 1101 priorum
1675 1068 1777 1100 genc-

1030 1109 1147 1143 ralium
1166 1110 1234 1143 eius
1252 1111 1555 1153 praedecessorum,
1577 1117 1705 1144 erectae
1728 1121 1778 1144 re-

1029 1163 1199 1206 periantur
1221 1164 1509 1197 confraternitates
1535 1165 1705 1208 utriusque
1728 1175 1777 1197 se-

1030 1227 1087 1249 xus
1114 1216 1373 1250 christifidelium
1400 1217 1459 1249 sub
1486 1217 1579 1250 titulo
1603 1219 1637 1250 B.
1658 1218 1776 1252 Mariae

1028 1269 1168 1312 Virginis
1197 1269 1329 1313 Septem
1365 1270 1541 1312 Dolorem,
1578 1281 1662 1314 quae
1700 1282 1776 1305 suas

1029 1322 1213 1355 functiones
1239 1324 1278 1355 ad
1300 1323 1401 1356 instar
1419 1323 1574 1356 similium
1596 1325 1776 1358 confrater-

1029 1376 1165 1409 nitatum
1192 1378 1344 1417 obeunt,
1377 1379 1545 1421 multaque
1580 1378 1712 1421 pietatis
1745 1385 1777 1412 et

1028 1430 1226 1464 christianae
1242 1431 1409 1464 charitatis
1427 1442 1526 1475 opera
1544 1438 1715 1473 exercent,
1736 1433 1775 1466 de

1028 1485 1208 1528 aliquarum
1235 1490 1340 1518 tamen
1374 1496 1409 1518 ex
1449 1485 1513 1519 illis
1547 1486 1703 1519 canonica
1735 1487 1774 1519 ab

1028 1538 1121 1571 initio
1146 1538 1349 1572 institutione
1382 1539 1489 1572 forsan
1521 1549 1587 1572 non
1623 1545 1772 1581 constat,

1028 1596 1058 1624 et
1083 1591 1113 1623 in
1141 1591 1276 1624 aliarum
1302 1591 1524 1625 erectionibus
1551 1598 1583 1625 et
1601 1592 1776 1626 institutio-

1028 1644 1122 1677 nibus
1140 1644 1342 1688 praescripta
1362 1655 1419 1688 per
1438 1645 1708 1679 constitutionum
1728 1646 1775 1679 fc-

1028 1697 1097 1730 licis
1122 1697 1364 1731 recordationis
1390 1698 1565 1731 Clementis
1590 1699 1655 1731 Vlll
1681 1710 1775 1742 prae-

1028 1751 1208 1784 decessoris
1250 1751 1353 1784 nostri
1395 1762 1476 1795 quae
1516 1751 1631 1796 incipit
1672 1753 1776 1793 Quac-

1027 1815 1165 1849 cumque
1189 1815 1209 1837 α
1233 1804 1312 1838 Sede
1336 1805 1536 1848 Αροείοῖὶοιῖ,
1563 1809 1634 1845 etc„
1657 1806 1708 1839 die
1730 1817 1774 1840 vu

1027 1858 1212 1891 decembris
1237 1868 1337 1892 MDCtV
1363 1858 1498 1899 editam,
1522 1859 1630 1891 forsan
1648 1865 1774 1893 servata

1027 1921 1093 1943 non
1120 1911 1269 1951 fuerunt,
1297 1916 1328 1944 et
1353 1911 1454 1952 aliae,
1488 1917 1562 1945 ante
1589 1917 1773 1946 emanatam

1027 1964 1295 1998 constitutionem
1322 1964 1510 1998 huiusmodi
1534 1970 1661 1999 erectae
1679 1971 1709 1998 et
1728 1966 1774 1999 in-

1026 2018 1166 2058 stitutae,
1187 2029 1284 2051 novas
1307 2019 1513 2052 erectionum
1539 2025 1570 2052 et
1596 2019 1774 2055 institutio-

1026 2082 1102 2104 num
1140 2071 1352 2113 huiusmodi,
1391 2083 1427 2105 ac
1463 2073 1771 2107 communicationis

1026 2125 1327 2167 indulgentiarum,
1356 2125 1541 2159 facultatum
1568 2131 1599 2159 et
1632 2127 1768 2170 privile-

1025 2179 1152 2221 giorum
1178 2178 1302 2211 litteras
1329 2179 1412 2212 intra
1439 2184 1566 2223 tempus
1591 2180 1631 2212 ab
1659 2181 1771 2213 eadem

1024 2232 1256 2265 constitutione
1281 2233 1457 2276 praefixum
1474 2260 1481 2273 ,
1506 2244 1564 2267 seu
1592 2233 1688 2267 etiam
1714 2245 1772 2278 po-

1024 2291 1120 2326 stea,
1148 2285 1342 2329 impetrasse
1375 2286 1509 2319 minime
1543 2287 1768 2330 reperiuntur.

1024 2339 1121 2373 Nobis
1160 2344 1336 2383 propterea
1373 2340 1478 2373 dictus
1517 2341 1630 2374 Petrus
1669 2341 1769 2375 Maria

1024 2393 1114 2436 prior
1138 2393 1303 2436 generalis
1329 2393 1496 2426 humiliter
1522 2394 1700 2438 supplicari
1724 2395 1769 2427 fe-

1023 2447 1065 2480 cit
1098 2447 1188 2480 utin
1223 2447 1414 2490 praemissis
1450 2454 1636 2492 opportune
1661 2448 1770 2492 provi-

1023 2502 1101 2535 dere
1147 2506 1178 2534 et
1213 2506 1247 2534 ut
1280 2501 1364 2535 infra
1398 2501 1570 2545 indulgere
1608 2502 1647 2536 dc
1681 2502 1770 2536 beni·

1022 2555 1145 2599 gnitate
1179 2555 1358 2599 apostolica
1383 2556 1606 2599 dignaremur.

1065 2610 1080 2654 g
1098 2608 1129 2642 2.
1149 2609 1212 2642 Nos
1232 2609 1342 2652 igitur,
1361 2609 1466 2653 ipsum
1488 2615 1618 2643 vetrum
1636 2609 1767 2644 Mariam
1810 2615 1964 2636 &infirmamur

1780 2648 1851 2664 omne<
1891 2642 1964 2662 dictae

1022 2662 1176 2708 specialis
1201 2663 1310 2697 favore
1335 2663 1459 2708 gratiae
1484 2663 1640 2709 prosequi
1661 2664 1898 2699 vomu-erectiones
1917 2675 1963 2690 ⁰⁰¹1»
