2182 3137
185 259 233 285 An.
254 258 282 285 o.
300 258 368 286 4732
412 249 476 283 366

379 309 528 347 aperiatur
559 313 662 347 porta,
688 309 761 338 itaut
794 309 880 338 etiam
913 318 970 338 non
1007 309 1120 338 vocales

379 358 479 386 adesse
503 358 616 396 possint
639 362 666 388 et
685 358 797 387 audire.
816 357 887 387 Tum
905 367 918 387 a
938 357 1035 387 scriba
1052 367 1121 388 con-

378 406 556 444 gregationis
579 407 709 445 legatur:
734 416 753 436 1.
777 406 884 436 Tabula
914 416 1056 436 novorum
1080 408 1121 437 os-

379 455 533 491 finialium,
558 465 572 484 a
597 458 657 485 tota
679 456 904 494 congregatione
927 456 988 485 sive
1010 455 1046 485 ab
1069 455 1119 485 ab-

378 503 442 533 bate
465 505 593 542 generali
616 510 644 534 ct
667 505 838 543 hegumenis
855 506 1030 544 electorum,
1053 515 1120 535 nec-

377 563 435 583 non
460 554 668 583 monachorum
692 555 726 584 ad
751 555 936 593 monasteria,
954 564 1026 594 quae
1041 554 1118 584 idem

378 602 468 632 abbas
492 603 637 640 generalis
660 603 867 642 designaverit,
892 604 1117 640 mittendorun13

377 659 408 680 n.
432 651 671 690 Constitutioncs‚
695 653 717 682 si
741 662 815 692 quae
838 653 948 682 suerint
963 662 978 682 a
998 661 1118 690 congre-

376 700 495 738 gatione
527 702 678 737 sancitam
717 710 758 731 111.
797 701 968 732 Recitentur
999 700 1117 730 nomina

376 749 585 779 monachorum
609 750 738 780 omnium
761 749 796 779 ab
829 750 934 780 ultima
962 758 1120 787 congrega-

376 798 454 828 tione
476 799 696 837 defunctorum,
720 804 751 829 ut
775 809 827 839 pro
844 799 879 829 iis
902 798 1037 828 omnibus
1061 808 1117 827 una

376 847 463 877 missa
488 848 626 878 solemnis
640 848 821 885 celebretur,
843 857 881 878 ιν.
900 848 1119 877 Rccenseantur

376 897 463 926 etiam
498 898 615 927 nomina
653 897 846 935 insigniorum
880 896 1116 933 benefactorum,

376 946 522 985 simulque
546 955 647 975 omnes
670 949 845 975 moneantur
860 969 867 982 ‚
892 949 923 974 ut
946 953 997 984 pro
1015 944 1052 974 iis
1073 953 1117 973 sa-

375 994 508 1024 cerdotes
538 995 654 1034 quidem
686 1003 772 1023 unam
805 994 923 1023 missam
955 992 1115 1030 celebrent,

374 1043 441 1073 laici
465 1053 533 1073 vero
556 1043 654 1073 dicant
677 1043 889 1082 quinquaginta
924 1041 1000 1072 Pater
1028 1045 1118 1071 noster

374 1096 403 1121 et
423 1092 481 1122 Ave
501 1092 610 1128 Maria3
634 1100 662 1121 v.
684 1091 780 1121 Abbas
796 1090 941 1129 generalis
959 1090 1047 1120 saciat
1068 1089 1118 1119 ab·

373 1141 548 1171 solutionem
565 1141 742 1180 generalem,
757 1140 839 1170 etsie
857 1139 1115 1179 congregationem

373 1190 511 1220 dimittat.

412 1249 473 1270 xm.
499 1240 625 1270 Dimissa
647 1239 876 1278 congregatione
898 1238 1040 1277 generali,
1057 1238 1116 1268 una

372 1298 437 1319 cum
470 1289 643 1327 hegumenis
675 1289 762 1319 faciat
791 1288 1046 1327 congregationem
1069 1288 1117 1317 he-

372 1348 585 1377 gumenorum3
607 1343 635 1368 et
658 1339 752 1378 primo
770 1338 889 1378 quidem
906 1338 1053 1375 eligantur
1068 1336 1118 1366 ab·

372 1387 453 1418 bates
476 1388 694 1427 provinciarum
718 1392 746 1418 et
764 1387 1032 1424 monasteriorum,
1057 1386 1116 1416 sin-

372 1438 508 1476 gulisque
531 1441 664 1477 patentes
693 1437 808 1467 litterae
832 1436 1003 1473 tradantur,
1028 1439 1058 1465 ut
1080 1435 1113 1465 ad

373 1487 466 1517 officia
491 1496 541 1516 sua
565 1486 681 1516 abeant.

411 1545 467 1565 xlv.
489 1535 595 1566 Forma
618 1536 783 1566 litterarum
800 1533 1037 1574 congregationis
1056 1543 1116 1564 mo-

372 1586 556 1624 nachorum,
588 1594 655 1615 cum
691 1585 812 1615 mittunt
846 1585 881 1615 ad
915 1584 1116 1623 congregatio-

371 1643 438 1664 nem
471 1633 638 1673 generalem
672 1635 731 1664 una
764 1642 829 1663 cum
867 1632 970 1663 abbate
1003 1642 1115 1663 monas-

372 1683 439 1713 terii
460 1693 511 1713 seu
535 1682 703 1723 provinciae
718 1706 726 1721 ,
750 1683 860 1713 socium
890 1682 926 1711 ab
953 1682 1023 1722 ipsis
1056 1682 1114 1712 ele-

371 1736 467 1762 ctum:

450 1781 684 1811 Reverendissimi
697 1785 802 1821 patres,
823 1785 916 1811 notum
938 1782 1056 1820 facimus
1071 1790 1114 1810 no-

374 1830 426 1868 bis,
449 1831 685 1869 congregationem
714 1834 834 1859 nostram
866 1830 985 1859 habitam
1008 1830 1036 1859 in
1059 1839 1115 1859 mo-

371 1880 492 1909 nasterio
527 1880 576 1916 Ν.,
607 1880 650 1909 die
682 1879 727 1914 Ν.,
764 1889 855 1908 mense
881 1879 936 1916 N.‚
962 1889 1033 1908 anno
1063 1879 1111 1913 Ν.,

371 1931 510 1958 communi
531 1928 644 1958 consilio
666 1928 778 1967 elegisse
791 1928 1050 1957 reverendissimum
1063 1938 1115 1967 pa-

371 1983 438 2007 trem
461 1978 505 2013 Ν.,
523 1982 564 2017 ut,
582 1978 690 2008 nomine
712 1979 794 2007 totius
809 1978 969 2007 monasterii
990 1977 1030 2007 vel
1048 1987 1114 2016 pro-

370 2028 488 2064 vinciae,
513 2029 569 2056 aaa
591 2037 652 2056 cum
681 2031 773 2056 nostro
798 2026 891 2055 abbate
913 2026 947 2055 ad
967 2035 1113 2064 congrega-

372 2077 474 2106 tionem
494 2076 651 2114 generalem
673 2076 792 2105 accedat.
816 2074 950 2110 Quocirca
978 2075 1113 2104 tradimus

369 2128 396 2154 εἰ
415 2129 574 2165 potestatem
606 2126 704 2164 agendi
734 2135 786 2164 pro
814 2125 889 2154 nobis
916 2127 947 2154 in
968 2134 1114 2163 congrega-

370 2175 443 2204 tione
464 2174 590 2212 generali
612 2175 704 2203 omnia
722 2178 747 2203 et
770 2173 899 2212 singula,
923 2183 991 2212 qaae
1019 2175 1113 2213 facere

368 2233 508 2263 possemus
535 2225 560 2252 st
585 2227 744 2263 praesentes
770 2232 906 2261 essemus,
928 2228 1021 2253 ratum
1047 2233 1113 2261 gra—

369 2277 480 2311 tumque
508 2272 630 2302 habituri
660 2272 793 2312 quidquid
818 2271 848 2301 in
877 2272 970 2301 eodem
999 2281 1112 2310 congre-

367 2323 475 2360 gatione
496 2323 600 2361 sactum
630 2322 730 2361 suerit.
754 2321 857 2351 Datum
887 2322 918 2351 in
948 2322 1112 2351 monasterio

368 2371 417 2409 Ν.,
450 2381 521 2400 anno
552 2371 600 2406 Ν.,
623 2381 714 2402 mense
739 2371 776 2402 N.
799 2371 933 2410 Sigillum
955 2372 974 2408 †
997 2380 1112 2400 monas-

369 2420 446 2450 terii.
471 2421 505 2450 Et
530 2420 716 2451 subscribent
746 2429 847 2450 omnes
874 2420 954 2450 iuxta
977 2420 1110 2450 ordinem

369 2478 466 2499 suum.

410 2527 457 2548 xv.
481 2519 584 2549 Forma
608 2518 772 2549 litterarum
795 2518 909 2549 abbatis
939 2518 1110 2558 provinciae

370 2567 416 2597 vel
449 2568 635 2607 monasterii,
659 2577 726 2598 cum
762 2567 852 2598 mittit
883 2567 1026 2598 vicarium
1062 2568 1109 2598 vel

369 2621 586 2657 procuratorem
625 2617 659 2648 ad
696 2617 952 2657 congregationem
989 2626 1109 2656 genera-

370 2666 446 2697 lem:

963 259 1145 284 nULLARtUM
1169 260 1325 285 ROMANUM

1242 309 1476 340 Ilei-erendissimi
1488 315 1594 350 patres,
1611 315 1703 341 notum
1725 312 1797 351 focio
1817 312 1899 350 vobis,

1163 369 1215 397 mc,
1239 359 1268 387 oli
1291 369 1400 388 causam
1421 359 1454 389 N.
1477 360 1655 399 impeditum,
1679 360 1791 399 elegisse
1824 371 1904 391 reve-

1162 408 1279 437 rendam
1309 413 1417 447 patrem
1439 408 1485 446 Ν.,
1511 413 1539 437 ut
1562 413 1699 448 tamquam
1730 419 1805 439 meus
1827 411 1904 440 vica-

1162 458 1222 485 rius
1243 461 1267 485 ct
1288 461 1453 496 procurator
1474 457 1508 486 od
1529 459 1762 496 congregationem
1787 467 1903 497 genera·

1163 505 1214 534 lem
1236 506 1354 540 accedat,
1379 506 1457 545 cique
1478 506 1602 544 sigillum
1624 511 1648 536 et
1670 508 1789 536 rationes
1818 507 1904 547 officii

1162 555 1215 583 mei
1237 555 1400 592 tradidisse,
1424 564 1527 584 necnon
1555 555 1714 594 facultatem
1741 556 1771 585 in
1792 565 1905 594 congre-

1159 603 1269 641 gatione
1300 603 1425 640 generali
1457 604 1548 633 omnia
1586 608 1610 633 et
1642 603 1752 642 s'ngula
1782 605 1903 643 agendi,

1162 663 1230 691 quae
1257 662 1303 690 ego
1334 654 1427 692 facere
1455 662 1561 692 possem
1590 654 1615 682 si
1643 663 1775 692 praesens
1797 663 1902 689 essem,

1161 705 1253 730 ratum
1273 706 1437 740 gratumque
1466 701 1610 732 habiturus
1643 702 1774 741 quidquid
1802 703 1833 732 in
1859 705 1904 732 eti-

1161 750 1221 778 dem
1248 751 1454 788 congregatione
1480 752 1582 789 sactum
1605 751 1704 789 suerit.
1738 750 1840 780 Ditum
1871 751 1902 780 in

1161 799 1325 828 monasterio
1356 799 1405 835 Ν.,
1439 809 1509 828 rinno
1542 799 1588 836 Ν.,
1611 809 1702 828 mense
1729 799 1778 837 Ν.,
1801 799 1845 829 die
1865 798 1901 829 N.

1161 847 1293 885 Sigillum
1322 849 1340 885 †
1361 848 1459 878 officii.
1492 848 1526 879 N.
1561 848 1640 878 abbas
1670 849 1828 888 provinciae
1859 847 1904 877 rel

1161 898 1319 927 monasterii
1341 897 1377 928 N.

1181 945 1249 975 CM).
1274 946 1308 975 lt.
1332 964 1366 967 —
1388 946 1427 976 De
1455 947 1585 977 electione
1607 947 1710 977 obbatis
1729 946 1878 986 generalis,

1397 1000 1422 1024 et
1439 996 1661 1034 lzegamenorum.

1200 1054 1219 1074 1.
1244 1044 1319 1074 Ante
1348 1045 1521 1075 electionem
1555 1046 1689 1084 legantur
1717 1045 1903 1076 constitutio·-

1160 1103 1211 1123 nes
1233 1093 1268 1123 de
1290 1093 1439 1133 requisitis
1461 1094 1675 1132 eligendorum,
1692 1095 1786 1134 deque
1800 1103 1901 1124 eorum

1159 1142 1266 1173 officio.

1200 1200 1230 1221 11.
1254 1191 1344 1221 Nemo
1364 1196 1459 1231 potest
1475 1191 1504 1221 in
1520 1191 1653 1222 abbatem
1670 1192 1835 1230 generalem
1852 1195 1902 1223 aut

1160 1239 1356 1278 hegumenum
1388 1240 1474 1279 eligi,
1499 1241 1555 1270 nisi
1578 1241 1770 1280 compleverit
1790 1250 1901 1271 annum

1159 1290 1264 1320 aetatis
1287 1290 1482 1328 trigesimum,
1500 1295 1528 1320 et
1544 1300 1652 1320 annum
1674 1291 1702 1320 in
1726 1295 1827 1320 nostro
1851 1290 1902 1321 Or-

1159 1339 1227 1368 dine
1249 1343 1382 1369 octavum
1407 1339 1523 1379 quidem
1547 1339 1636 1369 abbas
1658 1339 1814 1379 generalis,
1836 1349 1902 1370 sex-

1160 1391 1220 1417 tum
1244 1397 1314 1418 vero
1337 1388 1529 1426 hegumenus.

1198 1445 1240 1466 111.
1256 1436 1366 1479 Elect’g)
1381 1437 1462 1466 nullo
1485 1436 1569 1466 modo
1586 1436 1636 1467 siat
1653 1445 1704 1476 per
1722 1436 1900 1474 absentium,

1158 1486 1207 1516 sed
1230 1487 1428 1525 praesentium
1451 1486 1602 1516 dumtaxat
1631 1486 1787 1525 suffragia;
1811 1496 1902 1526 eaque

1158 1539 1270 1565 secreta
1293 1535 1373 1573 sint,
1398 1544 1456 1565 non
1479 1535 1635 1575 publicatis
1658 1535 1826 1574 eligentium
1849 1544 1901 1565 no-

1158 1583 1298 1614 minibus.

1197 1642 1237 1663 iv.
1261 1633 1292 1663 ln
1315 1633 1377 1663 loco
1400 1642 1453 1673 pro
1482 1633 1623 1663 electione
1646 1633 1798 1673 deputato,
1821 1633 1901 1664 aedi-

1159 1686 1227 1712 tuus
1250 1691 1329 1712 aram
1353 1682 1520 1720 maximam,
1538 1682 1587 1712 ubi
1604 1681 1772 1712 venerabile
1788 1682 1901 1712 Eucha-

1157 1732 1258 1762 ristiae
1281 1736 1498 1762 sacramentum
1534 1731 1565 1762 in
1601 1732 1714 1762 ciborio
1747 1731 1899 1762 conditum

1158 1781 1314 1821 prostabit,
1339 1781 1521 1818 solemniori,
1539 1790 1625 1821 quam
1643 1781 1672 1810 in
1689 1781 1784 1820 primo
1800 1781 1897 1810 triduo

1158 1830 1394 1869 congregationis
1409 1853 1416 1867 ,
1440 1830 1497 1859 ritu
1531 1830 1664 1859 instruat.
1687 1830 1780 1869 Super
1813 1829 1899 1860 altari

1156 1884 1222 1909 ante
1245 1879 1389 1909 ciborium
1412 1879 1467 1909 alta
1492 1888 1564 1908 crux
1580 1879 1748 1917 collocetur,
1767 1888 1819 1908 sex
1830 1878 1899 1908 hinc

1157 1928 1225 1958 inde
1248 1928 1380 1958 accensis
1402 1927 1543 1957 candelis.
1567 1927 1591 1957 A
1613 1927 1724 1957 dextris
1750 1927 1848 1957 crucis
1869 1936 1899 1956 e-

1157 1977 1357 2016 vangeliorum
1380 1977 1469 2007 codex
1494 1976 1621 2016 pretioso
1644 1977 1707 2006 velo
1730 1980 1896 2016 coopertus3

1156 2036 1171 2056 a
1194 2026 1322 2057 sinistris
1345 2035 1413 2056 vcro
1435 2026 1532 2064 imago
1554 2026 1614 2056 sive
1640 2026 1782 2065 reliquiae
1804 2025 1899 2056 sancti

1156 2077 1247 2117 patris
1270 2076 1361 2106 nostri
1385 2076 1517 2111 Antonii,
1536 2080 1565 2105 et
1586 2075 1675 2106 codex
1698 2075 1815 2114 regulae
1831 2084 1898 2105 cum

1155 2126 1432 2163 constitutionibus;
1455 2126 1530 2156 infra
1554 2126 1645 2156 altare
1667 2125 1701 2156 ad
1734 2126 1811 2155 latus
1829 2124 1899 2155 dex-

1155 2179 1251 2206 terum
1274 2178 1401 2215 ponatur
1416 2184 1528 2213 mensa,
1552 2175 1632 2205 iuxta
1649 2183 1737 2214 quam
1759 2174 1897 2204 assidebit

1154 2224 1249 2254 scriba
1273 2233 1324 2254 seu
1356 2224 1550 2263 secretarius,
1574 2223 1646 2263 qui,
1671 2223 1735 2253 data
1759 2222 1897 2253 servandi

1154 2273 1262 2304 secreti
1284 2273 1351 2312 fide,
1375 2273 1455 2303 solus
1472 2281 1506 2302 ex
1524 2272 1655 2312 patribus
1671 2281 1729 2303 non
1747 2272 1897 2302 vocalibus

1153 2323 1184 2353 in
1200 2322 1453 2361 congregationem
1470 2321 1689 2352 introducetur:
1712 2330 1802 2361 super
1817 2329 1898 2351 men-

1153 2380 1214 2401 sam
1238 2380 1288 2401 vas
1310 2380 1363 2400 seu
1384 2370 1484 2400 arcula
1505 2370 1675 2408 collocetur,
1698 2370 1728 2400 in
1751 2379 1837 2409 quam
1860 2368 1896 2399 ab

1153 2420 1330 2451 electoribus
1352 2419 1508 2450 schedulae
1537 2420 1697 2450 mittendae
1729 2419 1897 2450 erunt2=sic

1152 2473 1250 2500 antem
1281 2468 1456 2505 fabricetur,
1487 2474 1519 2499 ut
1547 2469 1691 2499 demissae
1713 2478 1728 2499 e
1750 2468 1900 2509 superiori-

1153 2518 1265 2548 orificio
1287 2518 1444 2548 schedulae
1467 2517 1557 2548 dilabi
1580 2522 1630 2548 aut
1646 2517 1763 2548 extrahi
1785 2526 1897 2557 neque-

1152 2571 1212 2605 ant,
1236 2567 1346 2605 donec,
1370 2567 1520 2597 functione
1552 2568 1690 2607 peracta,
1714 2567 1848 2605 legitime
1878 2575 1894 2596 a

1152 2616 1353 2655 cognitoribus
1368 2617 1576 2656 suffragiorum
1591 2616 1735 2647 reseretur
1747 2625 1753 2646 ε
1767 2616 1894 2646 alterum

1152 2671 1302 2707 praeterea
1325 2675 1374 2698 vas
1395 2667 1472 2698 intra
1496 2666 1642 2698 cancellos
1658 2666 1758 2698 altaris
1774 2675 1896 2707 praepa-

1908 263 1957 292 An.
1979 263 2008 292 C.
2025 263 2095 292 1732

1939 1208 2057 1236 Ποηηὶεἰκι,
2073 1211 2097 1230 ut.

1913 1236 1959 1262 quis
1968 1236 1987 1256 in
1996 1235 2095 1257 abbatem

1913 1263 2031 1286 aerlei-alem
2059 1265 2096 1283 aut

1912 1289 2051 1314 twgunmnum
2074 1296 2095 1311 e·

1912 1316 1949 1342 hg·
1969 1318 2044 1342 queat.

1953 1453 2030 1474 Forma
2053 1453 2096 1475 ele·

1911 1479 1995 1502 eti-uns.
