2182 3137
228 256 278 284 An.
297 254 326 284 c.
344 255 411 284 1732
456 246 521 282 1470

224 1256 309 1270 nunti-rt!

421 307 524 338 manis
551 304 758 339 Pontificibus
778 305 1088 349 praedecessoribus
1106 318 1161 351 pa-

421 359 501 391 riter
539 359 659 392 nostris
694 360 873 403 apostolico
910 361 1090 393 munimine
1129 361 1159 393 in

422 411 524 444 forma
541 412 691 455 specifica
710 413 892 452 roboratae,
906 419 1002 457 atque
1018 413 1056 446 ab
1071 414 1161 447 initio

421 464 565 498 eiusdem
591 465 862 509 Congregationis
888 477 1032 509 eousque
1058 478 1161 500 serva-

420 522 468 550 tae
490 518 628 558 ruerant,
654 520 785 552 uberius
810 520 1160 553 asserebanteontine-

419 571 460 604 ri:
475 572 628 615 quoniam
643 573 793 605 veroium
814 573 941 616 pridem
957 580 1159 616 compertum

419 630 507 666 erat,
534 625 634 659 dictas
659 626 908 660 constitutiones
934 627 1160 670 Congregatio·

420 678 470 710 nis
495 677 698 719 huiusmodi,
722 690 804 722 quae
822 681 963 723 primum
980 681 1013 713 in
1032 680 1158 714 civitate

418 730 627 775 Neapolitana
652 739 756 766 ortum
783 733 950 773 habuerat,
973 739 1004 767 et
1021 734 1157 767 subinde

420 795 550 829 quoque
576 791 663 819 extra
689 786 768 819 illud
794 797 929 829 regnum
960 787 1155 827 adoleverat,

419 837 451 870 in
478 838 547 870 eius
573 839 707 871 exordio
745 841 868 883 optime
904 840 1157 880 accomodatas,

420 896 495 924 tunc
521 892 629 936 aliquo
664 893 761 926 modo
793 904 1002 937 progressum
1038 899 1069 926 et
1104 893 1159 927 bo-

417 955 492 978 num
512 944 614 988 ipsius
629 945 773 989 regimen
793 947 968 989 impedire;
988 947 1061 980 ideo
1075 957 1159 980 anno

418 999 633 1042 praecedente
659 1000 690 1031 in
716 1000 858 1042 capitulo
889 999 1034 1042 generali
1060 1006 1160 1032 statu-

420 1057 484 1085 tum
517 1052 647 1093 suerat,
680 1057 716 1083 ut
748 1052 834 1085 idem
867 1052 1043 1095 capitulum
1080 1053 1160 1085 sutu-

419 1105 462 1138 ris
482 1105 681 1148 temporibus
707 1105 839 1138 nonnisi
867 1106 1006 1139 triennio
1028 1107 1158 1150 expleto

418 1159 641 1191 celebraretur
659 1185 666 1199 ,
692 1159 841 1202 dictaque
867 1159 974 1192 officia
1007 1159 1159 1203 deinceps

259 1222 287 1244 Ac
304 1212 593 1270 *f’fflfffflffiennalia
618 1213 744 1254 sorent;
771 1219 870 1257 utque
887 1214 1017 1246 vocales
1039 1214 1077 1246 ad
1100 1225 1158 1246 nu-

225 1281 333 1297 mmum
348 1276 544 1300 ioan-merum
570 1266 777 1299 tricenarium
799 1266 1048 1308 reducerentur,
1068 1267 1109 1300 ita
1126 1273 1160 1300 ut

224 1306 315 1324 caretur.

418 1319 451 1352 in
469 1330 543 1352 casu
561 1319 737 1352 vacationis
758 1325 879 1352 tantum
901 1320 954 1352 alii
981 1321 1066 1353 iuxta
1096 1320 1160 1353 sor-

418 1383 501 1406 mam
527 1373 756 1417 praescriptam
774 1373 1031 1414 admitterentur,
1049 1384 1161 1417 queni-

419 1427 592 1459 admodum
613 1424 658 1459 in⁴
678 1426 932 1460 resolutionibus
952 1427 1091 1471 desuper
1109 1428 1161 1461 lia-

417 1479 492 1512 bitis
513 1480 611 1513 fusius
629 1481 837 1513 asserebatur
862 1480 956 1513 etiam
983 1481 1157 1514 contineri:

418 1543 536 1576 porro,
561 1544 633 1565 cnm
666 1533 717 1566 die
742 1543 812 1566 xxiv
838 1533 906 1566 iulii
932 1544 1093 1575 nuccxvt,
1121 1535 1158 1567 ad

418 1597 533 1630 preces
560 1592 636 1619 tunc
658 1597 787 1630 quoque
814 1588 982 1620 existentis
1007 1598 1160 1631 procura-

418 1639 498 1672 toris
530 1639 693 1682 gencralis
731 1640 832 1683 ipsius
869 1640 1157 1684 Congregationis‚

419 1692 523 1725 dictae
552 1693 633 1726 duae
668 1693 886 1726 resolutiones
917 1693 948 1726 in
975 1694 1159 1738 Congrega-

419 1745 505 1778 tione
531 1751 605 1779 tunc
629 1746 751 1790 pariter
779 1747 986 1780 existentium
1013 1747 1043 1780 S.
1066 1748 1102 1781 R.
1121 1748 1155 1781 E.

418 1799 631 1832 cardinalium
652 1799 790 1843 negotiis
809 1805 841 1833 et
863 1800 1157 1835 consultationibus

418 1851 643 1896 episcoporum
677 1857 709 1886 et
741 1853 940 1895 regularium
972 1855 1159 1897 praeposita

417 1905 538 1939 relatae
558 1906 708 1947 fuissent,
726 1907 839 1939 eadem
860 1906 1077 1950 Congregatio
1092 1918 1158 1940 car-

419 1958 574 1992 dinalium
600 1959 652 1992 die
677 1970 737 1992 xxv
761 1960 956 2003 septembris
977 1961 1052 1993 anni
1069 1971 1158 2004 prae-

418 2012 494 2046 dicti
520 2013 589 2046 illas
615 2012 851 2046 confirmandas
878 2024 947 2047 esse
966 2020 1155 2055 censuerat;

418 2066 485 2106 sed,
499 2066 574 2110 quia
588 2066 686 2110 aliqui
702 2067 886 2110 presbyteri
903 2068 1065 2111 praelatae
1081 2069 1159 2103 Con-

418 2119 615 2162 gregationis
643 2120 772 2153 Piorum
805 2120 1035 2163 Operariorum
1057 2149 1064 2162 ,
1103 2122 1155 2166 qui

418 2173 458 2206 ad
483 2174 719 2217 praescriptum
745 2174 927 2218 primitivae
953 2177 1087 2218 regulae
1111 2176 1155 2210 illi

417 2237 537 2260 nomen
563 2227 743 2267 dederant,
770 2227 970 2261 deduxerant
995 2229 1158 2272 praeiudi-

418 2279 502 2313 cium
527 2281 614 2324 quod
647 2292 683 2314 ex
721 2281 915 2315 limitatione
945 2282 1071 2316 numeri
1103 2294 1156 2316 vo-

419 2334 534 2366 calium
559 2335 768 2375 sentiebant,
796 2345 833 2368 ca
858 2335 935 2368 huic
965 2336 1156 2369 resolutioni

418 2386 564 2420 adbibita
582 2393 651 2420 erat
667 2388 859 2428 moderatio,
875 2393 909 2421 ut
927 2388 996 2421 sine
1014 2388 1155 2430 illorum,

418 2440 471 2483 qui
482 2441 711 2484 priinodictam
722 2440 1013 2484 Congregationem
1028 2441 1156 2475 Piorum

417 2493 608 2536 Operariuin
644 2499 718 2527 ante
752 2494 1004 2538 publicationem
1035 2494 1156 2528 decreti

417 2545 604 2580 huiusmodi
630 2547 767 2590 ingressi
793 2548 934 2589 fuerant,
956 2547 1157 2591 praeiudicio

417 2599 677 2643 procederetur:
705 2601 936 2645 nonnullisque
963 2611 1000 2634 ex
1034 2600 1157 2634 eisdem

453 2663 466 2688 ¹
490 2661 559 2691 Edit.
581 2662 661 2691 Main.
683 2662 751 2699 legit
770 2670 806 2691 ex
824 2671 872 2699 pro
892 2663 925 2691 in
945 2662 1050 2699 (nst).

1006 258 1189 283 BULLARIUM
1213 258 1371 283 ROMANUM

1958 259 2008 289 An.
2029 260 2142 290 &1732

1206 307 1406 351 presbyteris
1433 307 1585 341 adversus
1611 307 1769 351 praefatas
1795 307 1872 342 duas
1896 318 1945 343 re-

1205 362 1387 395 solutiones
1414 361 1681 401 reclamantibus,
1706 361 1871 405 negotium
1886 362 1947 400 jte·

1205 424 1273 446 rum
1315 414 1353 446 ad
1394 414 1610 457 supradictam
1650 414 1944 458 Congregationem

1205 467 1417 500 cardinalium
1441 468 1584 500 delatum
1604 468 1718 507 suerat,
1737 474 1776 508 ct,
1799 468 1943 512 partibus

1207 521 1356 564 utrinque
1383 531 1459 554 voce
1482 526 1513 553 et
1531 521 1660 564 scriptis
1682 521 1944 562 informantibus,

1204 574 1289 606 dicta
1310 573 1526 616 Congregatio
1544 574 1757 607 cardinalium
1776 574 1808 606 in
1827 573 1944 607 decisis

1204 627 1415 669 perstiterat:
1454 631 1486 659 et
1522 626 1553 659 in
1591 627 1704 660 eadem
1740 627 1943 671 expositione

1203 679 1396 720 subiuncto‚
1429 679 1515 723 quod
1540 679 1601 722 ipsi
1628 685 1828 723 exponentes
1851 679 1945 713 binas

1203 732 1417 766 resolutiones
1445 733 1633 766 huiusmodi
1656 733 1856 777 apostolicae
1871 743 1946 767 con-

1203 785 1393 819 firmationis
1418 786 1601 829 patrocinio
1626 786 1818 820 communiri
1843 787 1946 830 pluri·

1203 850 1288 872 mum
1314 840 1565 873 desiderabant:
1584 840 1670 873 idem
1693 840 1841 874 Clemens
1856 850 1946 884 prae-

1186 892 1369 933 decessor,
1386 892 1682 936 supplicationibus
1700 893 1945 936 praedictorum

1204 946 1437 988 exponentium
1457 947 1587 980 nomine
1605 947 1666 979 sibi
1686 957 1787 991 super
1805 947 1868 981 hoc
1886 947 1946 980 hu-

1203 997 1324 1030 militer
1348 999 1505 1042 porrectis
1531 999 1723 1041 inclinatus,
1749 999 1841 1033 binas
1859 1011 1947 1034 reso-

1203 1050 1342 1084 lutiones
1368 1062 1385 1084 a
1410 1051 1551 1095 capitulo
1578 1053 1721 1095 generali
1749 1053 1872 1095 factas,
1910 1059 1946 1087 ut

1203 1105 1402 1146 praefertur,
1429 1116 1501 1138 cum
1528 1106 1679 1139 omnibus
1706 1112 1738 1140 et
1757 1107 1894 1150 singulis
1913 1108 1945 1141 in

1203 1158 1248 1191 eis
1274 1157 1446 1198 contentis,
1464 1159 1655 1192 auctoritate
1674 1160 1853 1203 apostolica
1871 1171 1944 1194 con·

1203 1212 1361 1253 firmavit‘,
1390 1217 1421 1245 et
1446 1213 1546 1254 alias,
1571 1219 1669 1257 prout
1694 1213 1726 1246 in
1751 1213 1852 1258 ipsius
1878 1214 1946 1249 Cle-

1203 1266 1320 1299 mentis
1346 1266 1610 1310 praedecessoris
1635 1267 1753 1301 litteris
1778 1268 1811 1300 in
1847 1267 1944 1302 simili

1203 1320 1307 1352 forma
1334 1319 1441 1354 Brevis
1467 1321 1519 1354 die
1546 1331 1556 1354 1
1580 1321 1694 1364 aprilis
1718 1330 1873 1355 mcccxvn
1891 1321 1947 1355 de-

1203 1383 1300 1417 super
1325 1374 1500 1417 expeditis,
1528 1385 1663 1418 quarum
1690 1380 1835 1408 tenorem
1853 1385 1946 1419 prae-

1203 1426 1352 1459 sentibus
1378 1437 1438 1470 pro
1464 1427 1560 1470 plene
1593 1433 1625 1465 et
1658 1427 1857 1462 sufficienter
1892 1439 1946 1462 ex-

1204 1490 1315 1522 presso
1345 1490 1381 1513 ac
1406 1480 1445 1513 de
1471 1481 1570 1514 verbo
1595 1481 1634 1514 ad
1659 1482 1791 1515 verbum
1823 1482 1946 1516 inserto

1204 1533 1316 1566 haberi
1343 1533 1488 1566 volumus
1505 1561 1512 1574 ,
1538 1534 1667 1577 plenius
1692 1535 1888 1569 continetur.

1247 1586 1317 1629 ἐῢ.
1345 1586 1422 1620 Cum
1457 1592 1564 1620 autem
1583 1615 1591 1629 ‚
1623 1587 1705 1621 sicut
1741 1588 1850 1622 dilecti
1887 1587 1946 1622 filii
1984 1597 2006 1628 ¹¹?
2029 1597 2141 1619 novissimo

1203 1640 1377 1673 modernus
1419 1641 1622 1684 praepositus
1658 1641 1778 1685 aliique
1813 1625 2146 1686 presby-iiilss'f‘l't'ssst‘sj*

1204 1693 1262 1725 teri
1300 1693 1494 1736 capitulares
1535 1694 1639 1727 dietae
1677 1677 2141 1741 Congregationisssss'i‘s'iisssshffia'ss}

1204 1746 1332 1780 Piorum
1347 1746 1577 1790 Operariorum
1593 1747 1688 1781 nobis
1707 1759 1812 1792 nuper
1827 1748 1943 1792 exponi
1957 1736 2060 1779 ἐ’ἒόᾞῖἶέἷ.
2075 1731 2141 1757 ‘¹⁹⁹⁰'

1202 1800 1366 1840 fecerunt,
1385 1800 1588 1843 experientia
1606 1801 1791 1842 edocuerit,
1811 1812 1946 1835 enarra-

1203 1858 1265 1886 tam
1283 1853 1509 1887 limitationem
1523 1854 1649 1887 numeri
1663 1855 1824 1888 vocalium
1839 1855 1878 1888 ad
1894 1855 1946 1888 tri-

1202 1907 1289 1950 ginta
1327 1907 1491 1940 dumtaxat
1523 1908 1634 1940 multis
1660 1908 1692 1940 in
1720 1908 1831 1942 eadem
1863 1908 1947 1942 Con-

1202 1961 1391 2003 gregationc
1404 1961 1619 1994 incommodis
1633 1961 1837 1995 occasionem
1850 1972 1946 2006 prae-

1202 2014 1306 2047 bere:
1341 2014 1373 2046 in
1410 2014 1587 2047 novissimo
1623 2015 1766 2059 capitulo
1798 2015 1945 2057 generali

1201 2066 1388 2110 praedictae
1410 2066 1690 2111 Congregationis,
1711 2068 1762 2101 die
1788 2078 1810 2102 11
1830 2067 1945 2112 aprilis

1201 2121 1276 2154 anni
1303 2120 1449 2164 proxime
1474 2121 1642 2164 praeteriti
1663 2122 1849 2163 celebrato,
1867 2132 1945 2156 con-

1201 2175 1354 2208 cordibus
1383 2174 1543 2218 suffragiis
1578 2176 1757 2209 resolutum
1789 2175 1873 2216 suit,
1909 2179 1945 2208 ut

1200 2238 1355 2261 numerus
1380 2228 1544 2272 praefatus
1571 2229 1631 2261 sub
1656 2228 1754 2262 certis
1779 2228 1878 2262 modo
1913 2234 1945 2262 et

1201 2281 1302 2314 forma
1327 2281 1410 2314 infra
1436 2281 1582 2314 dicendis
1616 2286 1816 2325 augeretur,
1844 2286 1876 2315 et
1911 2282 1946 2315 in

1200 2334 1262 2367 hac
1287 2339 1376 2377 parte
1407 2339 1639 2378 procuraretur
1672 2335 1842 2378 derogatio
1877 2345 1946 2369 me-

1199 2391 1395 2420 moratarum
1421 2386 1595 2420 Clementis
1611 2387 1873 2431 praedecessoris
1892 2389 1945 2422 lit-

1201 2444 1352 2473 terarum.
1388 2439 1487 2473 Nobis
1520 2446 1694 2484 propterea
1731 2441 1806 2474 dicti
1844 2451 1945 2485 expo-

1200 2497 1316 2525 nentes
1342 2492 1510 2526 humiliter
1534 2493 1714 2537 supplicari
1740 2494 1888 2528 fecerunt
1909 2497 1946 2529 ut

1200 2546 1231 2579 in
1264 2547 1450 2590 praemissis
1487 2553 1670 2592 opportune
1702 2547 1874 2592 providere
1910 2552 1945 2581 et:

1199 2604 1233 2634 ut
1256 2600 1337 2633 infra
1363 2601 1534 2644 indulgere
1561 2601 1600 2635 de
1625 2601 1826 2645 benignitate
1862 2610 1945 2646 apo·

1199 2653 1313 2688 stolica
1338 2654 1563 2698 dignaremur.
