2182 3137
55 206 108 232 Αιι.
123 203 152 230 C.
175 200 244 228 4730

79 1279 160 1299 Poenae
172 1279 246 1296 centra

63 1305 165 1326 lectiones
188 1303 245 1323 nulla

65 1331 121 1352 iusta
141 1331 206 1350 causa
224 1334 246 1350 0-

64 1358 179 1379 mittentes.

871 197 1016 220 CLEMENS
1042 197 1087 219 xu
1112 197 1162 220 rr.
1682 186 1746 220 173
1793 196 1888 223 Amc-
1911 195 1981 224 1730

252 258 290 279 no
313 248 461 278 scholares
483 247 518 277 ab
548 247 631 277 initio
656 246 690 276 ad
723 246 810 276 tinem
839 244 941 284 plenas
968 249 1017 274 etl

251 297 382 335 integras
417 296 557 326 lectiones
581 295 722 331 audiant3
746 303 800 323 nec
835 302 882 322 eas
915 296 1018 336 certo}

252 351 384 384 tempore
406 344 586 374 inchoandas
620 343 781 379 retardent,
811 342 880 371 dum
906 340 998 380 pleri·
1017 342 1019 377 ζ
1040 341 1238 378 functionem,
1263 352 1358 381 neque
1382 352 1433 382 pro
1456 343 1537 372 seriis
1556 342 1782 380 dennuciamlis,

1018 390 1085 429 {vel
1117 390 1174 419 alio
1207 395 1373 428 praetextu.
1409 392 1485 421 Duos
1507 392 1628 430 insuper
1657 401 1714 421 uno
1737 401 1785 421 eo·

253 404 309 434 que
331 394 458 424 scholam
481 393 635 422 adventuri
659 401 755 421 moras
777 394 918 427 nectunt,
948 390 997 419 sed

251 443 292 473 ita
313 442 430 472 statutis
464 441 597 479 magistri
630 440 843 476 adhaerebunt,
878 443 909 468 ut
943 448 997 468 nec

252 491 340 521 citius
362 500 416 520 nec
438 490 546 527 serius,
570 499 656 528 quain
674 498 726 528 par
742 493 796 526 est,
817 493 866 518 aut
882 488 998 526 ingredi
1018 506 1019 511 ,

252 544 303 569 aut
325 539 422 577 egredi
446 539 623 577 palaestram
647 537 808 576 discipulos
833 537 995 576 patiantur.
1018 535 1019 551 ³

292 587 465 617 Academiae
495 587 603 625 iudex,
628 587 678 626 qui
713 586 819 616 crebro
841 585 997 623 gymnasia

252 636 381 666 invisere
404 634 534 672 debebit,
559 635 680 664 omnino
703 639 814 672 caveat,
839 643 874 663 ne
897 633 999 663 lectio-

253 693 324 713 num
347 688 491 721 tempora,
528 683 600 712 ordo
633 687 662 712 et
695 683 780 719 ratio,
818 681 997 711 scholarium

254 732 443 769 tumultibus,
469 731 556 768 rixis,
581 731 759 761 clamoribus
776 730 997 770 perturbentur;

252 781 303 811 sed
325 781 456 819 singulos
478 781 509 809 in
527 780 628 810 officio
644 780 804 817 contineat,
823 779 998 818 saepiusque
1019 778 1020 806 ἐ

253 829 409 859 admoneat
432 833 460 858 et
481 829 601 858 demum
624 829 653 858 in
677 828 876 862 refractarios,
900 831 929 856 ut
953 836 1000 856 ae·
1019 830 1020 865 ξ

253 878 352 916 quitas
388 877 504 914 tulerit,
547 877 772 906 animadvertat.
808 876 862 905 Eos
900 879 998 905 autem
1019 894 1020 913 ;
1043 876 1205 906 Castellano
1220 882 1353 913 utantur,
1369 887 1422 907 nec
1438 887 1451 907 a
1467 877 1786 917 praescriptadoeemli

1019 962 1021 968 Ι
1043 928 1146 955 norma
1170 926 1320 956 recedant.

252 935 404 965 nunquam
428 926 562 965 impunes
591 926 672 955 abire
708 926 797 963 sinet,
822 934 895 964 quos
918 926 997 954 tauta

252 975 438 1014 impudentia
459 975 547 1004 fuisse
579 974 715 1012 noverit,
740 979 771 1003 ut
793 974 828 1003 ad
860 973 997 1011 scholas,

253 1023 364 1053 otiandi
387 1023 483 1062 potius
505 1027 554 1052 aut
577 1023 691 1052 rixandi
715 1024 815 1060 causa,
835 1031 922 1061 quam
942 1022 1001 1051 dis-
1020 1025 1021 1046 1

254 1071 377 1111 putandi
400 1075 428 1101 et
451 1071 584 1101 discendi
611 1071 719 1108 studio,
736 1071 910 1100 catervatim
931 1080 1000 1099 con-

255 1120 358 1158 fluant,
383 1121 428 1150 vel
452 1121 667 1159 professoribus
689 1130 722 1149 ac
745 1119 893 1157 magistris
918 1128 1001 1158 prae·
1020 1120 1022 1135 ³
1044 1130 1105 1149 ram
1129 1125 1161 1150 ut
1184 1121 1259 1150 nihil
1282 1121 1316 1150 ab
1339 1122 1473 1151 instituto
1496 1131 1548 1151 suo
1571 1121 1721 1159 alienum,
1745 1122 1789 1151 ni-

255 1169 355 1198 sertiu]
392 1169 566 1199 docentibus
599 1169 748 1207 negotium
772 1169 917 1198 facessere
941 1177 999 1197 non

255 1224 423 1247 vereantur.

296 1266 327 1296 Si
340 1266 490 1296 scholares
506 1275 606 1296 omnes
623 1276 637 1295 a
653 1265 814 1305 primordio
828 1266 998 1302 lectionum,
1021 1280 1023 1291 .

257 1316 370 1346 scilicet
393 1325 407 1345 a
430 1317 504 1345 festo
527 1316 555 1345 S.
574 1316 669 1345 Lucae
692 1316 726 1344 de
750 1324 850 1344 mense
871 1314 1001 1344 octobris
1021 1317 1023 1349 ε]

257 1373 352 1403 usque
375 1364 411 1393 ad
433 1363 565 1393 Natalem
582 1364 709 1401 Domini,
727 1367 853 1402 quatuor
872 1363 1002 1400 integras

258 1413 400 1443 lectiones
424 1413 578 1442 omiserint
601 1412 664 1441 sine
687 1414 773 1441 causei
789 1435 796 1449 ,
822 1420 872 1440 eos
901 1410 1002 1439 acade-

259 1461 335 1491 miae
368 1461 478 1496 iudeX,
512 1465 542 1490 ut
564 1470 611 1490 res
634 1461 697 1499 ipsa
721 1460 870 1499 postulat,
895 1459 1003 1488 acriter

260 1510 438 1548 obiurgabit.
463 1509 492 1539 Si
515 1518 618 1539 rursus
640 1509 697 1539 tale
721 1509 831 1547 aliquid
849 1508 1004 1537 commise-

259 1559 320 1589 rint
343 1568 393 1598 per
415 1559 477 1589 dies
500 1563 586 1596 octe,
612 1558 738 1598 propriis
769 1558 799 1587 in
829 1556 950 1587 aedibus
973 1556 1002 1585 in

260 1608 393 1637 custodia
415 1607 612 1637 detineantur.
636 1607 717 1642 Quod
741 1607 765 1636 si
789 1611 831 1636 ter
848 1606 925 1635 idem
941 1605 1004 1634 ausi

260 1656 381 1693 fuerint,
405 1656 569 1685 studiorum
593 1664 698 1685 cursus
717 1654 886 1684 huiusmodi
916 1653 1004 1682 omis-

261 1705 393 1736 sionibus
425 1705 621 1735 intermedius
649 1705 751 1734 irritus
785 1704 903 1733 omnino
937 1712 1005 1732 ccu-

261 1761 372 1786 seatur.

302 1806 470 1843 Praeterea,
494 1805 519 1834 si
542 1804 592 1843 qni
615 1804 714 1840 etiam,
731 1812 825 1842 neque
842 1812 875 1831 ex
895 1802 1006 1831 valetu-

263 1855 332 1886 dine
355 1863 451 1893 neque
475 1853 533 1883 alia
556 1853 636 1882 iusta
653 1853 688 1882 de
710 1853 797 1882 causa
817 1860 867 1890 per
888 1850 1006 1889 aliquod

263 1903 390 1943 spatium
425 1902 586 1941 temporis,
611 1901 701 1930 veluti
726 1901 756 1930 in
780 1909 910 1929 mensem
933 1899 1007 1928 inte-

263 1960 371 1990 grum,
395 1955 498 1990 sponte
521 1950 661 1980 lectiones
684 1959 740 1979 non
764 1948 953 1985 audiverint,
978 1948 1006 1977 in

264 2010 405 2031 cursuum
425 1999 599 2039 probatione
612 1999 796 2028 reiiciantur.
811 1997 936 2027 Proinde
952 1996 1007 2035 ipsi
1028 2001 1030 2024 ἒ

265 2049 444 2089 professores
478 2049 576 2078 iurato
610 2047 794 2086 spondeant,
822 2056 852 2075 se
875 2046 904 2075 in
928 2045 1008 2074 hisce

265 2096 501 2137 probationibus,
526 2096 700 2135 posthabitis
728 2094 864 2124 omnibus
887 2093 1009 2132 privatis

264 2146 370 2176 studiis
385 2171 391 2180 ,
416 2146 450 2175 ad
474 2145 671 2175 conscientiae
694 2153 826 2173 normani
859 2147 887 2172 et
909 2142 1010 2171 acade-

267 2196 342 2225 miae
366 2195 546 2234 praescripta
570 2198 673 2223 cuncta
692 2193 904 2222 inoderaturos.
929 2190 1009 2226 Quod

266 2245 290 2275 si
307 2243 465 2283 aliqnando
481 2243 510 2272 in
528 2243 648 2282 ancipiti
665 2243 830 2276 haererent,
850 2250 912 2270 rein
928 2241 1010 2269 scho-

269 2293 363 2323 lastici
386 2292 495 2321 iudicio
526 2291 719 2321 dirimendam
743 2294 927 2330 proponent,
961 2289 1010 2328 qui

268 2341 379 2378 etiam,
403 2350 439 2370 ne
476 2341 567 2370 nimia
599 2340 784 2378 indulgentia
816 2344 844 2368 et
872 2339 1032 2368 facilitate*

269 2390 448 2420 scholarium
471 2389 599 2419 desidiae
632 2394 660 2419 et
691 2388 887 2426 negligentiae
910 2396 1010 2417 ansam

271 2438 420 2478 praebeat,
444 2438 520 2467 intra
538 2438 695 2476 aequitatis
711 2442 741 2466 et
756 2437 885 2467 iustitiae
904 2436 1011 2466 limites

270 2488 316 2517 ius
338 2496 423 2517 suum
446 2486 603 2516 exercebit.

312 2535 483 2565 Lectionum
507 2534 688 2573 temporibus
710 2544 794 2563 nemo
821 2543 949 2572 unquam
973 2534 1013 2563 of-

1039 245 1188 283 terpellet‚
1208 254 1303 284 neque
1319 255 1368 275 eos
1384 245 1419 275 ad
1436 245 1605 275 academiae
1621 244 1780 274 concilium

1039 293 1181 322 evocandi
1205 295 1294 323 causa
1309 318 1316 331 ,
1348 294 1391 323 vel
1425 294 1459 323 ad
1483 294 1592 323 aliam¹
1616 292 1783 322 academiae

1041 438 1166 477 demque
1191 443 1320 477 tempore
1345 440 1503 469 litterarius
1527 445 1628 475 actus,
1651 440 1783 469 eiusdem

1042 488 1214 525 praesertim
1238 488 1399 526 sacultatis,
1424 489 1572 518 celebrare
1604 499 1660 518 non
1684 489 1781 518 liceat.

1042 535 1184 565 Universa
1208 541 1305 565 autem
1328 537 1502 574 lectionum,
1527 538 1664 575 thesium,
1683 538 1784 576 dispu-

1042 584 1185 613 tationum
1208 594 1330 622 genera,
1354 590 1383 614 et
1406 586 1546 624 quidquid
1569 586 1605 615 ad
1621 586 1784 615 doctrinam

1042 632 1071 661 in
1095 633 1198 671 quavis
1222 633 1347 662 scientia
1369 634 1539 663 tradendam
1574 635 1617 663 vel
1649 634 1786 663 excolen-

1019 715 1020 719 ,
1042 681 1107 710 dam
1131 682 1288 720 pertineat,
1316 687 1377 711 tum
1401 692 1414 711 a
1434 683 1672 721 praeceptoribus
1690 688 1750 712 tuin
1769 693 1784 712 a

1042 730 1225 760 scholaribus
1249 731 1339 760 latine
1363 732 1569 770 pertractanda
1593 741 1655 761 esse
1684 732 1786 761 statui-

1042 789 1118 809 mus.
1152 780 1182 809 Si
1207 790 1277 809 vero
1299 790 1347 810 res
1370 781 1538 810 huiusmodi
1561 781 1615 817 sit,
1639 791 1713 820 quae
1736 781 1786 810 ali-

1043 828 1161 866 quando
1194 829 1386 858 vernaculum
1420 838 1587 858 sermonem
1621 829 1785 865 desideret,

1082 974 1195 1011 Singuli
1212 975 1343 1004 omnium
1361 975 1533 1004 facultatum
1551 975 1739 1013 professores,
1757 975 1787 1004 in

1043 1023 1234 1053 contexendis
1260 1024 1435 1054 tractatibus
1458 1024 1493 1053 ad
1518 1024 1665 1063 propriam
1689 1024 1788 1053 cathe—

1043 1072 1125 1101 dram
1161 1072 1399 1110 pertinentibus,
1431 1072 1542 1101 dabunt
1567 1072 1697 1102 sedulam
1721 1082 1790 1111 ope-

1044 1169 1084 1198 hil
1108 1169 1211 1199 inutile
1235 1170 1295 1199 suis
1318 1169 1502 1199 auditoribus
1536 1174 1717 1209 proponant,
1753 1179 1790 1199 ne

1044 1218 1159 1256 singula
1183 1219 1307 1256 singulis
1331 1223 1439 1248 temere
1456 1219 1663 1257 permisceant,
1684 1222 1711 1248 et
1729 1227 1791 1248 ser—

1045 1267 1171 1295 vandum
1185 1267 1214 1296 in
1228 1267 1391 1305 disciplinis
1407 1267 1557 1296 tradendis
1573 1267 1704 1296 ordinem
1722 1276 1789 1295 cum

1044 1315 1219 1345 discentium
1242 1315 1353 1345 iactura
1378 1320 1557 1354 pervertant.
1593 1315 1669 1344 Ilaec
1692 1319 1790 1344 antem

1022 1396 1024 1402 ‚
1045 1364 1239 1393 cancellarius
1262 1364 1439 1393 adamussim
1463 1363 1575 1393 servari
1599 1363 1726 1399 curabit,
1752 1363 1791 1392 vi-

1045 1413 1084 1441 tia
1099 1437 1105 1449 ,
1130 1415 1153 1442 si
1186 1422 1260 1452 quae
1294 1413 1488 1451 irrepserint,
1512 1417 1599 1451 prout
1621 1413 1666 1442 ius
1689 1413 1792 1451 sasque

1045 1461 1144 1497 suerit,
1169 1461 1389 1491 emendaturus.

1100 1536 1161 1571 T1T,
1187 1536 1246 1566 XV.
1269 1554 1308 1559 —
1330 1536 1370 1566 De
1392 1537 1514 1566 absentia
1533 1537 1733 1575 professorum.

1088 1607 1250 1645 Professor,
1276 1607 1326 1646 qui
1349 1617 1401 1646 per
1418 1607 1538 1646 triginta
1558 1607 1619 1636 dies
1635 1607 1792 1637 continuos
1816 1627 1900 1648 Poenae
1910 1629 1985 1648 eontra

1049 1656 1238 1695 (computatis
1262 1658 1348 1685 etiam
1371 1665 1430 1685 non
1457 1656 1594 1695 profestis
1615 1656 1645 1685 in
1668 1656 1696 1685 id
1720 1654 1987 1701 ¹0¹n‘fis2⁴1'1i⁸⁵⁵ffii0⁹⁰{

1050 1705 1128 1743 poris
1150 1704 1368 1741 incidentibus,
1392 1705 1549 1734 dummodo
1582 1714 1639 1733 non
1672 1704 1730 1733 sint
1758 1707 1987 1754 θχῐςένέίἕὲυϋυεοθε·

1050 1753 1284 1792 pt·ineipalibuS‚
1316 1763 1390 1792 quae
1423 1758 1485 1783 tuin
1519 1753 1629 1782 aestivo
1662 1757 1794 1791 tempore
1876 1749 1881 1754 ’

1051 1806 1112 1831 tum
1147 1801 1327 1831 solemnibus
1360 1802 1470 1832 Natalis
1501 1806 1529 1831 et
1551 1802 1716 1831 dominicae
1739 1802 1796 1831 lle-

1051 1850 1244 1880 surrectionis
1267 1850 1496 1887 conceduntur),
1522 1850 1566 1879 vel
1589 1849 1793 1886 intermissos,

1051 1899 1114 1928 sine
1137 1900 1227 1928 causa
1249 1908 1264 1927 a
1288 1898 1462 1928 lectionibus
1499 1898 1659 1927 cessaverit
1696 1902 1724 1927 et
1746 1897 1796 1927 ab·

1052 1947 1151 1984 fuerit,
1186 1947 1249 1985 ipso
1283 1948 1358 1976 sacto
1392 1946 1534 1976 cathedra
1565 1950 1593 1976 et
1625 1946 1795 1984 magisterio

1052 1994 1216 2024 abdicetur.
1251 1995 1450 2025 Scholasticus
1474 2004 1540 2024 vero
1574 1999 1602 2024 et
1636 1994 1794 2024 concilium

1052 2044 1202 2073 sufficiens
1226 2048 1341 2082 tempus
1374 2043 1524 2082 impeditis
1555 2048 1604 2072 aut
1626 2042 1795 2073 rationabili

1053 2093 1088 2122 de
1119 2094 1208 2122 causa
1240 2092 1387 2122 abfuturis
1419 2092 1630 2131 impertiatur,
1664 2102 1722 2122 non
1755 2097 1797 2121 ta·-

1054 2152 1120 2172 men
1142 2142 1280 2171 cathedra
1303 2141 1502 2179 destituatur,
1534 2141 1583 2170 sed
1607 2141 1724 2170 iuterim
1747 2141 1796 2170 ab·

1053 2191 1146 2220 sentis
1169 2191 1248 2219 vices
1271 2194 1299 2220 et
1322 2190 1417 2219 locum
1440 2189 1615 2219 substitutus
1649 2189 1796 2228 professor

1053 2239 1167 2269 subeat.

1093 2287 1297 2318 Concessionis
1320 2291 1434 2325 tempus
1451 2286 1525 2316 nulli
1541 2285 1680 2315 excedere
1697 2286 1795 2323 liceat,

1054 2346 1087 2366 ac
1120 2337 1243 2375 proinde
1275 2336 1401 2365 bidellus
1435 2339 1609 2374 punctatur,
1633 2344 1667 2363 eo
1685 2335 1796 2373 elapso,

1055 2386 1182 2415 iudicem
1206 2389 1358 2424 praesente
1381 2384 1538 2413 secretario
1562 2383 1665 2421 adeat,
1690 2388 1739 2421 nt,
1763 2392 1798 2413 eo

1055 2435 1229 2469 admonito,
1264 2434 1334 2472 quid
1368 2437 1515 2471 praeterea
1543 2432 1657 2461 consilii
1681 2433 1799 2471 capien-

1056 2484 1125 2513 dum
1149 2484 1198 2521 sit,
1223 2493 1237 2511 a
1262 2482 1436 2512 cancellario
1463 2485 1491 2510 et
1513 2481 1637 2511 concilio
1659 2481 1801 2511 decerna-

1032 2526 1034 2565 ἶ
1056 2537 1114 2562 tur.

273 2585 377 2615 finialis
396 2584 534 2614 docentes
558 2593 593 2612 ex
616 2583 754 2613 cathedra
775 2583 953 2621 professores
970 2583 1013 2612 in-
1032 2569 1034 2585 Ι

1091 2587 1104 2612 ’1
1128 2585 1198 2612 Edit.
1220 2584 1303 2610 Maia.
1325 2583 1390 2618 legit
1409 2583 1504 2610 alium
1523 2585 1562 2617 (R.
1579 2582 1628 2616 T.)-
