<?xml version="1.0" encoding="UTF-8"?>
<!DOCTYPE html PUBLIC "-//W3C//DTD XHTML 1.0 Transitional//EN"
    "http://www.w3.org/TR/xhtml1/DTD/xhtml1-transitional.dtd">
<html xmlns="http://www.w3.org/1999/xhtml" xml:lang="en" lang="en">
 <head>
  <title>
</title>
<meta http-equiv="Content-Type" content="text/html;charset=utf-8" />
  <meta name='ocr-system' content='tesseract 3.04.00' />
  <meta name='ocr-capabilities' content='ocr_page ocr_carea ocr_par ocr_line ocrx_word'/>
</head>
<body>
  <div class='ocr_page' id='page_1' title='image "./bullarumdiplomat23cath_0095.png"; bbox 0 0 2182 3137; ppageno 0'>
   <div class='ocr_carea' id='block_1_1' title="bbox 0 0 30 3137">
    <p class='ocr_par' dir='ltr' id='par_1_1' title="bbox 0 0 30 3137">
     <span class='ocr_line' id='line_1_1' title="bbox 0 0 30 3137; baseline 0 0"><span class='ocrx_word' id='word_1_1' title='bbox 0 0 30 3137; x_wconf 95' lang='lat' dir='ltr'> </span> 
     </span>
    </p>
   </div>
   <div class='ocr_carea' id='block_1_2' title="bbox 75 189 1019 2615">
    <p class='ocr_par' dir='ltr' id='par_1_2' title="bbox 75 189 1014 618">
     <span class='ocr_line' id='line_1_2' title="bbox 75 189 263 221; baseline -0.016 -1"><span class='ocrx_word' id='word_1_2' title='bbox 75 193 125 221; x_wconf 77' lang='lat' dir='ltr'>An.</span> <span class='ocrx_word' id='word_1_3' title='bbox 146 191 175 218; x_wconf 86' lang='lat' dir='ltr'>C.</span> <span class='ocrx_word' id='word_1_4' title='bbox 195 189 263 218; x_wconf 81' lang='lat'><strong>1730</strong></span> 
     </span>
     <span class='ocr_line' id='line_1_3' title="bbox 270 235 1012 274; baseline -0.008 -6"><span class='ocrx_word' id='word_1_5' title='bbox 270 238 322 267; x_wconf 83' lang='lat' dir='ltr'>hac</span> <span class='ocrx_word' id='word_1_6' title='bbox 356 237 587 273; x_wconf 78' lang='lat' dir='ltr'>constitutione3</span> <span class='ocrx_word' id='word_1_7' title='bbox 623 236 672 265; x_wconf 88' lang='lat' dir='ltr'>sed</span> <span class='ocrx_word' id='word_1_8' title='bbox 707 239 822 274; x_wconf 84' lang='lat' dir='ltr'>praeter</span> <span class='ocrx_word' id='word_1_9' title='bbox 856 235 929 263; x_wconf 79' lang='lat' dir='ltr'>duos</span> <span class='ocrx_word' id='word_1_10' title='bbox 963 239 1012 263; x_wconf 77' lang='lat' dir='ltr'>aut</span> 
     </span>
     <span class='ocr_line' id='line_1_4' title="bbox 271 282 1013 324; baseline -0.007 -9"><span class='ocrx_word' id='word_1_11' title='bbox 271 290 330 315; x_wconf 84' lang='lat' dir='ltr'>tres</span> <span class='ocrx_word' id='word_1_12' title='bbox 353 286 520 323; x_wconf 87' lang='lat' dir='ltr'>monachos,</span> <span class='ocrx_word' id='word_1_13' title='bbox 544 285 594 324; x_wconf 89' lang='lat' dir='ltr'>qui</span> <span class='ocrx_word' id='word_1_14' title='bbox 617 283 652 313; x_wconf 90' lang='lat' dir='ltr'>ad</span> <span class='ocrx_word' id='word_1_15' title='bbox 675 283 750 313; x_wconf 87' lang='lat' dir='ltr'>dicta</span> <span class='ocrx_word' id='word_1_16' title='bbox 774 282 902 321; x_wconf 84' lang='lat' dir='ltr'>capitula</span> <span class='ocrx_word' id='word_1_17' title='bbox 927 292 1013 319; x_wconf 72' lang='lat' dir='ltr'>geue-</span> 
     </span>
     <span class='ocr_line' id='line_1_5' title="bbox 270 332 1013 371; baseline -0.005 -8"><span class='ocrx_word' id='word_1_18' title='bbox 270 334 342 363; x_wconf 85' lang='lat' dir='ltr'>ralia</span> <span class='ocrx_word' id='word_1_19' title='bbox 375 338 403 364; x_wconf 84' lang='lat' dir='ltr'>et</span> <span class='ocrx_word' id='word_1_20' title='bbox 435 333 609 364; x_wconf 84' lang='lat' dir='ltr'>intermedia</span> <span class='ocrx_word' id='word_1_21' title='bbox 641 332 803 371; x_wconf 72' lang='lat' dir='ltr'>respective</span> <span class='ocrx_word' id='word_1_22' title='bbox 835 340 1013 360; x_wconf 85' lang='lat' dir='ltr'>concurrere</span> 
     </span>
     <span class='ocr_line' id='line_1_6' title="bbox 272 381 1014 424; baseline -0.008 -10"><span class='ocrx_word' id='word_1_23' title='bbox 272 387 395 424; x_wconf 79' lang='lat' dir='ltr'><strong>possunt</strong></span> <span class='ocrx_word' id='word_1_24' title='bbox 416 393 451 413; x_wconf 87' lang='lat' dir='ltr'>ex</span> <span class='ocrx_word' id='word_1_25' title='bbox 474 382 604 422; x_wconf 90' lang='lat' dir='ltr'>quolibet</span> <span class='ocrx_word' id='word_1_26' title='bbox 627 381 823 418; x_wconf 87' lang='lat' dir='ltr'>monasterio,</span> <span class='ocrx_word' id='word_1_27' title='bbox 848 389 950 409; x_wconf 89' lang='lat' dir='ltr'>omnes</span> <span class='ocrx_word' id='word_1_28' title='bbox 973 383 1014 409; x_wconf 89' lang='lat' dir='ltr'>et-</span> 
     </span>
     <span class='ocr_line' id='line_1_7' title="bbox 271 428 1014 470; baseline -0.008 -7"><span class='ocrx_word' id='word_1_29' title='bbox 271 434 327 463; x_wconf 86' lang='lat' dir='ltr'>iam</span> <span class='ocrx_word' id='word_1_30' title='bbox 343 432 533 470; x_wconf 80' lang='lat' dir='ltr'>exgenerales</span> <span class='ocrx_word' id='word_1_31' title='bbox 548 431 679 460; x_wconf 85' lang='lat' dir='ltr'>eiusdem</span> <span class='ocrx_word' id='word_1_32' title='bbox 697 429 868 459; x_wconf 85' lang='lat' dir='ltr'>monasterii</span> <span class='ocrx_word' id='word_1_33' title='bbox 892 428 1014 467; x_wconf 78' lang='lat' dir='ltr'>professi</span> 
     </span>
     <span class='ocr_line' id='line_1_8' title="bbox 271 476 1014 513; baseline -0.008 -2"><span class='ocrx_word' id='word_1_34' title='bbox 271 484 448 511; x_wconf 84' lang='lat' dir='ltr'>concurrant</span> <span class='ocrx_word' id='word_1_35' title='bbox 479 484 507 509; x_wconf 92' lang='lat' dir='ltr'>et</span> <span class='ocrx_word' id='word_1_36' title='bbox 538 488 639 509; x_wconf 91' lang='lat' dir='ltr'>vocem</span> <span class='ocrx_word' id='word_1_37' title='bbox 673 478 822 513; x_wconf 70' lang='lat' dir='ltr'>habeant3</span> <span class='ocrx_word' id='word_1_38' title='bbox 857 476 1014 506; x_wconf 89' lang='lat' dir='ltr'>dummodo</span> 
     </span>
     <span class='ocr_line' id='line_1_9' title="bbox 271 525 1013 569; baseline -0.003 -12"><span class='ocrx_word' id='word_1_39' title='bbox 271 528 466 569; x_wconf 82' lang='lat' dir='ltr'>personaliter</span> <span class='ocrx_word' id='word_1_40' title='bbox 494 528 580 558; x_wconf 85' lang='lat' dir='ltr'>dietis</span> <span class='ocrx_word' id='word_1_41' title='bbox 616 527 753 566; x_wconf 84' lang='lat' dir='ltr'>capitulis</span> <span class='ocrx_word' id='word_1_42' title='bbox 789 525 1013 559; x_wconf 64' lang='lat' dir='ltr'>interveniant3</span> 
     </span>
     <span class='ocr_line' id='line_1_10' title="bbox 272 574 1012 618; baseline -0.007 -11"><span class='ocrx_word' id='word_1_43' title='bbox 272 577 350 618; x_wconf 89' lang='lat' dir='ltr'>quod</span> <span class='ocrx_word' id='word_1_44' title='bbox 367 576 542 607; x_wconf 89' lang='lat' dir='ltr'>auctoritate</span> <span class='ocrx_word' id='word_1_45' title='bbox 557 575 719 615; x_wconf 68' lang='lat' dir='ltr'>apostolica</span> <span class='ocrx_word' id='word_1_46' title='bbox 735 579 778 604; x_wconf 88' lang='lat' dir='ltr'>est</span> <span class='ocrx_word' id='word_1_47' title='bbox 794 574 1012 604; x_wconf 81' lang='lat' dir='ltr'>confirmatum.</span> 
     </span>
    </p>

    <p class='ocr_par' dir='ltr' id='par_1_3' title="bbox 78 621 1015 665">
     <span class='ocr_line' id='line_1_11' title="bbox 78 621 1015 665; baseline -0.007 -8"><span class='ocrx_word' id='word_1_48' title='bbox 78 636 162 658; x_wconf 68' lang='lat' dir='ltr'>Priores</span> <span class='ocrx_word' id='word_1_49' title='bbox 178 638 198 656; x_wconf 72' lang='lat' dir='ltr'>et</span> <span class='ocrx_word' id='word_1_50' title='bbox 212 640 260 665; x_wconf 62' lang='grc' dir='ltr'><strong><em>ῃςο-</em></strong></span> <span class='ocrx_word' id='word_1_51' title='bbox 310 635 370 656; x_wconf 87' lang='lat' dir='ltr'>vm.</span> <span class='ocrx_word' id='word_1_52' title='bbox 394 625 514 656; x_wconf 85' lang='lat' dir='ltr'>Priores</span> <span class='ocrx_word' id='word_1_53' title='bbox 536 629 563 655; x_wconf 90' lang='lat' dir='ltr'>et</span> <span class='ocrx_word' id='word_1_54' title='bbox 586 628 806 664; x_wconf 77' lang='lat' dir='ltr'>procuratores,</span> <span class='ocrx_word' id='word_1_55' title='bbox 829 622 864 652; x_wconf 83' lang='lat' dir='ltr'>ad</span> <span class='ocrx_word' id='word_1_56' title='bbox 886 621 1015 661; x_wconf 86' lang='lat' dir='ltr'>capitula</span> 
     </span>
    </p>

    <p class='ocr_par' dir='ltr' id='par_1_4' title="bbox 77 665 1017 715">
     <span class='ocr_line' id='line_1_12' title="bbox 77 665 1017 715; baseline -0.011 -5"><span class='ocrx_word' id='word_1_57' title='bbox 77 665 188 715; x_wconf 44' lang='lat'>3322?</span> <span class='ocrx_word' id='word_1_58' title='bbox 197 668 260 709; x_wconf 53' lang='lat'>33:22⁵</span> <span class='ocrx_word' id='word_1_59' title='bbox 272 679 330 706; x_wconf 88' lang='lat' dir='ltr'>tam</span> <span class='ocrx_word' id='word_1_60' title='bbox 359 674 507 714; x_wconf 83' lang='lat' dir='ltr'>generalia</span> <span class='ocrx_word' id='word_1_61' title='bbox 530 683 618 713; x_wconf 90' lang='lat' dir='ltr'>quam</span> <span class='ocrx_word' id='word_1_62' title='bbox 641 672 816 703; x_wconf 82' lang='lat' dir='ltr'>intermedia</span> <span class='ocrx_word' id='word_1_63' title='bbox 840 671 1017 701; x_wconf 86' lang='lat' dir='ltr'>convenien-</span> 
     </span>
    </p>

    <p class='ocr_par' dir='ltr' id='par_1_5' title="bbox 77 715 1018 951">
     <span class='ocr_line' id='line_1_13' title="bbox 77 715 1018 761; baseline -0.007 -5"><span class='ocrx_word' id='word_1_64' title='bbox 77 716 127 737; x_wconf 51' lang='grc' dir='ltr'>ωε</span> <span class='ocrx_word' id='word_1_65' title='bbox 142 715 243 736; x_wconf 66' lang='lat' dir='ltr'><strong>¹¹⁰b⁰³⁰‘&#39;</strong></span> <span class='ocrx_word' id='word_1_66' title='bbox 272 728 326 761; x_wconf 78' lang='lat' dir='ltr'>teS,</span> <span class='ocrx_word' id='word_1_67' title='bbox 351 724 469 754; x_wconf 86' lang='lat' dir='ltr'>veniant</span> <span class='ocrx_word' id='word_1_68' title='bbox 495 727 523 754; x_wconf 89' lang='lat' dir='ltr'>et</span> <span class='ocrx_word' id='word_1_69' title='bbox 549 723 689 753; x_wconf 78' lang='lat' dir='ltr'>accedant</span> <span class='ocrx_word' id='word_1_70' title='bbox 721 720 890 761; x_wconf 84' lang='lat' dir='ltr'>sumptibus</span> <span class='ocrx_word' id='word_1_71' title='bbox 919 724 946 750; x_wconf 88' lang='lat' dir='ltr'>et</span> <span class='ocrx_word' id='word_1_72' title='bbox 968 729 1018 750; x_wconf 82' lang='lat' dir='ltr'>ex-</span> 
     </span>
     <span class='ocr_line' id='line_1_14' title="bbox 272 772 1016 813; baseline -0.008 -9"><span class='ocrx_word' id='word_1_73' title='bbox 272 773 372 813; x_wconf 82' lang='lat' dir='ltr'>pensis</span> <span class='ocrx_word' id='word_1_74' title='bbox 388 772 774 808; x_wconf 85' lang='lat' dir='ltr'>monasteriorumillorum,</span> <span class='ocrx_word' id='word_1_75' title='bbox 789 779 914 810; x_wconf 88' lang='lat' dir='ltr'>quorum</span> <span class='ocrx_word' id='word_1_76' title='bbox 932 778 1016 799; x_wconf 89' lang='lat' dir='ltr'>voces</span> 
     </span>
     <span class='ocr_line' id='line_1_15' title="bbox 273 820 1017 861; baseline -0.007 -9"><span class='ocrx_word' id='word_1_77' title='bbox 273 822 303 852; x_wconf 91' lang='lat' dir='ltr'>in</span> <span class='ocrx_word' id='word_1_78' title='bbox 326 821 412 852; x_wconf 87' lang='lat' dir='ltr'>dictis</span> <span class='ocrx_word' id='word_1_79' title='bbox 435 821 573 861; x_wconf 85' lang='lat' dir='ltr'>capitulis</span> <span class='ocrx_word' id='word_1_80' title='bbox 595 820 725 850; x_wconf 87' lang='lat' dir='ltr'>habent:</span> <span class='ocrx_word' id='word_1_81' title='bbox 750 823 848 859; x_wconf 88' lang='lat' dir='ltr'>patres</span> <span class='ocrx_word' id='word_1_82' title='bbox 877 828 946 849; x_wconf 89' lang='lat' dir='ltr'>vero</span> <span class='ocrx_word' id='word_1_83' title='bbox 968 827 1017 848; x_wconf 82' lang='lat' dir='ltr'>ex-</span> 
     </span>
     <span class='ocr_line' id='line_1_16' title="bbox 272 868 1017 910; baseline -0.005 -9"><span class='ocrx_word' id='word_1_84' title='bbox 272 870 424 909; x_wconf 85' lang='lat' dir='ltr'>generales</span> <span class='ocrx_word' id='word_1_85' title='bbox 448 870 584 910; x_wconf 83' lang='lat' dir='ltr'>expensis</span> <span class='ocrx_word' id='word_1_86' title='bbox 602 868 849 899; x_wconf 78' lang='lat' dir='ltr'>monasteriorum</span> <span class='ocrx_word' id='word_1_87' title='bbox 866 877 935 898; x_wconf 90' lang='lat' dir='ltr'>suae</span> <span class='ocrx_word' id='word_1_88' title='bbox 951 876 1017 906; x_wconf 85' lang='lat' dir='ltr'>pro-</span> 
     </span>
     <span class='ocr_line' id='line_1_17' title="bbox 273 920 418 951; baseline -0.007 0"><span class='ocrx_word' id='word_1_89' title='bbox 273 920 418 951; x_wconf 85' lang='lat' dir='ltr'>sessionis.</span> 
     </span>
    </p>

    <p class='ocr_par' dir='ltr' id='par_1_6' title="bbox 90 966 1017 1010">
     <span class='ocr_line' id='line_1_18' title="bbox 90 966 1017 1010; baseline -0.005 -10"><span class='ocrx_word' id='word_1_90' title='bbox 90 980 121 1010; x_wconf 74' lang='lat' dir='ltr'>ne</span> <span class='ocrx_word' id='word_1_91' title='bbox 135 980 262 1009; x_wconf 56' lang='lat' dir='ltr'>procurato-</span> <span class='ocrx_word' id='word_1_92' title='bbox 312 979 352 1000; x_wconf 80' lang='lat' dir='ltr'>ix.</span> <span class='ocrx_word' id='word_1_93' title='bbox 377 969 502 1000; x_wconf 89' lang='lat' dir='ltr'>Voeales</span> <span class='ocrx_word' id='word_1_94' title='bbox 525 968 643 1009; x_wconf 88' lang='lat' dir='ltr'>capituli</span> <span class='ocrx_word' id='word_1_95' title='bbox 659 967 843 1005; x_wconf 80' lang='lat' dir='ltr'>intermedii,</span> <span class='ocrx_word' id='word_1_96' title='bbox 861 966 923 997; x_wconf 88' lang='lat' dir='ltr'>sive</span> <span class='ocrx_word' id='word_1_97' title='bbox 939 966 1017 1006; x_wconf 88' lang='lat' dir='ltr'>prio-</span> 
     </span>
    </p>

    <p class='ocr_par' dir='ltr' id='par_1_7' title="bbox 78 1006 1016 1063">
     <span class='ocr_line' id='line_1_19' title="bbox 78 1006 1016 1063; baseline -0.01 -10"><span class='ocrx_word' id='word_1_98' title='bbox 78 1006 260 1063; x_wconf 46' lang='lat' dir='ltr'>{inpiiaiiwii&#39;tfff</span> <span class='ocrx_word' id='word_1_99' title='bbox 272 1028 320 1049; x_wconf 87' lang='lat' dir='ltr'>res</span> <span class='ocrx_word' id='word_1_100' title='bbox 353 1019 414 1049; x_wconf 91' lang='lat' dir='ltr'>sive</span> <span class='ocrx_word' id='word_1_101' title='bbox 442 1021 646 1058; x_wconf 80' lang='lat' dir='ltr'>procuratores</span> <span class='ocrx_word' id='word_1_102' title='bbox 669 1017 818 1053; x_wconf 79' lang='lat' dir='ltr'>existant,</span> <span class='ocrx_word' id='word_1_103' title='bbox 842 1015 1016 1045; x_wconf 86' lang='lat' dir='ltr'>infirmitate</span> 
     </span>
    </p>

    <p class='ocr_par' dir='ltr' id='par_1_8' title="bbox 78 1059 1018 1112">
     <span class='ocr_line' id='line_1_20' title="bbox 78 1059 1018 1112; baseline -0.007 -12"><span class='ocrx_word' id='word_1_104' title='bbox 78 1059 262 1112; x_wconf 47' lang='grc' dir='ltr'>ἵξῩῚ-αξξῇζῗζζ</span> <span class='ocrx_word' id='word_1_105' title='bbox 273 1077 324 1099; x_wconf 85' lang='lat' dir='ltr'>seu</span> <span class='ocrx_word' id='word_1_106' title='bbox 341 1068 397 1098; x_wconf 80' lang='lat' dir='ltr'>alia</span> <span class='ocrx_word' id='word_1_107' title='bbox 413 1067 491 1098; x_wconf 72' lang='lat' dir='ltr'>iusta</span> <span class='ocrx_word' id='word_1_108' title='bbox 503 1067 538 1098; x_wconf 90' lang='lat' dir='ltr'>de</span> <span class='ocrx_word' id='word_1_109' title='bbox 552 1067 640 1097; x_wconf 70' lang='lat' dir='ltr'>causa</span> <span class='ocrx_word' id='word_1_110' title='bbox 656 1065 806 1105; x_wconf 87' lang='lat' dir='ltr'>impediti,</span> <span class='ocrx_word' id='word_1_111' title='bbox 825 1064 938 1104; x_wconf 83' lang='lat' dir='ltr'>possint</span> <span class='ocrx_word' id='word_1_112' title='bbox 952 1073 1018 1103; x_wconf 87' lang='lat' dir='ltr'>pro-</span> 
     </span>
    </p>

    <p class='ocr_par' dir='ltr' id='par_1_9' title="bbox 78 1113 1018 1595">
     <span class='ocr_line' id='line_1_21' title="bbox 78 1113 1017 1153; baseline -0.009 -4"><span class='ocrx_word' id='word_1_113' title='bbox 78 1113 125 1134; x_wconf 55' lang='grc' dir='ltr'>’Μ’</span> <span class='ocrx_word' id='word_1_114' title='bbox 272 1120 424 1147; x_wconf 83' lang='lat' dir='ltr'>curatores</span> <span class='ocrx_word' id='word_1_115' title='bbox 439 1116 631 1153; x_wconf 88' lang='lat' dir='ltr'>constituere,</span> <span class='ocrx_word' id='word_1_116' title='bbox 646 1124 714 1144; x_wconf 84' lang='lat' dir='ltr'>suas</span> <span class='ocrx_word' id='word_1_117' title='bbox 730 1114 808 1144; x_wconf 88' lang='lat' dir='ltr'>vices</span> <span class='ocrx_word' id='word_1_118' title='bbox 824 1117 851 1143; x_wconf 89' lang='lat' dir='ltr'>et</span> <span class='ocrx_word' id='word_1_119' title='bbox 868 1122 953 1143; x_wconf 91' lang='lat' dir='ltr'>voces</span> <span class='ocrx_word' id='word_1_120' title='bbox 970 1113 1017 1142; x_wconf 89' lang='lat' dir='ltr'>ha-</span> 
     </span>
     <span class='ocr_line' id='line_1_22' title="bbox 272 1162 1018 1204; baseline -0.007 -8"><span class='ocrx_word' id='word_1_121' title='bbox 272 1165 387 1196; x_wconf 87' lang='lat' dir='ltr'>bituros</span> <span class='ocrx_word' id='word_1_122' title='bbox 409 1165 439 1195; x_wconf 90' lang='lat' dir='ltr'>in</span> <span class='ocrx_word' id='word_1_123' title='bbox 462 1165 540 1195; x_wconf 89' lang='lat' dir='ltr'>dicto</span> <span class='ocrx_word' id='word_1_124' title='bbox 559 1164 699 1204; x_wconf 88' lang='lat' dir='ltr'>capitulo,</span> <span class='ocrx_word' id='word_1_125' title='bbox 718 1167 804 1202; x_wconf 88' lang='lat' dir='ltr'>prout</span> <span class='ocrx_word' id='word_1_126' title='bbox 821 1163 893 1192; x_wconf 84' lang='lat' dir='ltr'>baec</span> <span class='ocrx_word' id='word_1_127' title='bbox 909 1162 1018 1192; x_wconf 84' lang='lat' dir='ltr'>consti-</span> 
     </span>
     <span class='ocr_line' id='line_1_23' title="bbox 273 1211 1017 1253; baseline -0.005 -8"><span class='ocrx_word' id='word_1_128' title='bbox 273 1215 347 1245; x_wconf 92' lang='lat' dir='ltr'>tutio</span> <span class='ocrx_word' id='word_1_129' title='bbox 362 1214 492 1253; x_wconf 87' lang='lat' dir='ltr'>disponit</span> <span class='ocrx_word' id='word_1_130' title='bbox 508 1214 543 1244; x_wconf 89' lang='lat' dir='ltr'>de</span> <span class='ocrx_word' id='word_1_131' title='bbox 559 1213 706 1253; x_wconf 87' lang='lat' dir='ltr'>prioribus</span> <span class='ocrx_word' id='word_1_132' title='bbox 728 1217 757 1243; x_wconf 92' lang='lat' dir='ltr'>et</span> <span class='ocrx_word' id='word_1_133' title='bbox 777 1211 1017 1252; x_wconf 84' lang='lat' dir='ltr'>procuratorilms</span> 
     </span>
     <span class='ocr_line' id='line_1_24' title="bbox 272 1262 1018 1304; baseline -0.007 -9"><span class='ocrx_word' id='word_1_134' title='bbox 272 1264 392 1304; x_wconf 87' lang='lat' dir='ltr'>capituli</span> <span class='ocrx_word' id='word_1_135' title='bbox 420 1263 567 1302; x_wconf 81' lang='lat' dir='ltr'>generalis</span> <span class='ocrx_word' id='word_1_136' title='bbox 582 1287 589 1301; x_wconf 89' lang='lat'>,</span> <span class='ocrx_word' id='word_1_137' title='bbox 613 1262 771 1292; x_wconf 90' lang='lat' dir='ltr'>dummodo</span> <span class='ocrx_word' id='word_1_138' title='bbox 794 1270 912 1291; x_wconf 87' lang='lat' dir='ltr'>eausam</span> <span class='ocrx_word' id='word_1_139' title='bbox 935 1270 1018 1300; x_wconf 89' lang='lat' dir='ltr'>prae—</span> 
     </span>
     <span class='ocr_line' id='line_1_25' title="bbox 271 1309 1017 1352; baseline -0.007 -8"><span class='ocrx_word' id='word_1_140' title='bbox 271 1313 380 1344; x_wconf 82' lang='lat' dir='ltr'>dictam</span> <span class='ocrx_word' id='word_1_141' title='bbox 403 1321 455 1352; x_wconf 91' lang='lat' dir='ltr'>per</span> <span class='ocrx_word' id='word_1_142' title='bbox 477 1321 544 1341; x_wconf 89' lang='lat' dir='ltr'>suas</span> <span class='ocrx_word' id='word_1_143' title='bbox 566 1311 680 1341; x_wconf 81' lang='lat' dir='ltr'>litteras</span> <span class='ocrx_word' id='word_1_144' title='bbox 712 1311 840 1350; x_wconf 85' lang='lat' dir='ltr'>capitulo</span> <span class='ocrx_word' id='word_1_145' title='bbox 867 1309 1017 1349; x_wconf 86' lang='lat' dir='ltr'>praedicto</span> 
     </span>
     <span class='ocr_line' id='line_1_26' title="bbox 272 1360 1017 1398; baseline -0.007 -5"><span class='ocrx_word' id='word_1_146' title='bbox 272 1362 436 1393; x_wconf 84' lang='lat' dir='ltr'>notificent.</span> <span class='ocrx_word' id='word_1_147' title='bbox 460 1360 687 1391; x_wconf 79' lang='lat' dir='ltr'>Constituantur</span> <span class='ocrx_word' id='word_1_148' title='bbox 715 1369 783 1389; x_wconf 79' lang='lat' dir='ltr'>vero</span> <span class='ocrx_word' id='word_1_149' title='bbox 813 1362 1017 1398; x_wconf 84' lang='lat' dir='ltr'>procuratores</span> 
     </span>
     <span class='ocr_line' id='line_1_27' title="bbox 272 1408 1018 1452; baseline -0.007 -10"><span class='ocrx_word' id='word_1_150' title='bbox 272 1420 415 1452; x_wconf 78' lang='lat' dir='ltr'>personae</span> <span class='ocrx_word' id='word_1_151' title='bbox 438 1410 581 1440; x_wconf 87' lang='lat' dir='ltr'>habentes</span> <span class='ocrx_word' id='word_1_152' title='bbox 605 1409 761 1449; x_wconf 86' lang='lat' dir='ltr'>qualitates</span> <span class='ocrx_word' id='word_1_153' title='bbox 784 1413 812 1438; x_wconf 92' lang='lat' dir='ltr'>et</span> <span class='ocrx_word' id='word_1_154' title='bbox 834 1408 1018 1438; x_wconf 83' lang='lat' dir='ltr'>conditiones</span> 
     </span>
     <span class='ocr_line' id='line_1_28' title="bbox 272 1457 1017 1500; baseline -0.008 -10"><span class='ocrx_word' id='word_1_155' title='bbox 272 1459 430 1500; x_wconf 84' lang='lat' dir='ltr'>requisitas</span> <span class='ocrx_word' id='word_1_156' title='bbox 454 1468 507 1498; x_wconf 89' lang='lat' dir='ltr'>per</span> <span class='ocrx_word' id='word_1_157' title='bbox 528 1457 744 1498; x_wconf 86' lang='lat' dir='ltr'>suprapositam</span> <span class='ocrx_word' id='word_1_158' title='bbox 762 1461 1017 1495; x_wconf 60' lang='lat' dir='ltr'>extravagantem,</span> 
     </span>
     <span class='ocr_line' id='line_1_29' title="bbox 272 1505 1018 1548; baseline -0.007 -8"><span class='ocrx_word' id='word_1_159' title='bbox 272 1509 443 1548; x_wconf 81' lang='lat' dir='ltr'>nulliusque</span> <span class='ocrx_word' id='word_1_160' title='bbox 468 1507 639 1538; x_wconf 88' lang='lat' dir='ltr'>monasterii</span> <span class='ocrx_word' id='word_1_161' title='bbox 662 1507 737 1536; x_wconf 90' lang='lat' dir='ltr'>ultra</span> <span class='ocrx_word' id='word_1_162' title='bbox 761 1507 834 1536; x_wconf 86' lang='lat' dir='ltr'>duas</span> <span class='ocrx_word' id='word_1_163' title='bbox 858 1515 942 1536; x_wconf 87' lang='lat' dir='ltr'>voces</span> <span class='ocrx_word' id='word_1_164' title='bbox 971 1505 1018 1535; x_wconf 87' lang='lat' dir='ltr'>ad-</span> 
     </span>
     <span class='ocr_line' id='line_1_30' title="bbox 273 1554 1015 1595; baseline -0.007 -7"><span class='ocrx_word' id='word_1_165' title='bbox 273 1558 410 1588; x_wconf 88' lang='lat' dir='ltr'>mittatur</span> <span class='ocrx_word' id='word_1_166' title='bbox 427 1557 513 1587; x_wconf 87' lang='lat' dir='ltr'>tertia</span> <span class='ocrx_word' id='word_1_167' title='bbox 531 1556 561 1586; x_wconf 88' lang='lat' dir='ltr'>in</span> <span class='ocrx_word' id='word_1_168' title='bbox 578 1556 657 1586; x_wconf 90' lang='lat' dir='ltr'>dicto</span> <span class='ocrx_word' id='word_1_169' title='bbox 675 1555 804 1595; x_wconf 84' lang='lat' dir='ltr'>capitulo</span> <span class='ocrx_word' id='word_1_170' title='bbox 827 1554 1015 1584; x_wconf 87' lang='lat' dir='ltr'>intermedio.</span> 
     </span>
    </p>

    <p class='ocr_par' dir='ltr' id='par_1_10' title="bbox 80 1603 1019 2530">
     <span class='ocr_line' id='line_1_31' title="bbox 125 1603 1018 1652; baseline -0.006 -15"><span class='ocrx_word' id='word_1_171' title='bbox 125 1631 264 1652; x_wconf 60' lang='lat' dir='ltr'>comumnes</span> <span class='ocrx_word' id='word_1_172' title='bbox 312 1615 342 1635; x_wconf 85' lang='lat' dir='ltr'>x.</span> <span class='ocrx_word' id='word_1_173' title='bbox 366 1605 498 1636; x_wconf 88' lang='lat' dir='ltr'>Monachi</span> <span class='ocrx_word' id='word_1_174' title='bbox 514 1604 641 1643; x_wconf 83' lang='lat' dir='ltr'>eligendi</span> <span class='ocrx_word' id='word_1_175' title='bbox 663 1604 693 1633; x_wconf 93' lang='lat' dir='ltr'>in</span> <span class='ocrx_word' id='word_1_176' title='bbox 711 1607 916 1643; x_wconf 82' lang='lat' dir='ltr'>procuratores</span> <span class='ocrx_word' id='word_1_177' title='bbox 940 1603 1018 1642; x_wconf 88' lang='lat' dir='ltr'>capi-</span> 
     </span>
     <span class='ocr_line' id='line_1_32' title="bbox 80 1652 1018 1710; baseline -0.006 -24"><span class='ocrx_word' id='word_1_178' title='bbox 80 1657 264 1710; x_wconf 42' lang='lat' dir='ltr'>pffifirfgffiffiwjg</span> <span class='ocrx_word' id='word_1_179' title='bbox 273 1655 326 1685; x_wconf 90' lang='lat' dir='ltr'>tuli</span> <span class='ocrx_word' id='word_1_180' title='bbox 348 1654 496 1694; x_wconf 84' lang='lat' dir='ltr'>generalis</span> <span class='ocrx_word' id='word_1_181' title='bbox 512 1653 759 1683; x_wconf 79' lang='lat' dir='ltr'>monasteriorum</span> <span class='ocrx_word' id='word_1_182' title='bbox 775 1652 967 1691; x_wconf 81' lang='lat' dir='ltr'>professionis</span> <span class='ocrx_word' id='word_1_183' title='bbox 990 1655 1018 1681; x_wconf 88' lang='lat' dir='ltr'>et</span> 
     </span>
     <span class='ocr_line' id='line_1_33' title="bbox 80 1700 1018 1763; baseline -0.002 -31"><span class='ocrx_word' id='word_1_184' title='bbox 80 1703 464 1763; x_wconf 57' lang='lat' dir='ltr'>ffi&#39;,³¹,}³0&#39;,‘,²{,{{¹,¹„s¹&#39;⁰⁰llegi⁰rum</span> <span class='ocrx_word' id='word_1_185' title='bbox 497 1706 678 1740; x_wconf 87' lang='lat' dir='ltr'>nostrorum,</span> <span class='ocrx_word' id='word_1_186' title='bbox 710 1701 877 1732; x_wconf 86' lang='lat' dir='ltr'>necessario</span> <span class='ocrx_word' id='word_1_187' title='bbox 910 1700 1018 1730; x_wconf 89' lang='lat' dir='ltr'>habere</span> 
     </span>
     <span class='ocr_line' id='line_1_34' title="bbox 245 1750 1019 1784; baseline -0.005 0"><span class='ocrx_word' id='word_1_188' title='bbox 245 1753 250 1758; x_wconf 92' lang='grc'><strong>’</strong></span> <span class='ocrx_word' id='word_1_189' title='bbox 273 1753 398 1784; x_wconf 86' lang='lat' dir='ltr'>debeant</span> <span class='ocrx_word' id='word_1_190' title='bbox 420 1752 571 1782; x_wconf 81' lang='lat' dir='ltr'>licentiam</span> <span class='ocrx_word' id='word_1_191' title='bbox 593 1751 718 1782; x_wconf 89' lang='lat' dir='ltr'>alicuius</span> <span class='ocrx_word' id='word_1_192' title='bbox 734 1750 882 1781; x_wconf 87' lang='lat' dir='ltr'>Ordinarii</span> <span class='ocrx_word' id='word_1_193' title='bbox 905 1750 1019 1780; x_wconf 88' lang='lat' dir='ltr'>dioece-</span> 
     </span>
     <span class='ocr_line' id='line_1_35' title="bbox 274 1799 1017 1838; baseline -0.007 -5"><span class='ocrx_word' id='word_1_194' title='bbox 274 1802 339 1833; x_wconf 87' lang='lat' dir='ltr'>sani</span> <span class='ocrx_word' id='word_1_195' title='bbox 371 1801 407 1832; x_wconf 91' lang='lat' dir='ltr'>ad</span> <span class='ocrx_word' id='word_1_196' title='bbox 439 1801 598 1831; x_wconf 84' lang='lat' dir='ltr'>audiendas</span> <span class='ocrx_word' id='word_1_197' title='bbox 630 1800 848 1838; x_wconf 82' lang='lat' dir='ltr'>confessiones,</span> <span class='ocrx_word' id='word_1_198' title='bbox 878 1803 906 1829; x_wconf 88' lang='lat' dir='ltr'>et</span> <span class='ocrx_word' id='word_1_199' title='bbox 929 1799 1017 1829; x_wconf 87' lang='lat' dir='ltr'>etiam</span> 
     </span>
     <span class='ocr_line' id='line_1_36' title="bbox 274 1848 1018 1890; baseline -0.004 -9"><span class='ocrx_word' id='word_1_200' title='bbox 274 1851 377 1890; x_wconf 85' lang='lat' dir='ltr'>viginti</span> <span class='ocrx_word' id='word_1_201' title='bbox 396 1859 488 1880; x_wconf 88' lang='lat' dir='ltr'>annos</span> <span class='ocrx_word' id='word_1_202' title='bbox 507 1849 668 1889; x_wconf 91' lang='lat' dir='ltr'>completos</span> <span class='ocrx_word' id='word_1_203' title='bbox 686 1849 722 1879; x_wconf 87' lang='lat' dir='ltr'>ab</span> <span class='ocrx_word' id='word_1_204' title='bbox 738 1849 857 1879; x_wconf 85' lang='lat' dir='ltr'>habitus</span> <span class='ocrx_word' id='word_1_205' title='bbox 873 1848 1018 1887; x_wconf 87' lang='lat' dir='ltr'>receptio-</span> 
     </span>
     <span class='ocr_line' id='line_1_37' title="bbox 274 1897 1017 1938; baseline -0.005 -8"><span class='ocrx_word' id='word_1_206' title='bbox 274 1909 329 1938; x_wconf 81' lang='lat' dir='ltr'>ne3</span> <span class='ocrx_word' id='word_1_207' title='bbox 349 1899 407 1929; x_wconf 90' lang='lat' dir='ltr'>nisi</span> <span class='ocrx_word' id='word_1_208' title='bbox 424 1899 547 1929; x_wconf 88' lang='lat' dir='ltr'>lectores</span> <span class='ocrx_word' id='word_1_209' title='bbox 566 1898 729 1937; x_wconf 84' lang='lat' dir='ltr'>theologiae</span> <span class='ocrx_word' id='word_1_210' title='bbox 748 1897 940 1928; x_wconf 82' lang='lat' dir='ltr'>scholasticae</span> <span class='ocrx_word' id='word_1_211' title='bbox 957 1897 1017 1926; x_wconf 87' lang='lat' dir='ltr'>sue-</span> 
     </span>
     <span class='ocr_line' id='line_1_38' title="bbox 275 1945 1018 1988; baseline -0.004 -10"><span class='ocrx_word' id='word_1_212' title='bbox 275 1948 356 1986; x_wconf 92' lang='lat' dir='ltr'>rint,</span> <span class='ocrx_word' id='word_1_213' title='bbox 380 1947 430 1988; x_wconf 92' lang='lat' dir='ltr'>qui</span> <span class='ocrx_word' id='word_1_214' title='bbox 453 1951 518 1987; x_wconf 88' lang='lat' dir='ltr'>post</span> <span class='ocrx_word' id='word_1_215' title='bbox 540 1947 640 1978; x_wconf 88' lang='lat' dir='ltr'>decem</span> <span class='ocrx_word' id='word_1_216' title='bbox 674 1956 765 1977; x_wconf 89' lang='lat' dir='ltr'>annos</span> <span class='ocrx_word' id='word_1_217' title='bbox 798 1946 960 1985; x_wconf 88' lang='lat' dir='ltr'>completos</span> <span class='ocrx_word' id='word_1_218' title='bbox 982 1945 1018 1976; x_wconf 88' lang='lat' dir='ltr'>ab</span> 
     </span>
     <span class='ocr_line' id='line_1_39' title="bbox 275 1995 1017 2036; baseline -0.004 -9"><span class='ocrx_word' id='word_1_219' title='bbox 275 1997 378 2028; x_wconf 90' lang='lat' dir='ltr'>habitu</span> <span class='ocrx_word' id='word_1_220' title='bbox 409 1999 547 2036; x_wconf 87' lang='lat' dir='ltr'>recepto,</span> <span class='ocrx_word' id='word_1_221' title='bbox 571 1996 607 2026; x_wconf 90' lang='lat' dir='ltr'>ad</span> <span class='ocrx_word' id='word_1_222' title='bbox 629 1996 794 2026; x_wconf 88' lang='lat' dir='ltr'>habendam</span> <span class='ocrx_word' id='word_1_223' title='bbox 827 1995 858 2025; x_wconf 94' lang='lat' dir='ltr'>in</span> <span class='ocrx_word' id='word_1_224' title='bbox 889 1995 1017 2034; x_wconf 89' lang='lat' dir='ltr'>capitulo</span> 
     </span>
     <span class='ocr_line' id='line_1_40' title="bbox 276 2044 1017 2084; baseline -0.003 -8"><span class='ocrx_word' id='word_1_225' title='bbox 276 2055 376 2077; x_wconf 90' lang='lat' dir='ltr'>vocem</span> <span class='ocrx_word' id='word_1_226' title='bbox 400 2045 569 2084; x_wconf 90' lang='lat' dir='ltr'>requisitos,</span> <span class='ocrx_word' id='word_1_227' title='bbox 587 2044 616 2074; x_wconf 92' lang='lat' dir='ltr'>in</span> <span class='ocrx_word' id='word_1_228' title='bbox 640 2045 713 2075; x_wconf 89' lang='lat' dir='ltr'>tales</span> <span class='ocrx_word' id='word_1_229' title='bbox 730 2048 934 2084; x_wconf 82' lang='lat' dir='ltr'>procuratores</span> <span class='ocrx_word' id='word_1_230' title='bbox 950 2044 1017 2082; x_wconf 81' lang='lat' dir='ltr'>eligi</span> 
     </span>
     <span class='ocr_line' id='line_1_41' title="bbox 276 2094 1019 2136; baseline -0.004 -10"><span class='ocrx_word' id='word_1_231' title='bbox 276 2098 424 2136; x_wconf 87' lang='lat' dir='ltr'>poterunt.</span> <span class='ocrx_word' id='word_1_232' title='bbox 447 2094 580 2133; x_wconf 86' lang='lat' dir='ltr'>Eligendi</span> <span class='ocrx_word' id='word_1_233' title='bbox 601 2103 671 2124; x_wconf 90' lang='lat' dir='ltr'>vero</span> <span class='ocrx_word' id='word_1_234' title='bbox 694 2094 723 2123; x_wconf 94' lang='lat' dir='ltr'>in</span> <span class='ocrx_word' id='word_1_235' title='bbox 743 2097 949 2133; x_wconf 86' lang='lat' dir='ltr'>procuratores</span> <span class='ocrx_word' id='word_1_236' title='bbox 971 2102 1019 2123; x_wconf 88' lang='lat' dir='ltr'>ca-</span> 
     </span>
     <span class='ocr_line' id='line_1_42' title="bbox 277 2143 1017 2184; baseline -0.003 -9"><span class='ocrx_word' id='word_1_237' title='bbox 277 2144 361 2184; x_wconf 88' lang='lat' dir='ltr'>pituli</span> <span class='ocrx_word' id='word_1_238' title='bbox 375 2143 520 2182; x_wconf 84' lang='lat' dir='ltr'>generalis</span> <span class='ocrx_word' id='word_1_239' title='bbox 535 2151 678 2173; x_wconf 86' lang='lat' dir='ltr'>novarum</span> <span class='ocrx_word' id='word_1_240' title='bbox 694 2143 845 2173; x_wconf 87' lang='lat' dir='ltr'>domorum</span> <span class='ocrx_word' id='word_1_241' title='bbox 864 2143 922 2173; x_wconf 87' lang='lat' dir='ltr'>sint</span> <span class='ocrx_word' id='word_1_242' title='bbox 935 2151 1017 2182; x_wconf 82' lang='lat' dir='ltr'>prae-</span> 
     </span>
     <span class='ocr_line' id='line_1_43' title="bbox 277 2191 1019 2230; baseline -0.003 -7"><span class='ocrx_word' id='word_1_243' title='bbox 277 2193 337 2223; x_wconf 87' lang='lat' dir='ltr'>cise</span> <span class='ocrx_word' id='word_1_244' title='bbox 358 2193 403 2223; x_wconf 88' lang='lat' dir='ltr'>vel</span> <span class='ocrx_word' id='word_1_245' title='bbox 426 2202 460 2223; x_wconf 82' lang='lat' dir='ltr'>ex</span> <span class='ocrx_word' id='word_1_246' title='bbox 483 2191 684 2222; x_wconf 87' lang='lat' dir='ltr'>visitatoribus</span> <span class='ocrx_word' id='word_1_247' title='bbox 706 2191 893 2230; x_wconf 78' lang='lat' dir='ltr'>generalibus</span> <span class='ocrx_word' id='word_1_248' title='bbox 919 2195 1019 2222; x_wconf 88' lang='lat' dir='ltr'>actua-</span> 
     </span>
     <span class='ocr_line' id='line_1_44' title="bbox 277 2240 1018 2278; baseline -0.001 -7"><span class='ocrx_word' id='word_1_249' title='bbox 277 2240 365 2278; x_wconf 88' lang='lat' dir='ltr'>libus,</span> <span class='ocrx_word' id='word_1_250' title='bbox 388 2250 446 2271; x_wconf 91' lang='lat' dir='ltr'>non</span> <span class='ocrx_word' id='word_1_251' title='bbox 468 2245 565 2271; x_wconf 86' lang='lat' dir='ltr'>tamen</span> <span class='ocrx_word' id='word_1_252' title='bbox 587 2240 719 2271; x_wconf 89' lang='lat' dir='ltr'>eiusdem</span> <span class='ocrx_word' id='word_1_253' title='bbox 738 2240 893 2278; x_wconf 88' lang='lat' dir='ltr'>territorii,</span> <span class='ocrx_word' id='word_1_254' title='bbox 913 2240 957 2270; x_wconf 87' lang='lat' dir='ltr'>vel</span> <span class='ocrx_word' id='word_1_255' title='bbox 981 2250 1018 2270; x_wconf 82' lang='lat' dir='ltr'>ex</span> 
     </span>
     <span class='ocr_line' id='line_1_45' title="bbox 279 2287 1019 2327; baseline 0 -9"><span class='ocrx_word' id='word_1_256' title='bbox 279 2287 412 2327; x_wconf 88' lang='lat' dir='ltr'>patribus</span> <span class='ocrx_word' id='word_1_257' title='bbox 432 2288 592 2319; x_wconf 87' lang='lat' dir='ltr'>lectoribus</span> <span class='ocrx_word' id='word_1_258' title='bbox 607 2288 749 2324; x_wconf 85' lang='lat' dir='ltr'>iubilatis,</span> <span class='ocrx_word' id='word_1_259' title='bbox 767 2293 817 2319; x_wconf 80' lang='lat' dir='ltr'>aut</span> <span class='ocrx_word' id='word_1_260' title='bbox 840 2289 936 2327; x_wconf 82' lang='lat' dir='ltr'>regiae</span> <span class='ocrx_word' id='word_1_261' title='bbox 959 2297 1019 2318; x_wconf 84' lang='lat' dir='ltr'>ma-</span> 
     </span>
     <span class='ocr_line' id='line_1_46' title="bbox 279 2336 1017 2378; baseline 0.001 -12"><span class='ocrx_word' id='word_1_262' title='bbox 279 2336 392 2367; x_wconf 89' lang='lat' dir='ltr'>iestatis</span> <span class='ocrx_word' id='word_1_263' title='bbox 414 2337 673 2376; x_wconf 84' lang='lat' dir='ltr'>praedicatoribus,</span> <span class='ocrx_word' id='word_1_264' title='bbox 690 2338 735 2368; x_wconf 89' lang='lat' dir='ltr'>vel</span> <span class='ocrx_word' id='word_1_265' title='bbox 749 2346 784 2368; x_wconf 85' lang='lat' dir='ltr'>ex</span> <span class='ocrx_word' id='word_1_266' title='bbox 800 2337 951 2369; x_wconf 87' lang='lat' dir='ltr'>monachis</span> <span class='ocrx_word' id='word_1_267' title='bbox 967 2337 1017 2378; x_wconf 88' lang='lat' dir='ltr'>qui</span> 
     </span>
     <span class='ocr_line' id='line_1_47' title="bbox 280 2385 1017 2426; baseline 0 -10"><span class='ocrx_word' id='word_1_268' title='bbox 280 2385 360 2426; x_wconf 89' lang='lat' dir='ltr'>prius</span> <span class='ocrx_word' id='word_1_269' title='bbox 382 2385 494 2425; x_wconf 88' lang='lat' dir='ltr'>priores</span> <span class='ocrx_word' id='word_1_270' title='bbox 515 2385 560 2415; x_wconf 89' lang='lat' dir='ltr'>vel</span> <span class='ocrx_word' id='word_1_271' title='bbox 583 2386 751 2417; x_wconf 85' lang='lat' dir='ltr'>definitores</span> <span class='ocrx_word' id='word_1_272' title='bbox 780 2390 829 2417; x_wconf 87' lang='lat' dir='ltr'>aut</span> <span class='ocrx_word' id='word_1_273' title='bbox 852 2386 1017 2417; x_wconf 85' lang='lat' dir='ltr'>visitatores</span> 
     </span>
     <span class='ocr_line' id='line_1_48' title="bbox 279 2434 617 2474; baseline -0.003 -8"><span class='ocrx_word' id='word_1_274' title='bbox 279 2434 432 2474; x_wconf 84' lang='lat' dir='ltr'>generales</span> <span class='ocrx_word' id='word_1_275' title='bbox 454 2434 617 2465; x_wconf 83' lang='lat' dir='ltr'>extiterint.</span> 
     </span>
     <span class='ocr_line' id='line_1_49' title="bbox 120 2483 1018 2530; baseline -0.001 -14"><span class='ocrx_word' id='word_1_276' title='bbox 120 2504 212 2530; x_wconf 74' lang='lat' dir='ltr'>‘rempus</span> <span class='ocrx_word' id='word_1_277' title='bbox 228 2503 269 2524; x_wconf 54' lang='grc' dir='ltr'>ΜΟ,</span> <span class='ocrx_word' id='word_1_278' title='bbox 318 2492 358 2514; x_wconf 77' lang='lat' dir='ltr'>xl.</span> <span class='ocrx_word' id='word_1_279' title='bbox 382 2483 591 2514; x_wconf 86' lang='lat' dir='ltr'>Procuratores</span> <span class='ocrx_word' id='word_1_280' title='bbox 606 2485 723 2524; x_wconf 86' lang='lat' dir='ltr'>capituli</span> <span class='ocrx_word' id='word_1_281' title='bbox 740 2485 885 2523; x_wconf 81' lang='lat' dir='ltr'>generalis</span> <span class='ocrx_word' id='word_1_282' title='bbox 905 2485 935 2515; x_wconf 91' lang='lat' dir='ltr'>in</span> <span class='ocrx_word' id='word_1_283' title='bbox 958 2494 1018 2516; x_wconf 88' lang='lat' dir='ltr'>mo-</span> 
     </span>
    </p>

    <p class='ocr_par' dir='ltr' id='par_1_11' title="bbox 85 2530 1017 2584">
     <span class='ocr_line' id='line_1_50' title="bbox 85 2530 1017 2584; baseline 0 -19"><span class='ocrx_word' id='word_1_284' title='bbox 85 2530 416 2584; x_wconf 57' lang='lat' dir='ltr'>{g}‘,³;²³⁵¹‘ggf‚2¹,¹,3²,gnasteriis</span> <span class='ocrx_word' id='word_1_285' title='bbox 439 2532 590 2563; x_wconf 84' lang='lat' dir='ltr'>electionis</span> <span class='ocrx_word' id='word_1_286' title='bbox 618 2533 694 2564; x_wconf 83' lang='lat' dir='ltr'>iuxta</span> <span class='ocrx_word' id='word_1_287' title='bbox 727 2543 838 2565; x_wconf 88' lang='lat' dir='ltr'>morem</span> <span class='ocrx_word' id='word_1_288' title='bbox 870 2534 1017 2574; x_wconf 82' lang='lat' dir='ltr'>eligantur</span> 
     </span>
    </p>

    <p class='ocr_par' dir='ltr' id='par_1_12' title="bbox 278 2581 1017 2615">
     <span class='ocr_line' id='line_1_51' title="bbox 278 2581 1017 2615; baseline -0.001 0"><span class='ocrx_word' id='word_1_289' title='bbox 278 2581 428 2615; x_wconf 84' lang='lat' dir='ltr'>mensibus</span> <span class='ocrx_word' id='word_1_290' title='bbox 445 2581 613 2613; x_wconf 86' lang='lat' dir='ltr'>novembris</span> <span class='ocrx_word' id='word_1_291' title='bbox 635 2585 663 2612; x_wconf 90' lang='lat' dir='ltr'>et</span> <span class='ocrx_word' id='word_1_292' title='bbox 686 2582 849 2614; x_wconf 86' lang='lat' dir='ltr'>decembris</span> <span class='ocrx_word' id='word_1_293' title='bbox 865 2583 1017 2614; x_wconf 83' lang='lat' dir='ltr'>immedia-</span> 
     </span>
    </p>
   </div>
   <div class='ocr_carea' id='block_1_3' title="bbox 85 2583 966 2673">
    <p class='ocr_par' dir='ltr' id='par_1_13' title="bbox 85 2583 966 2673">
     <span class='ocr_line' id='line_1_52' title="bbox 85 2583 199 2610; baseline -0.009 -4"><span class='ocrx_word' id='word_1_294' title='bbox 85 2583 199 2610; x_wconf 69' lang='lat' dir='ltr'>generalis.</span> 
     </span>
     <span class='ocr_line' id='line_1_53' title="bbox 352 2640 966 2673; baseline -0.003 -2"><span class='ocrx_word' id='word_1_295' title='bbox 352 2642 427 2672; x_wconf 82' lang='lat' dir='ltr'>Bull·</span> <span class='ocrx_word' id='word_1_296' title='bbox 447 2641 533 2673; x_wconf 82' lang='lat' dir='ltr'>Rom.</span> <span class='ocrx_word' id='word_1_297' title='bbox 557 2657 588 2662; x_wconf 83' lang='lat'><em>-</em></span> <span class='ocrx_word' id='word_1_298' title='bbox 614 2641 675 2672; x_wconf 77' lang='lat' dir='ltr'>Vol.</span> <span class='ocrx_word' id='word_1_299' title='bbox 696 2640 806 2671; x_wconf 87' lang='lat' dir='ltr'><strong><em>XXIII.</em></strong></span> <span class='ocrx_word' id='word_1_300' title='bbox 934 2641 966 2670; x_wconf 83' lang='lat'>10</span> 
     </span>
    </p>
   </div>
   <div class='ocr_carea' id='block_1_4' title="bbox 888 186 1175 211">
    <p class='ocr_par' dir='ltr' id='par_1_14' title="bbox 888 186 1175 211">
     <span class='ocr_line' id='line_1_54' title="bbox 888 186 1175 211; baseline 0 -1"><span class='ocrx_word' id='word_1_301' title='bbox 888 187 1030 211; x_wconf 77' lang='lat' dir='ltr'><strong>CLEMENS</strong></span> <span class='ocrx_word' id='word_1_302' title='bbox 1054 186 1101 210; x_wconf 78' lang='lat' dir='ltr'>xil</span> <span class='ocrx_word' id='word_1_303' title='bbox 1125 187 1175 211; x_wconf 81' lang='lat' dir='ltr'>PP.</span> 
     </span>
    </p>
   </div>
   <div class='ocr_carea' id='block_1_5' title="bbox 1721 177 1761 210">
    <p class='ocr_par' dir='ltr' id='par_1_15' title="bbox 1721 177 1761 210">
     <span class='ocr_line' id='line_1_55' title="bbox 1721 177 1761 210; baseline 0 0"><span class='ocrx_word' id='word_1_304' title='bbox 1721 177 1761 210; x_wconf 68' lang='lat'>73</span> 
     </span>
    </p>
   </div>
   <div class='ocr_carea' id='block_1_6' title="bbox 1057 234 2001 1686">
    <p class='ocr_par' dir='ltr' id='par_1_16' title="bbox 1057 234 1802 653">
     <span class='ocr_line' id='line_1_56' title="bbox 1058 234 1800 275; baseline 0.001 -12"><span class='ocrx_word' id='word_1_305' title='bbox 1058 234 1093 263; x_wconf 78' lang='lat' dir='ltr'>tis</span> <span class='ocrx_word' id='word_1_306' title='bbox 1126 240 1193 264; x_wconf 82' lang='lat' dir='ltr'>ante</span> <span class='ocrx_word' id='word_1_307' title='bbox 1226 235 1296 265; x_wconf 75' lang='lat' dir='ltr'>dicti</span> <span class='ocrx_word' id='word_1_308' title='bbox 1328 236 1447 275; x_wconf 76' lang='lat' dir='ltr'>capituli</span> <span class='ocrx_word' id='word_1_309' title='bbox 1482 236 1728 268; x_wconf 62' lang='lat' dir='ltr'>celem-atio1101n3</span> <span class='ocrx_word' id='word_1_310' title='bbox 1764 235 1800 264; x_wconf 86' lang='lat' dir='ltr'>ad</span> 
     </span>
     <span class='ocr_line' id='line_1_57' title="bbox 1057 284 1800 323; baseline 0 -11"><span class='ocrx_word' id='word_1_311' title='bbox 1057 293 1181 322; x_wconf 88' lang='lat' dir='ltr'>quorum</span> <span class='ocrx_word' id='word_1_312' title='bbox 1215 285 1372 314; x_wconf 69' lang='lat' dir='ltr'>electiones</span> <span class='ocrx_word' id='word_1_313' title='bbox 1406 285 1518 323; x_wconf 74' lang='lat' dir='ltr'>priores</span> <span class='ocrx_word' id='word_1_314' title='bbox 1554 284 1800 313; x_wconf 79' lang='lat' dir='ltr'>monasteriorum</span> 
     </span>
     <span class='ocr_line' id='line_1_58' title="bbox 1057 332 1799 370; baseline -0.001 -9"><span class='ocrx_word' id='word_1_315' title='bbox 1057 332 1228 370; x_wconf 75' lang='lat' dir='ltr'>eligentium</span> <span class='ocrx_word' id='word_1_316' title='bbox 1258 342 1359 363; x_wconf 80' lang='lat' dir='ltr'>omnes</span> <span class='ocrx_word' id='word_1_317' title='bbox 1393 334 1506 363; x_wconf 73' lang='lat' dir='ltr'>vocales</span> <span class='ocrx_word' id='word_1_318' title='bbox 1539 334 1616 363; x_wconf 80' lang='lat' dir='ltr'>intra</span> <span class='ocrx_word' id='word_1_319' title='bbox 1646 332 1799 362; x_wconf 80' lang='lat' dir='ltr'>duodecim</span> 
     </span>
     <span class='ocr_line' id='line_1_59' title="bbox 1058 379 1802 420; baseline -0.001 -11"><span class='ocrx_word' id='word_1_320' title='bbox 1058 379 1156 409; x_wconf 87' lang='lat' dir='ltr'>leucas</span> <span class='ocrx_word' id='word_1_321' title='bbox 1173 389 1187 409; x_wconf 87' lang='lat' dir='ltr'>a</span> <span class='ocrx_word' id='word_1_322' title='bbox 1207 381 1267 410; x_wconf 89' lang='lat' dir='ltr'>suis</span> <span class='ocrx_word' id='word_1_323' title='bbox 1286 382 1470 411; x_wconf 77' lang='lat' dir='ltr'>monasteriis</span> <span class='ocrx_word' id='word_1_324' title='bbox 1486 381 1705 420; x_wconf 85' lang='lat' dir='ltr'>quomodolibet</span> <span class='ocrx_word' id='word_1_325' title='bbox 1724 390 1802 410; x_wconf 89' lang='lat' dir='ltr'>com-</span> 
     </span>
     <span class='ocr_line' id='line_1_60' title="bbox 1059 429 1799 467; baseline 0 -10"><span class='ocrx_word' id='word_1_326' title='bbox 1059 433 1216 466; x_wconf 80' lang='lat' dir='ltr'>morantes,</span> <span class='ocrx_word' id='word_1_327' title='bbox 1240 429 1286 458; x_wconf 89' lang='lat' dir='ltr'>die</span> <span class='ocrx_word' id='word_1_328' title='bbox 1309 434 1334 458; x_wconf 86' lang='lat' dir='ltr'>et</span> <span class='ocrx_word' id='word_1_329' title='bbox 1360 430 1431 459; x_wconf 74' lang='lat' dir='ltr'>liora</span> <span class='ocrx_word' id='word_1_330' title='bbox 1455 430 1606 459; x_wconf 78' lang='lat' dir='ltr'>electionis</span> <span class='ocrx_word' id='word_1_331' title='bbox 1633 429 1799 467; x_wconf 66' lang='lat' dir='ltr'>assignatis,</span> 
     </span>
     <span class='ocr_line' id='line_1_61' title="bbox 1059 476 1801 516; baseline 0 -10"><span class='ocrx_word' id='word_1_332' title='bbox 1059 476 1149 506; x_wconf 86' lang='lat' dir='ltr'>citare</span> <span class='ocrx_word' id='word_1_333' title='bbox 1166 476 1308 509; x_wconf 80' lang='lat' dir='ltr'>debeant:</span> <span class='ocrx_word' id='word_1_334' title='bbox 1332 481 1378 510; x_wconf 81' lang='lat' dir='ltr'>et,</span> <span class='ocrx_word' id='word_1_335' title='bbox 1402 482 1553 516; x_wconf 76' lang='lat' dir='ltr'>postquam</span> <span class='ocrx_word' id='word_1_336' title='bbox 1578 478 1669 506; x_wconf 71' lang='lat' dir='ltr'>sat-tae</span> <span class='ocrx_word' id='word_1_337' title='bbox 1694 478 1801 507; x_wconf 82' lang='lat' dir='ltr'>tuerint</span> 
     </span>
     <span class='ocr_line' id='line_1_62' title="bbox 1059 525 1801 565; baseline 0 -11"><span class='ocrx_word' id='word_1_338' title='bbox 1059 525 1236 563; x_wconf 81' lang='lat' dir='ltr'>electiones,</span> <span class='ocrx_word' id='word_1_339' title='bbox 1262 526 1413 555; x_wconf 81' lang='lat' dir='ltr'>notificare</span> <span class='ocrx_word' id='word_1_340' title='bbox 1437 531 1590 555; x_wconf 84' lang='lat' dir='ltr'>teneantur</span> <span class='ocrx_word' id='word_1_341' title='bbox 1614 526 1688 565; x_wconf 88' lang='lat' dir='ltr'>patri</span> <span class='ocrx_word' id='word_1_342' title='bbox 1715 536 1801 563; x_wconf 70' lang='lat' dir='ltr'>gene-</span> 
     </span>
     <span class='ocr_line' id='line_1_63' title="bbox 1059 574 1802 614; baseline 0.003 -11"><span class='ocrx_word' id='word_1_343' title='bbox 1059 574 1114 603; x_wconf 91' lang='lat' dir='ltr'>rali</span> <span class='ocrx_word' id='word_1_344' title='bbox 1139 578 1359 613; x_wconf 80' lang='lat' dir='ltr'>procuratorem</span> <span class='ocrx_word' id='word_1_345' title='bbox 1384 575 1520 611; x_wconf 86' lang='lat' dir='ltr'>electum,</span> <span class='ocrx_word' id='word_1_346' title='bbox 1545 575 1679 614; x_wconf 80' lang='lat' dir='ltr'>diemque</span> <span class='ocrx_word' id='word_1_347' title='bbox 1703 580 1729 604; x_wconf 83' lang='lat' dir='ltr'>et</span> <span class='ocrx_word' id='word_1_348' title='bbox 1753 575 1802 605; x_wconf 79' lang='lat' dir='ltr'>lio-</span> 
     </span>
     <span class='ocr_line' id='line_1_64' title="bbox 1060 623 1398 653; baseline 0.003 -1"><span class='ocrx_word' id='word_1_349' title='bbox 1060 632 1121 653; x_wconf 84' lang='lat' dir='ltr'>ram</span> <span class='ocrx_word' id='word_1_350' title='bbox 1145 632 1214 653; x_wconf 85' lang='lat' dir='ltr'>suae</span> <span class='ocrx_word' id='word_1_351' title='bbox 1237 623 1398 653; x_wconf 82' lang='lat' dir='ltr'>electionis.</span> 
     </span>
    </p>

    <p class='ocr_par' dir='ltr' id='par_1_17' title="bbox 1059 672 1998 1542">
     <span class='ocr_line' id='line_1_65' title="bbox 1099 672 1998 711; baseline 0.001 -11"><span class='ocrx_word' id='word_1_352' title='bbox 1099 680 1149 701; x_wconf 69' lang='grc' dir='ltr'>ΧΗ.</span> <span class='ocrx_word' id='word_1_353' title='bbox 1174 672 1205 701; x_wconf 83' lang='lat' dir='ltr'>Si</span> <span class='ocrx_word' id='word_1_354' title='bbox 1227 672 1379 710; x_wconf 75' lang='lat' dir='ltr'>contingat</span> <span class='ocrx_word' id='word_1_355' title='bbox 1403 677 1532 711; x_wconf 87' lang='lat' dir='ltr'>tempore</span> <span class='ocrx_word' id='word_1_356' title='bbox 1562 672 1715 701; x_wconf 73' lang='lat' dir='ltr'>electionis</span> <span class='ocrx_word' id='word_1_357' title='bbox 1739 681 1803 711; x_wconf 86' lang='lat' dir='ltr'>pro·</span> <span class='ocrx_word' id='word_1_358' title='bbox 1841 686 1937 707; x_wconf 72' lang='lat' dir='ltr'>vicarius</span> <span class='ocrx_word' id='word_1_359' title='bbox 1956 692 1998 706; x_wconf 73' lang='lat' dir='ltr'>nm-</span> 
     </span>
     <span class='ocr_line' id='line_1_66' title="bbox 1059 713 1998 765; baseline -0.001 -16"><span class='ocrx_word' id='word_1_360' title='bbox 1059 719 1202 749; x_wconf 86' lang='lat' dir='ltr'>curatoris</span> <span class='ocrx_word' id='word_1_361' title='bbox 1232 720 1352 759; x_wconf 88' lang='lat' dir='ltr'>capituli</span> <span class='ocrx_word' id='word_1_362' title='bbox 1383 720 1528 758; x_wconf 79' lang='lat' dir='ltr'>generalis</span> <span class='ocrx_word' id='word_1_363' title='bbox 1560 721 1719 759; x_wconf 85' lang='lat' dir='ltr'>prioratum</span> <span class='ocrx_word' id='word_1_364' title='bbox 1751 713 1998 765; x_wconf 57' lang='lat' dir='ltr'>ali-2}{[,{¹‘i&#39;1¹‚,.,0,{}³,{</span> 
     </span>
     <span class='ocr_line' id='line_1_67' title="bbox 1060 765 1997 812; baseline -0.001 -14"><span class='ocrx_word' id='word_1_365' title='bbox 1060 769 1144 799; x_wconf 88' lang='lat' dir='ltr'>cuius</span> <span class='ocrx_word' id='word_1_366' title='bbox 1167 774 1335 800; x_wconf 85' lang='lat' dir='ltr'>nostrorum</span> <span class='ocrx_word' id='word_1_367' title='bbox 1369 769 1615 799; x_wconf 80' lang='lat' dir='ltr'>monasteriorum</span> <span class='ocrx_word' id='word_1_368' title='bbox 1644 769 1803 807; x_wconf 83' lang='lat' dir='ltr'>quomodo·</span> <span class='ocrx_word' id='word_1_369' title='bbox 1814 765 1883 811; x_wconf 45' lang='lat'>2333}</span> <span class='ocrx_word' id='word_1_370' title='bbox 1906 766 1997 812; x_wconf 42' lang='grc' dir='ltr'>’Πγῃξέζ</span> 
     </span>
     <span class='ocr_line' id='line_1_68' title="bbox 1060 810 1959 855; baseline -0.003 -9"><span class='ocrx_word' id='word_1_371' title='bbox 1060 825 1186 855; x_wconf 88' lang='lat' dir='ltr'>cumque</span> <span class='ocrx_word' id='word_1_372' title='bbox 1209 825 1333 855; x_wconf 84' lang='lat' dir='ltr'>vacare,</span> <span class='ocrx_word' id='word_1_373' title='bbox 1358 815 1437 845; x_wconf 92' lang='lat' dir='ltr'>illius</span> <span class='ocrx_word' id='word_1_374' title='bbox 1462 816 1590 845; x_wconf 86' lang='lat' dir='ltr'>vicarius</span> <span class='ocrx_word' id='word_1_375' title='bbox 1618 824 1675 844; x_wconf 92' lang='lat' dir='ltr'>non</span> <span class='ocrx_word' id='word_1_376' title='bbox 1700 815 1856 844; x_wconf 79' lang='lat' dir='ltr'>liabeatnon</span> <span class='ocrx_word' id='word_1_377' title='bbox 1871 810 1959 838; x_wconf 56' lang='lat' dir='ltr'>habeat-</span> 
     </span>
     <span class='ocr_line' id='line_1_69' title="bbox 1061 863 1804 903; baseline -0.003 -8"><span class='ocrx_word' id='word_1_378' title='bbox 1061 874 1161 895; x_wconf 88' lang='lat' dir='ltr'>vocem</span> <span class='ocrx_word' id='word_1_379' title='bbox 1182 865 1213 895; x_wconf 91' lang='lat' dir='ltr'>in</span> <span class='ocrx_word' id='word_1_380' title='bbox 1235 865 1311 895; x_wconf 81' lang='lat' dir='ltr'>dicta</span> <span class='ocrx_word' id='word_1_381' title='bbox 1335 864 1497 903; x_wconf 89' lang='lat' dir='ltr'>electione,</span> <span class='ocrx_word' id='word_1_382' title='bbox 1522 864 1601 894; x_wconf 89' lang='lat' dir='ltr'>illam</span> <span class='ocrx_word' id='word_1_383' title='bbox 1626 868 1722 893; x_wconf 90' lang='lat' dir='ltr'>tamen</span> <span class='ocrx_word' id='word_1_384' title='bbox 1755 863 1804 893; x_wconf 83' lang='lat' dir='ltr'>de-</span> 
     </span>
     <span class='ocr_line' id='line_1_70' title="bbox 1060 912 1805 952; baseline -0.004 -8"><span class='ocrx_word' id='word_1_385' title='bbox 1060 913 1127 944; x_wconf 88' lang='lat' dir='ltr'>beat</span> <span class='ocrx_word' id='word_1_386' title='bbox 1149 913 1258 944; x_wconf 90' lang='lat' dir='ltr'>habere</span> <span class='ocrx_word' id='word_1_387' title='bbox 1280 914 1315 944; x_wconf 88' lang='lat' dir='ltr'>ad</span> <span class='ocrx_word' id='word_1_388' title='bbox 1338 914 1505 952; x_wconf 78' lang='lat' dir='ltr'>eligendum</span> <span class='ocrx_word' id='word_1_389' title='bbox 1526 913 1651 943; x_wconf 86' lang='lat' dir='ltr'>alterum</span> <span class='ocrx_word' id='word_1_390' title='bbox 1674 922 1711 941; x_wconf 84' lang='lat' dir='ltr'>ex</span> <span class='ocrx_word' id='word_1_391' title='bbox 1734 912 1805 942; x_wconf 89' lang='lat' dir='ltr'>duo-</span> 
     </span>
     <span class='ocr_line' id='line_1_71' title="bbox 1060 961 1806 1003; baseline -0.004 -11"><span class='ocrx_word' id='word_1_392' title='bbox 1060 962 1114 992; x_wconf 88' lang='lat' dir='ltr'>bus</span> <span class='ocrx_word' id='word_1_393' title='bbox 1129 986 1136 1000; x_wconf 86' lang='lat'>,</span> <span class='ocrx_word' id='word_1_394' title='bbox 1160 963 1237 993; x_wconf 91' lang='lat' dir='ltr'>inter</span> <span class='ocrx_word' id='word_1_395' title='bbox 1260 971 1333 1002; x_wconf 90' lang='lat' dir='ltr'>quos</span> <span class='ocrx_word' id='word_1_396' title='bbox 1357 962 1417 992; x_wconf 86' lang='lat' dir='ltr'>sint</span> <span class='ocrx_word' id='word_1_397' title='bbox 1444 961 1605 1003; x_wconf 86' lang='lat' dir='ltr'>aequaliter</span> <span class='ocrx_word' id='word_1_398' title='bbox 1627 961 1720 990; x_wconf 76' lang='lat' dir='ltr'>divisa</span> <span class='ocrx_word' id='word_1_399' title='bbox 1747 961 1806 990; x_wconf 87' lang='lat' dir='ltr'>ele-</span> 
     </span>
     <span class='ocr_line' id='line_1_72' title="bbox 1060 1009 1806 1050; baseline -0.005 -8"><span class='ocrx_word' id='word_1_400' title='bbox 1060 1016 1173 1042; x_wconf 90' lang='lat' dir='ltr'>ctorum</span> <span class='ocrx_word' id='word_1_401' title='bbox 1196 1012 1346 1050; x_wconf 74' lang='lat' dir='ltr'>sutfragia.</span> <span class='ocrx_word' id='word_1_402' title='bbox 1365 1011 1401 1041; x_wconf 81' lang='lat' dir='ltr'>At</span> <span class='ocrx_word' id='word_1_403' title='bbox 1417 1020 1495 1047; x_wconf 90' lang='lat' dir='ltr'>vero,</span> <span class='ocrx_word' id='word_1_404' title='bbox 1514 1020 1571 1040; x_wconf 91' lang='lat' dir='ltr'>non</span> <span class='ocrx_word' id='word_1_405' title='bbox 1590 1013 1710 1040; x_wconf 87' lang='lat' dir='ltr'>vacante</span> <span class='ocrx_word' id='word_1_406' title='bbox 1728 1009 1806 1048; x_wconf 89' lang='lat' dir='ltr'>prio—</span> 
     </span>
     <span class='ocr_line' id='line_1_73' title="bbox 1060 1058 1804 1100; baseline -0.004 -10"><span class='ocrx_word' id='word_1_407' title='bbox 1060 1065 1138 1099; x_wconf 87' lang='lat' dir='ltr'>ratu,</span> <span class='ocrx_word' id='word_1_408' title='bbox 1155 1061 1203 1091; x_wconf 88' lang='lat' dir='ltr'>sed</span> <span class='ocrx_word' id='word_1_409' title='bbox 1221 1061 1340 1090; x_wconf 76' lang='lat' dir='ltr'>absente</span> <span class='ocrx_word' id='word_1_410' title='bbox 1357 1060 1454 1100; x_wconf 88' lang='lat' dir='ltr'>priore</span> <span class='ocrx_word' id='word_1_411' title='bbox 1476 1058 1512 1089; x_wconf 87' lang='lat' dir='ltr'>ab</span> <span class='ocrx_word' id='word_1_412' title='bbox 1535 1059 1635 1098; x_wconf 82' lang='lat' dir='ltr'>aliquo</span> <span class='ocrx_word' id='word_1_413' title='bbox 1659 1062 1804 1088; x_wconf 86' lang='lat' dir='ltr'>monaste-</span> 
     </span>
     <span class='ocr_line' id='line_1_74' title="bbox 1061 1107 1804 1148; baseline -0.004 -9"><span class='ocrx_word' id='word_1_414' title='bbox 1061 1110 1104 1140; x_wconf 90' lang='lat' dir='ltr'>rio</span> <span class='ocrx_word' id='word_1_415' title='bbox 1128 1114 1258 1148; x_wconf 87' lang='lat' dir='ltr'>tempore</span> <span class='ocrx_word' id='word_1_416' title='bbox 1288 1109 1384 1139; x_wconf 83' lang='lat' dir='ltr'>dictae</span> <span class='ocrx_word' id='word_1_417' title='bbox 1413 1108 1588 1145; x_wconf 85' lang='lat' dir='ltr'>electionis,</span> <span class='ocrx_word' id='word_1_418' title='bbox 1618 1107 1742 1137; x_wconf 87' lang='lat' dir='ltr'>vicarius</span> <span class='ocrx_word' id='word_1_419' title='bbox 1769 1116 1804 1137; x_wconf 79' lang='lat' dir='ltr'>ex</span> 
     </span>
     <span class='ocr_line' id='line_1_75' title="bbox 1061 1156 1805 1198; baseline -0.005 -9"><span class='ocrx_word' id='word_1_420' title='bbox 1061 1159 1267 1189; x_wconf 82' lang='lat' dir='ltr'>commissione</span> <span class='ocrx_word' id='word_1_421' title='bbox 1291 1158 1398 1198; x_wconf 85' lang='lat' dir='ltr'>prioris</span> <span class='ocrx_word' id='word_1_422' title='bbox 1421 1157 1595 1187; x_wconf 83' lang='lat' dir='ltr'>electionem</span> <span class='ocrx_word' id='word_1_423' title='bbox 1623 1156 1805 1196; x_wconf 85' lang='lat' dir='ltr'>praedictam</span> 
     </span>
     <span class='ocr_line' id='line_1_76' title="bbox 1061 1206 1806 1245; baseline -0.005 -7"><span class='ocrx_word' id='word_1_424' title='bbox 1061 1208 1224 1245; x_wconf 84' lang='lat' dir='ltr'>celebrans,</span> <span class='ocrx_word' id='word_1_425' title='bbox 1249 1217 1347 1238; x_wconf 75' lang='lat' dir='ltr'>vocem</span> <span class='ocrx_word' id='word_1_426' title='bbox 1371 1216 1452 1237; x_wconf 87' lang='lat' dir='ltr'>suam</span> <span class='ocrx_word' id='word_1_427' title='bbox 1477 1207 1583 1236; x_wconf 82' lang='lat' dir='ltr'>babeat</span> <span class='ocrx_word' id='word_1_428' title='bbox 1599 1206 1628 1235; x_wconf 90' lang='lat' dir='ltr'>in</span> <span class='ocrx_word' id='word_1_429' title='bbox 1645 1206 1716 1244; x_wconf 71' lang='lat' dir='ltr'>ill-:13</span> <span class='ocrx_word' id='word_1_430' title='bbox 1740 1213 1806 1244; x_wconf 91' lang='lat' dir='ltr'>pos-</span> 
     </span>
     <span class='ocr_line' id='line_1_77' title="bbox 1060 1255 1804 1297; baseline -0.005 -10"><span class='ocrx_word' id='word_1_431' title='bbox 1060 1259 1155 1297; x_wconf 85' lang='lat' dir='ltr'>sitque</span> <span class='ocrx_word' id='word_1_432' title='bbox 1176 1259 1292 1297; x_wconf 64' lang='lat' dir='ltr'>,pariter</span> <span class='ocrx_word' id='word_1_433' title='bbox 1324 1258 1353 1286; x_wconf 90' lang='lat' dir='ltr'>in</span> <span class='ocrx_word' id='word_1_434' title='bbox 1387 1257 1564 1296; x_wconf 82' lang='lat' dir='ltr'>aequalitate</span> <span class='ocrx_word' id='word_1_435' title='bbox 1597 1255 1804 1293; x_wconf 79' lang='lat' dir='ltr'>suffragiorum</span> 
     </span>
     <span class='ocr_line' id='line_1_78' title="bbox 1061 1305 1805 1345; baseline -0.005 -8"><span class='ocrx_word' id='word_1_436' title='bbox 1061 1307 1171 1345; x_wconf 74' lang='lat' dir='ltr'>eligere</span> <span class='ocrx_word' id='word_1_437' title='bbox 1199 1307 1324 1337; x_wconf 88' lang='lat' dir='ltr'>alterum</span> <span class='ocrx_word' id='word_1_438' title='bbox 1357 1316 1390 1336; x_wconf 83' lang='lat' dir='ltr'>ex</span> <span class='ocrx_word' id='word_1_439' title='bbox 1424 1305 1538 1335; x_wconf 90' lang='lat' dir='ltr'>duobus</span> <span class='ocrx_word' id='word_1_440' title='bbox 1568 1305 1618 1344; x_wconf 86' lang='lat' dir='ltr'>qui</span> <span class='ocrx_word' id='word_1_441' title='bbox 1641 1305 1699 1334; x_wconf 89' lang='lat' dir='ltr'>sint</span> <span class='ocrx_word' id='word_1_442' title='bbox 1722 1313 1805 1343; x_wconf 88' lang='lat' dir='ltr'>pares</span> 
     </span>
     <span class='ocr_line' id='line_1_79' title="bbox 1061 1352 1806 1393; baseline -0.005 -8"><span class='ocrx_word' id='word_1_443' title='bbox 1061 1355 1221 1393; x_wconf 73' lang='lat' dir='ltr'>suffragiis.</span> <span class='ocrx_word' id='word_1_444' title='bbox 1239 1355 1320 1390; x_wconf 77' lang='lat' dir='ltr'>Quod</span> <span class='ocrx_word' id='word_1_445' title='bbox 1338 1355 1413 1384; x_wconf 89' lang='lat' dir='ltr'>idem</span> <span class='ocrx_word' id='word_1_446' title='bbox 1434 1354 1461 1383; x_wconf 91' lang='lat' dir='ltr'>in</span> <span class='ocrx_word' id='word_1_447' title='bbox 1486 1353 1608 1393; x_wconf 82' lang='lat' dir='ltr'>reliquis</span> <span class='ocrx_word' id='word_1_448' title='bbox 1631 1352 1743 1382; x_wconf 88' lang='lat' dir='ltr'>actibus</span> <span class='ocrx_word' id='word_1_449' title='bbox 1760 1361 1806 1381; x_wconf 87' lang='lat' dir='ltr'>ca-</span> 
     </span>
     <span class='ocr_line' id='line_1_80' title="bbox 1062 1401 1805 1444; baseline -0.005 -10"><span class='ocrx_word' id='word_1_450' title='bbox 1062 1404 1237 1444; x_wconf 87' lang='lat' dir='ltr'>pitularibus</span> <span class='ocrx_word' id='word_1_451' title='bbox 1259 1414 1295 1433; x_wconf 80' lang='lat' dir='ltr'>ex</span> <span class='ocrx_word' id='word_1_452' title='bbox 1314 1403 1522 1434; x_wconf 79' lang='lat' dir='ltr'>commissione</span> <span class='ocrx_word' id='word_1_453' title='bbox 1546 1402 1652 1441; x_wconf 87' lang='lat' dir='ltr'>prioris</span> <span class='ocrx_word' id='word_1_454' title='bbox 1675 1401 1805 1430; x_wconf 87' lang='lat' dir='ltr'>absentis</span> 
     </span>
     <span class='ocr_line' id='line_1_81' title="bbox 1062 1449 1806 1483; baseline -0.005 0"><span class='ocrx_word' id='word_1_455' title='bbox 1062 1464 1075 1483; x_wconf 89' lang='lat' dir='ltr'>a</span> <span class='ocrx_word' id='word_1_456' title='bbox 1093 1453 1212 1483; x_wconf 81' lang='lat' dir='ltr'>vicariis</span> <span class='ocrx_word' id='word_1_457' title='bbox 1228 1457 1396 1482; x_wconf 86' lang='lat' dir='ltr'>nostrorum</span> <span class='ocrx_word' id='word_1_458' title='bbox 1413 1451 1658 1481; x_wconf 87' lang='lat' dir='ltr'>monasteriorum</span> <span class='ocrx_word' id='word_1_459' title='bbox 1675 1449 1806 1480; x_wconf 80' lang='lat' dir='ltr'>celebra=</span> 
     </span>
     <span class='ocr_line' id='line_1_82' title="bbox 1062 1501 1523 1542; baseline -0.007 -9"><span class='ocrx_word' id='word_1_460' title='bbox 1062 1503 1099 1533; x_wconf 91' lang='lat' dir='ltr'>tis</span> <span class='ocrx_word' id='word_1_461' title='bbox 1121 1502 1317 1542; x_wconf 84' lang='lat' dir='ltr'>parisormiter</span> <span class='ocrx_word' id='word_1_462' title='bbox 1339 1501 1523 1531; x_wconf 87' lang='lat' dir='ltr'>observetur.</span> 
     </span>
    </p>

    <p class='ocr_par' dir='ltr' id='par_1_18' title="bbox 1061 1548 2001 1686">
     <span class='ocr_line' id='line_1_83' title="bbox 1102 1548 2001 1583; baseline -0.004 -2"><span class='ocrx_word' id='word_1_463' title='bbox 1102 1561 1161 1581; x_wconf 78' lang='lat' dir='ltr'>xm.</span> <span class='ocrx_word' id='word_1_464' title='bbox 1186 1552 1230 1580; x_wconf 87' lang='lat' dir='ltr'>Ex</span> <span class='ocrx_word' id='word_1_465' title='bbox 1253 1550 1409 1580; x_wconf 80' lang='lat' dir='ltr'>concordia</span> <span class='ocrx_word' id='word_1_466' title='bbox 1432 1555 1460 1580; x_wconf 88' lang='lat' dir='ltr'>et</span> <span class='ocrx_word' id='word_1_467' title='bbox 1493 1549 1682 1579; x_wconf 81' lang='lat' dir='ltr'>concessione</span> <span class='ocrx_word' id='word_1_468' title='bbox 1714 1548 1804 1578; x_wconf 87' lang='lat' dir='ltr'>totius</span> <span class='ocrx_word' id='word_1_469' title='bbox 1816 1562 1944 1583; x_wconf 68' lang='lat' dir='ltr'>Procurator</span> <span class='ocrx_word' id='word_1_470' title='bbox 1965 1568 2001 1583; x_wconf 74' lang='lat' dir='ltr'>ca·</span> 
     </span>
     <span class='ocr_line' id='line_1_84' title="bbox 1061 1590 2001 1641; baseline -0.006 -10"><span class='ocrx_word' id='word_1_471' title='bbox 1061 1600 1179 1631; x_wconf 85' lang='lat' dir='ltr'>Ordinis</span> <span class='ocrx_word' id='word_1_472' title='bbox 1196 1603 1371 1639; x_wconf 82' lang='lat' dir='ltr'>procurator</span> <span class='ocrx_word' id='word_1_473' title='bbox 1387 1599 1508 1638; x_wconf 86' lang='lat' dir='ltr'>capituli</span> <span class='ocrx_word' id='word_1_474' title='bbox 1527 1598 1674 1636; x_wconf 81' lang='lat' dir='ltr'>generalis</span> <span class='ocrx_word' id='word_1_475' title='bbox 1689 1597 1804 1635; x_wconf 79' lang='lat' dir='ltr'>collegii</span> <span class='ocrx_word' id='word_1_476' title='bbox 1816 1590 2001 1641; x_wconf 47' lang='grc' dir='ltr'>[ζζῇᾛζξεῃᾟζιῗ</span> 
     </span>
     <span class='ocr_line' id='line_1_85' title="bbox 1061 1643 2001 1686; baseline -0.004 -7"><span class='ocrx_word' id='word_1_477' title='bbox 1061 1649 1234 1680; x_wconf 87' lang='lat' dir='ltr'>Salmantini</span> <span class='ocrx_word' id='word_1_478' title='bbox 1264 1648 1296 1678; x_wconf 90' lang='lat' dir='ltr'>B.</span> <span class='ocrx_word' id='word_1_479' title='bbox 1321 1648 1428 1677; x_wconf 86' lang='lat' dir='ltr'>Mariae</span> <span class='ocrx_word' id='word_1_480' title='bbox 1450 1648 1484 1677; x_wconf 93' lang='lat' dir='ltr'>de</span> <span class='ocrx_word' id='word_1_481' title='bbox 1507 1647 1677 1686; x_wconf 84' lang='lat' dir='ltr'>Guadalupe</span> <span class='ocrx_word' id='word_1_482' title='bbox 1700 1643 1940 1676; x_wconf 61' lang='lat' dir='ltr'>debeatnlantlniex</span> <span class='ocrx_word' id='word_1_483' title='bbox 1956 1648 2001 1662; x_wconf 80' lang='lat'>¹¹¹⁰·</span> 
     </span>
    </p>
   </div>
   <div class='ocr_carea' id='block_1_7' title="bbox 1062 1669 2001 1737">
    <p class='ocr_par' dir='ltr' id='par_1_19' title="bbox 1062 1669 2001 1737">
     <span class='ocr_line' id='line_1_86' title="bbox 1816 1669 2001 1689; baseline 0 -1"><span class='ocrx_word' id='word_1_484' title='bbox 1816 1669 1890 1689; x_wconf 73' lang='lat' dir='ltr'>machis</span> <span class='ocrx_word' id='word_1_485' title='bbox 1898 1671 1978 1688; x_wconf 82' lang='lat' dir='ltr'>monast</span> <span class='ocrx_word' id='word_1_486' title='bbox 1995 1679 2001 1684; x_wconf 89' lang='lat'><em>-</em></span> 
     </span>
     <span class='ocr_line' id='line_1_87' title="bbox 1062 1675 2001 1737; baseline -0.005 -8"><span class='ocrx_word' id='word_1_487' title='bbox 1062 1699 1130 1737; x_wconf 84' lang='lat' dir='ltr'>eligi</span> <span class='ocrx_word' id='word_1_488' title='bbox 1152 1698 1319 1728; x_wconf 89' lang='lat' dir='ltr'>necessario</span> <span class='ocrx_word' id='word_1_489' title='bbox 1336 1708 1369 1727; x_wconf 80' lang='lat' dir='ltr'>ex</span> <span class='ocrx_word' id='word_1_490' title='bbox 1386 1697 1537 1726; x_wconf 89' lang='lat' dir='ltr'>monachis</span> <span class='ocrx_word' id='word_1_491' title='bbox 1555 1696 1693 1736; x_wconf 84' lang='lat' dir='ltr'>professis</span> <span class='ocrx_word' id='word_1_492' title='bbox 1712 1696 1805 1735; x_wconf 89' lang='lat' dir='ltr'>ipsius</span> <span class='ocrx_word' id='word_1_493' title='bbox 1816 1696 1841 1715; x_wconf 55' lang='grc' dir='ltr'>’Ἦ</span> <span class='ocrx_word' id='word_1_494' title='bbox 1855 1696 1949 1716; x_wconf 58' lang='lat' dir='ltr'>eiusdem</span> <span class='ocrx_word' id='word_1_495' title='bbox 1961 1675 2001 1716; x_wconf 50' lang='lat'>⁰1?-</span> 
     </span>
    </p>
   </div>
   <div class='ocr_carea' id='block_1_8' title="bbox 1061 1723 2000 2080">
    <p class='ocr_par' dir='ltr' id='par_1_20' title="bbox 1061 1723 1906 2031">
     <span class='ocr_line' id='line_1_88' title="bbox 1062 1723 1906 1785; baseline -0.006 -7"><span class='ocrx_word' id='word_1_496' title='bbox 1062 1747 1234 1778; x_wconf 89' lang='lat' dir='ltr'>monasterii</span> <span class='ocrx_word' id='word_1_497' title='bbox 1256 1748 1291 1777; x_wconf 89' lang='lat' dir='ltr'>de</span> <span class='ocrx_word' id='word_1_498' title='bbox 1315 1746 1510 1785; x_wconf 79' lang='lat' dir='ltr'>Guadalupe3</span> <span class='ocrx_word' id='word_1_499' title='bbox 1533 1755 1586 1775; x_wconf 90' lang='lat' dir='ltr'>nec</span> <span class='ocrx_word' id='word_1_500' title='bbox 1608 1745 1678 1775; x_wconf 88' lang='lat' dir='ltr'>dicti</span> <span class='ocrx_word' id='word_1_501' title='bbox 1703 1754 1806 1784; x_wconf 88' lang='lat' dir='ltr'>procu·</span> <span class='ocrx_word' id='word_1_502' title='bbox 1817 1723 1906 1748; x_wconf 62' lang='lat' dir='ltr'>gentius.</span> 
     </span>
     <span class='ocr_line' id='line_1_89' title="bbox 1062 1793 1806 1836; baseline -0.007 -8"><span class='ocrx_word' id='word_1_503' title='bbox 1062 1798 1169 1828; x_wconf 84' lang='lat' dir='ltr'>ratoris</span> <span class='ocrx_word' id='word_1_504' title='bbox 1192 1807 1245 1827; x_wconf 88' lang='lat' dir='ltr'>vox</span> <span class='ocrx_word' id='word_1_505' title='bbox 1270 1801 1297 1827; x_wconf 84' lang='lat' dir='ltr'>et</span> <span class='ocrx_word' id='word_1_506' title='bbox 1321 1805 1446 1836; x_wconf 88' lang='lat' dir='ltr'>persona</span> <span class='ocrx_word' id='word_1_507' title='bbox 1463 1795 1625 1835; x_wconf 86' lang='lat' dir='ltr'>computari</span> <span class='ocrx_word' id='word_1_508' title='bbox 1642 1793 1745 1824; x_wconf 86' lang='lat' dir='ltr'>debeat</span> <span class='ocrx_word' id='word_1_509' title='bbox 1762 1794 1806 1824; x_wconf 93' lang='lat' dir='ltr'>in-</span> 
     </span>
     <span class='ocr_line' id='line_1_90' title="bbox 1063 1843 1806 1886; baseline -0.008 -9"><span class='ocrx_word' id='word_1_510' title='bbox 1063 1851 1106 1877; x_wconf 89' lang='lat' dir='ltr'>ter</span> <span class='ocrx_word' id='word_1_511' title='bbox 1130 1851 1188 1877; x_wconf 88' lang='lat' dir='ltr'>tres</span> <span class='ocrx_word' id='word_1_512' title='bbox 1212 1854 1353 1886; x_wconf 87' lang='lat' dir='ltr'>personas</span> <span class='ocrx_word' id='word_1_513' title='bbox 1369 1848 1397 1875; x_wconf 86' lang='lat' dir='ltr'>et</span> <span class='ocrx_word' id='word_1_514' title='bbox 1413 1853 1498 1874; x_wconf 91' lang='lat' dir='ltr'>voces</span> <span class='ocrx_word' id='word_1_515' title='bbox 1517 1843 1641 1882; x_wconf 80' lang='lat' dir='ltr'>singulis</span> <span class='ocrx_word' id='word_1_516' title='bbox 1660 1846 1806 1872; x_wconf 87' lang='lat' dir='ltr'>monaste-</span> 
     </span>
     <span class='ocr_line' id='line_1_91' title="bbox 1062 1891 1805 1931; baseline -0.008 -6"><span class='ocrx_word' id='word_1_517' title='bbox 1062 1895 1114 1925; x_wconf 90' lang='lat' dir='ltr'>riis</span> <span class='ocrx_word' id='word_1_518' title='bbox 1137 1904 1152 1924; x_wconf 88' lang='lat' dir='ltr'>a</span> <span class='ocrx_word' id='word_1_519' title='bbox 1181 1893 1391 1924; x_wconf 89' lang='lat' dir='ltr'>constitutione</span> <span class='ocrx_word' id='word_1_520' title='bbox 1420 1901 1596 1929; x_wconf 86' lang='lat' dir='ltr'>concessas,</span> <span class='ocrx_word' id='word_1_521' title='bbox 1620 1901 1692 1931; x_wconf 86' lang='lat' dir='ltr'>quas</span> <span class='ocrx_word' id='word_1_522' title='bbox 1727 1891 1805 1920; x_wconf 85' lang='lat' dir='ltr'>ultra</span> 
     </span>
     <span class='ocr_line' id='line_1_92' title="bbox 1061 1940 1807 1983; baseline -0.007 -9"><span class='ocrx_word' id='word_1_523' title='bbox 1061 1943 1131 1974; x_wconf 87' lang='lat' dir='ltr'>dicti</span> <span class='ocrx_word' id='word_1_524' title='bbox 1165 1942 1366 1983; x_wconf 85' lang='lat' dir='ltr'>procuratoris</span> <span class='ocrx_word' id='word_1_525' title='bbox 1400 1951 1500 1972; x_wconf 91' lang='lat' dir='ltr'>vocem</span> <span class='ocrx_word' id='word_1_526' title='bbox 1534 1940 1715 1980; x_wconf 87' lang='lat' dir='ltr'>praedictum</span> <span class='ocrx_word' id='word_1_527' title='bbox 1744 1949 1807 1970; x_wconf 92' lang='lat' dir='ltr'>mo-</span> 
     </span>
     <span class='ocr_line' id='line_1_93' title="bbox 1061 1990 1804 2031; baseline -0.005 -8"><span class='ocrx_word' id='word_1_528' title='bbox 1061 1993 1223 2023; x_wconf 88' lang='lat' dir='ltr'>nasterium</span> <span class='ocrx_word' id='word_1_529' title='bbox 1245 1993 1368 2031; x_wconf 85' lang='lat' dir='ltr'>insuper</span> <span class='ocrx_word' id='word_1_530' title='bbox 1391 1990 1500 2021; x_wconf 84' lang='lat' dir='ltr'>habere</span> <span class='ocrx_word' id='word_1_531' title='bbox 1523 1991 1614 2030; x_wconf 86' lang='lat' dir='ltr'>possit</span> <span class='ocrx_word' id='word_1_532' title='bbox 1642 1994 1670 2020; x_wconf 91' lang='lat' dir='ltr'>et</span> <span class='ocrx_word' id='word_1_533' title='bbox 1698 1990 1804 2020; x_wconf 87' lang='lat' dir='ltr'>valeat.</span> 
     </span>
    </p>

    <p class='ocr_par' dir='ltr' id='par_1_21' title="bbox 1102 2038 2000 2080">
     <span class='ocr_line' id='line_1_94' title="bbox 1102 2038 2000 2080; baseline -0.002 -9"><span class='ocrx_word' id='word_1_534' title='bbox 1102 2050 1160 2071; x_wconf 79' lang='lat' dir='ltr'>xiv.</span> <span class='ocrx_word' id='word_1_535' title='bbox 1186 2041 1271 2071; x_wconf 90' lang='lat' dir='ltr'>Pater</span> <span class='ocrx_word' id='word_1_536' title='bbox 1293 2040 1439 2079; x_wconf 79' lang='lat' dir='ltr'>generalis</span> <span class='ocrx_word' id='word_1_537' title='bbox 1462 2039 1559 2080; x_wconf 71' lang='lat' dir='ltr'>prima</span> <span class='ocrx_word' id='word_1_538' title='bbox 1592 2039 1638 2069; x_wconf 90' lang='lat' dir='ltr'>die</span> <span class='ocrx_word' id='word_1_539' title='bbox 1671 2038 2000 2079; x_wconf 66' lang='lat' dir='ltr'>capituli,Agoneranvero.</span> 
     </span>
    </p>
   </div>
   <div class='ocr_carea' id='block_1_9' title="bbox 1061 2077 2000 2129">
    <p class='ocr_par' dir='ltr' id='par_1_22' title="bbox 1061 2077 2000 2129">
     <span class='ocr_line' id='line_1_95' title="bbox 1061 2077 2000 2129; baseline -0.003 -9"><span class='ocrx_word' id='word_1_540' title='bbox 1061 2090 1141 2120; x_wconf 79' lang='lat' dir='ltr'>iuxta</span> <span class='ocrx_word' id='word_1_541' title='bbox 1165 2089 1271 2129; x_wconf 69' lang='lat' dir='ltr'>stylum</span> <span class='ocrx_word' id='word_1_542' title='bbox 1294 2093 1322 2119; x_wconf 86' lang='lat' dir='ltr'>et</span> <span class='ocrx_word' id='word_1_543' title='bbox 1345 2097 1475 2127; x_wconf 89' lang='lat' dir='ltr'>morem,</span> <span class='ocrx_word' id='word_1_544' title='bbox 1502 2088 1634 2118; x_wconf 87' lang='lat' dir='ltr'>nominet</span> <span class='ocrx_word' id='word_1_545' title='bbox 1656 2097 1747 2118; x_wconf 89' lang='lat' dir='ltr'>unum</span> <span class='ocrx_word' id='word_1_546' title='bbox 1770 2098 1805 2118; x_wconf 84' lang='lat' dir='ltr'>ex</span> <span class='ocrx_word' id='word_1_547' title='bbox 1816 2082 1890 2128; x_wconf 55' lang='lat' dir='ltr'>fififflff,</span> <span class='ocrx_word' id='word_1_548' title='bbox 1907 2077 2000 2127; x_wconf 51' lang='grc' dir='ltr'>ἒῇθμξῆἷ</span> 
     </span>
    </p>
   </div>
   <div class='ocr_carea' id='block_1_10' title="bbox 1060 2129 2000 2572">
    <p class='ocr_par' dir='ltr' id='par_1_23' title="bbox 1060 2129 2000 2572">
     <span class='ocr_line' id='line_1_96' title="bbox 1062 2129 2000 2179; baseline -0.004 -10"><span class='ocrx_word' id='word_1_549' title='bbox 1062 2138 1218 2179; x_wconf 54' lang='lat' dir='ltr'>prioribus</span> <span class='ocrx_word' id='word_1_550' title='bbox 1243 2139 1428 2178; x_wconf 87' lang='lat' dir='ltr'>alterumque</span> <span class='ocrx_word' id='word_1_551' title='bbox 1444 2147 1481 2168; x_wconf 85' lang='lat' dir='ltr'>ex</span> <span class='ocrx_word' id='word_1_552' title='bbox 1498 2136 1738 2177; x_wconf 87' lang='lat' dir='ltr'>procuratoribus</span> <span class='ocrx_word' id='word_1_553' title='bbox 1757 2137 1806 2166; x_wconf 89' lang='lat' dir='ltr'>ha-</span> <span class='ocrx_word' id='word_1_554' title='bbox 1815 2129 2000 2176; x_wconf 50' lang='lat' dir='ltr'>ssssgfflujngffisj‘ffg</span> 
     </span>
     <span class='ocr_line' id='line_1_97' title="bbox 1061 2185 1986 2226; baseline -0.003 -8"><span class='ocrx_word' id='word_1_555' title='bbox 1061 2188 1217 2218; x_wconf 89' lang='lat' dir='ltr'>bilioribus</span> <span class='ocrx_word' id='word_1_556' title='bbox 1239 2191 1268 2218; x_wconf 89' lang='lat' dir='ltr'>et</span> <span class='ocrx_word' id='word_1_557' title='bbox 1289 2187 1521 2223; x_wconf 89' lang='lat' dir='ltr'>discretioribus,</span> <span class='ocrx_word' id='word_1_558' title='bbox 1539 2187 1588 2226; x_wconf 89' lang='lat' dir='ltr'>qui</span> <span class='ocrx_word' id='word_1_559' title='bbox 1605 2187 1701 2216; x_wconf 88' lang='lat' dir='ltr'>omnia</span> <span class='ocrx_word' id='word_1_560' title='bbox 1724 2195 1806 2216; x_wconf 88' lang='lat' dir='ltr'>man-</span> <span class='ocrx_word' id='word_1_561' title='bbox 1815 2185 1986 2208; x_wconf 71' lang='lat' dir='ltr'>procuratorum.</span> 
     </span>
     <span class='ocr_line' id='line_1_98' title="bbox 1061 2235 1804 2277; baseline -0.004 -10"><span class='ocrx_word' id='word_1_562' title='bbox 1061 2237 1126 2267; x_wconf 86' lang='lat' dir='ltr'>data</span> <span class='ocrx_word' id='word_1_563' title='bbox 1150 2241 1374 2277; x_wconf 89' lang='lat' dir='ltr'>procuratorum</span> <span class='ocrx_word' id='word_1_564' title='bbox 1390 2236 1425 2266; x_wconf 88' lang='lat' dir='ltr'>ad</span> <span class='ocrx_word' id='word_1_565' title='bbox 1441 2236 1600 2275; x_wconf 86' lang='lat' dir='ltr'>capitulum</span> <span class='ocrx_word' id='word_1_566' title='bbox 1624 2235 1804 2265; x_wconf 81' lang='lat' dir='ltr'>venientium</span> 
     </span>
     <span class='ocr_line' id='line_1_99' title="bbox 1061 2284 1805 2325; baseline -0.004 -9"><span class='ocrx_word' id='word_1_567' title='bbox 1061 2286 1220 2325; x_wconf 83' lang='lat' dir='ltr'>diligenter</span> <span class='ocrx_word' id='word_1_568' title='bbox 1242 2286 1422 2322; x_wconf 79' lang='lat' dir='ltr'>examinent,</span> <span class='ocrx_word' id='word_1_569' title='bbox 1440 2285 1617 2324; x_wconf 88' lang='lat' dir='ltr'>illorumque</span> <span class='ocrx_word' id='word_1_570' title='bbox 1636 2284 1805 2322; x_wconf 80' lang='lat' dir='ltr'>legitimita-</span> 
     </span>
     <span class='ocr_line' id='line_1_100' title="bbox 1062 2333 1805 2374; baseline -0.004 -9"><span class='ocrx_word' id='word_1_571' title='bbox 1062 2339 1120 2366; x_wconf 88' lang='lat' dir='ltr'>tem</span> <span class='ocrx_word' id='word_1_572' title='bbox 1148 2339 1378 2374; x_wconf 83' lang='lat' dir='ltr'>recognoscant,</span> <span class='ocrx_word' id='word_1_573' title='bbox 1408 2342 1588 2373; x_wconf 82' lang='lat' dir='ltr'>examenque</span> <span class='ocrx_word' id='word_1_574' title='bbox 1618 2336 1645 2363; x_wconf 87' lang='lat' dir='ltr'>et</span> <span class='ocrx_word' id='word_1_575' title='bbox 1671 2333 1805 2371; x_wconf 82' lang='lat' dir='ltr'>recogni-</span> 
     </span>
     <span class='ocr_line' id='line_1_101' title="bbox 1061 2382 1805 2422; baseline -0.004 -8"><span class='ocrx_word' id='word_1_576' title='bbox 1061 2385 1170 2415; x_wconf 90' lang='lat' dir='ltr'>tionem</span> <span class='ocrx_word' id='word_1_577' title='bbox 1195 2383 1375 2422; x_wconf 88' lang='lat' dir='ltr'>huiusmodi,</span> <span class='ocrx_word' id='word_1_578' title='bbox 1399 2387 1487 2422; x_wconf 89' lang='lat' dir='ltr'>atque</span> <span class='ocrx_word' id='word_1_579' title='bbox 1510 2382 1579 2412; x_wconf 90' lang='lat' dir='ltr'>inde</span> <span class='ocrx_word' id='word_1_580' title='bbox 1602 2386 1738 2422; x_wconf 87' lang='lat' dir='ltr'>sequuta,</span> <span class='ocrx_word' id='word_1_581' title='bbox 1765 2382 1805 2412; x_wconf 91' lang='lat' dir='ltr'>le-</span> 
     </span>
     <span class='ocr_line' id='line_1_102' title="bbox 1060 2432 1805 2473; baseline -0.003 -9"><span class='ocrx_word' id='word_1_582' title='bbox 1060 2434 1236 2473; x_wconf 84' lang='lat' dir='ltr'>gitimosque</span> <span class='ocrx_word' id='word_1_583' title='bbox 1252 2433 1366 2463; x_wconf 83' lang='lat' dir='ltr'>vocales</span> <span class='ocrx_word' id='word_1_584' title='bbox 1389 2433 1423 2462; x_wconf 86' lang='lat' dir='ltr'>ad</span> <span class='ocrx_word' id='word_1_585' title='bbox 1446 2432 1605 2472; x_wconf 88' lang='lat' dir='ltr'>capitulum</span> <span class='ocrx_word' id='word_1_586' title='bbox 1624 2441 1805 2462; x_wconf 87' lang='lat' dir='ltr'>concurren-</span> 
     </span>
     <span class='ocr_line' id='line_1_103' title="bbox 1061 2480 1802 2522; baseline -0.003 -8"><span class='ocrx_word' id='word_1_587' title='bbox 1061 2487 1124 2518; x_wconf 86' lang='lat' dir='ltr'>tes,</span> <span class='ocrx_word' id='word_1_588' title='bbox 1148 2483 1178 2513; x_wconf 93' lang='lat' dir='ltr'>in</span> <span class='ocrx_word' id='word_1_589' title='bbox 1202 2491 1295 2522; x_wconf 89' lang='lat' dir='ltr'>eoque</span> <span class='ocrx_word' id='word_1_590' title='bbox 1329 2490 1428 2512; x_wconf 88' lang='lat' dir='ltr'>vocem</span> <span class='ocrx_word' id='word_1_591' title='bbox 1461 2480 1615 2520; x_wconf 88' lang='lat' dir='ltr'>habentes,</span> <span class='ocrx_word' id='word_1_592' title='bbox 1640 2486 1739 2521; x_wconf 88' lang='lat' dir='ltr'>postea</span> <span class='ocrx_word' id='word_1_593' title='bbox 1772 2482 1802 2512; x_wconf 92' lang='lat' dir='ltr'>in</span> 
     </span>
     <span class='ocr_line' id='line_1_104' title="bbox 1061 2531 1803 2572; baseline -0.001 -10"><span class='ocrx_word' id='word_1_594' title='bbox 1061 2532 1157 2572; x_wconf 72' lang='lat' dir='ltr'>prima</span> <span class='ocrx_word' id='word_1_595' title='bbox 1178 2531 1307 2561; x_wconf 86' lang='lat' dir='ltr'>sessione</span> <span class='ocrx_word' id='word_1_596' title='bbox 1335 2531 1455 2570; x_wconf 85' lang='lat' dir='ltr'>capituli</span> <span class='ocrx_word' id='word_1_597' title='bbox 1477 2531 1621 2570; x_wconf 78' lang='lat' dir='ltr'>generalis</span> <span class='ocrx_word' id='word_1_598' title='bbox 1644 2534 1746 2562; x_wconf 83' lang='lat' dir='ltr'>exacte</span> <span class='ocrx_word' id='word_1_599' title='bbox 1774 2534 1803 2561; x_wconf 89' lang='lat' dir='ltr'>et</span> 
     </span>
    </p>
   </div>
   <div class='ocr_carea' id='block_1_11' title="bbox 1061 2580 1348 2614">
    <p class='ocr_par' dir='ltr' id='par_1_24' title="bbox 1061 2580 1348 2614">
     <span class='ocr_line' id='line_1_105' title="bbox 1061 2580 1348 2614; baseline -0.003 -1"><span class='ocrx_word' id='word_1_600' title='bbox 1061 2581 1186 2614; x_wconf 81' lang='lat' dir='ltr'>fideliter</span> <span class='ocrx_word' id='word_1_601' title='bbox 1207 2580 1348 2614; x_wconf 76' lang='lat' dir='ltr'>reserant.</span> 
     </span>
    </p>
   </div>
   <div class='ocr_carea' id='block_1_12' title="bbox 1809 185 1996 212">
    <p class='ocr_par' dir='ltr' id='par_1_25' title="bbox 1809 185 1996 212">
     <span class='ocr_line' id='line_1_106' title="bbox 1809 185 1996 212; baseline 0.005 -1"><span class='ocrx_word' id='word_1_602' title='bbox 1809 186 1857 212; x_wconf 72' lang='lat' dir='ltr'>An.</span> <span class='ocrx_word' id='word_1_603' title='bbox 1880 185 1908 212; x_wconf 88' lang='lat' dir='ltr'>C.</span> <span class='ocrx_word' id='word_1_604' title='bbox 1930 185 1996 212; x_wconf 77' lang='lat'>1730</span> 
     </span>
    </p>
   </div>
  </div>
 </body>
</html>
