2182 3137
4 2995 10 3137 me
0 2437 7 2980 μμ

25 214 81 242 ¹An.
95 211 124 238 C.
145 210 212 238 ¹730

219 261 335 288 cavitate
357 258 474 288 animali
495 262 520 287 et
540 258 650 294 nervis,
675 257 759 286 tertio
788 257 819 285 de
851 257 965 285 cavitate

219 307 300 336 vitali
321 311 346 336 et
367 308 488 340 arteriis,
507 310 610 345 quarto
626 305 702 344 quod
726 304 782 343 ipsi
802 303 965 341 assignabi-

220 359 279 385 tur.
303 355 473 393 Chirurgiae
506 364 582 384 anno
617 354 709 392 primo
737 353 769 381 de
791 352 963 387 tumoribus,

219 404 349 434 secundo
381 405 412 433 de
434 403 591 436 ulceribus,
621 402 708 431 tertio
740 402 772 430 de
806 401 965 429 vulneribus

219 456 246 482 ei
267 453 470 492 operationibus
502 452 671 487 clitrnrgyicis
686 473 693 486 ‚
717 459 789 489 quos
822 453 965 478 tractatus

220 501 312 530 latino
334 510 470 530 sermone
492 500 639 535 conficiat,
656 508 710 528 nec
734 499 789 538 ipsi
814 503 963 537 praeterea

220 559 272 589 per
294 559 324 579 se
346 559 400 579 nec
423 558 474 588 per
496 549 586 578 alium
609 548 785 577 tonstrinam
815 548 908 576 facere
931 547 964 576 li-

219 597 305 627 cebit.

260 647 369 676 Harum
393 655 480 686 porro
510 646 669 676 lectionum
702 649 817 683 tempus
844 645 882 675 ita
906 644 966 673 sin-

220 695 297 734 gulis
320 694 552 734 praefinieudum
575 694 641 730 erit,
667 698 697 724 01
721 693 877 723 videlicet:
903 693 967 722 Pri-

221 743 333 773 marius
355 743 391 773 ab
415 743 487 772 hora
509 744 609 772 octava
632 742 666 771 ad
690 751 820 778 uouamg
841 751 967 780 progno-

221 792 362 822 sticorum
396 802 410 821 a
444 792 521 821 noua
549 791 583 820 ad
616 791 784 827 decimam3
815 793 966 819 anatomes

222 850 236 870 a
265 841 379 870 decima
411 840 444 870 ad
479 840 664 869 undecimam
698 839 964 868 antemeridianas:

221 890 409 929 vespertinus
431 899 444 918 a
469 889 595 918 secunda
619 889 654 918 ad
678 888 815 925 tertiam,
839 888 966 917 methodi

221 947 236 967 a
261 938 347 968 tertia
366 938 401 967 ad
420 942 553 977 quartam
570 948 576 973 ς
595 937 762 975 chirurgiae
779 946 794 965 a
810 939 913 976 quarta
932 937 966 966 ad

221 987 353 1027 quintam
372 986 608 1026 pomeridianas:
626 986 806 1024 simplicium
824 986 896 1015 hora
911 985 966 1014 sibi

221 1035 461 1075 praescribenda.

262 1085 369 1115 Omnes
391 1089 487 1114 autem
510 1084 653 1114 eiusmodi
671 1084 848 1121 professores
864 1093 970 1122 oppor-

224 1136 295 1164 tuna
318 1132 474 1163 cuiuslibet
507 1133 699 1162 hebdomadis
721 1132 783 1170 die,
807 1142 863 1171 qua
887 1136 970 1161 vacet

223 1192 238 1212 a
261 1181 450 1217 lectionibus,
475 1182 581 1210 thesim
604 1181 732 1220 aliquam
757 1190 809 1219 pro
831 1184 968 1218 suggestu

224 1240 277 1271 per
299 1231 478 1269 discipulum
501 1230 713 1259 defendendam
741 1234 914 1268 proponent,
939 1229 967 1258 111

224 1289 280 1319 qua
304 1279 405 1308 eadem
428 1279 503 1308 ratio
526 1283 554 1308 et
583 1279 674 1307 l'orma
708 1277 854 1317 superiori
886 1278 969 1307 titulo

223 1329 333 1359 indicta
356 1328 508 1358 retinenda
532 1328 597 1357 erit.

265 1377 394 1415 Singulis
417 1380 513 1406 autem
547 1375 711 1415 quibusque
741 1376 873 1405 kalendis
901 1376 969 1404 maii

224 1427 255 1456 111
278 1427 350 1456 artis
374 1426 501 1455 medicae
518 1426 612 1455 maius
628 1426 810 1464 gymnasium
828 1426 888 1454 una
904 1434 969 1454 cum

226 1475 404 1512 secretario,
435 1480 465 1504 ut
492 1475 589 1504 onmia
613 1484 664 1512 per
691 1475 826 1503 eumdem
855 1474 884 1503 in
907 1479 969 1515 acta

226 1525 415 1561 referantur,
445 1525 642 1560 convenient,
666 1524 716 1553 ubi
749 1528 861 1553 mature
895 1523 971 1552 inter

227 1583 259 1603 se
281 1573 505 1610 deliberabunt,
530 1583 600 1602 uum
635 1574 756 1602 fortasse
789 1582 896 1601 novum
919 1572 972 1601 ali-

228 1632 315 1661 quem
339 1623 468 1660 sequiori
492 1632 568 1651 anno
592 1626 748 1651 tractatum
771 1631 872 1650 eorum
897 1621 970 1657 vice,

228 1671 278 1710 qui
307 1670 510 1710 praesentibus
539 1670 739 1700 sanctionibus
768 1670 973 1710 praescribun-

228 1722 296 1756 tur,
326 1730 377 1758 pro
400 1719 566 1749 auditorum
590 1719 715 1749 utilitate
739 1728 901 1758 proponere
924 1728 973 1747 ex-

228 1768 336 1808 pcdiat.

268 1818 304 1847 Ili
327 1823 428 1847 onmes
450 1817 615 1847 academiae
648 1817 848 1847 nosocomium
882 1816 974 1854 gratis

228 1866 368 1904 invisere,
385 1871 414 1896 et
429 1866 626 1903 scholaribus,
643 1866 667 1895 si
686 1866 736 1905 qui
755 1865 834 1904 aegri
850 1865 972 1903 fuerint,

229 1915 339 1945 mederi
364 1914 525 1944 debebunt.

271 1964 420 1994 Professor
453 1968 602 1993 anatomes
639 1964 812 2003 quotannis,
848 1964 876 1992 111
911 1963 974 1992 loco

231 2013 397 2043 academiae
429 2013 571 2052 impensis
603 2013 658 2042 sibi
691 2018 757 2052 apte
791 2017 973 2051 comparato,

231 2072 282 2093 sex
304 2062 422 2102 quidem
446 2062 638 2099 universales,
655 2062 808 2091 duodecim
828 2071 895 2090 vero
913 2070 976 2100 par-

232 2111 371 2141 ticulares
393 2111 571 2140 anatomicas
602 2111 792 2140 dissectioues
815 2110 868 2139 sub
891 2111 975 2139 scho-

232 2161 338 2191 larium
362 2160 453 2190 oculis
475 2159 647 2195 exhibebit3
683 2160 713 2189 in
747 2159 852 2199 quibus
875 2160 975 2197 sitmn,

232 2215 380 2247 naturam,
398 2218 483 2238 usum
506 2213 534 2238 et
558 2209 684 2247 partium
700 2208 830 2247 corporis
849 2208 976 2237 officium

234 2258 353 2298 publice
376 2258 519 2294 ostendet,
544 2258 659 2288 docebit
682 2262 709 2287 ct
733 2259 846 2287 tradet:
877 2258 978 2287 videli-

233 2311 281 2337 cet
303 2307 520 2346 particulariter
535 2311 594 2336 tres
611 2307 772 2344 0001010111,
789 2311 847 2336 1165
869 2307 976 2342 cordis,

236 2360 296 2386 tres
318 2356 493 2395 palmorum,
518 2360 575 2385 tres
599 2356 768 2394 laringium,
792 2356 912 2395 quaein
929 2355 979 2385 bo-

237 2413 304 2434 vum
328 2408 378 2433 aut
399 2404 524 2433 arietum
547 2405 723 2434 dissectione
746 2405 808 2434 fieri
832 2409 978 2444 poterunt.

238 2453 449 2483 Universaliter
465 2457 562 2481 31110111
579 2453 715 2492 primam,
732 2454 761 2482 in
778 2463 833 2493 qua
850 2453 979 2491 singilla-

237 2502 289 2531 tim
313 2502 446 2531 ostendat
468 2511 568 2530 omues
587 2502 749 2531 exteriores
772 2507 800 2531 61
823 2502 979 2531 1016110165

238 2551 405 2581 abdominis
422 2555 518 2590 partes
539 2555 567 2580 et
590 2551 731 2587 111013015,
748 2561 813 2580 cum
833 2551 981 2581 dissectio-

236 2610 275 2630 ne
297 2600 413 2640 capitis,
438 2603 469 2629 ut
490 2599 558 2629 inde
576 2599 756 2629 demonstret
773 2599 916 2639 quidquid
935 2610 980 2629 ce·

86 655 209 677 Lectionum

28 686 116 710 tempus.

30 1106 109 1128 Thasos
129 1106 211 1129 singula

29 1132 194 1181 123251'32‘11'1'2333?⁰

36 1978 67 2000 De
78 1978 220 2000 anathomicis

32 2005 172 2027 sectionibus.

836 207 978 231 CLEMENS
1004 208 1047 231 >211
1074 209 1122 231 PP.

1647 198 1711 231 167

1008 255 1125 285 rebrum
1156 256 1299 293 continet,
1329 266 1361 286 ac
1392 266 1497 286 nervos
1519 256 1568 296 qui
1593 256 1627 285 ab
1651 256 1753 285 eodem

1008 304 1211 341 descendunt,
1235 305 1403 341 secundam,
1427 305 1456 334 in
1480 314 1535 344 qua
1559 314 1616 334 11011
1641 304 1751 344 dispari

1008 354 1079 381 cura
1103 356 1199 391 partes
1222 362 1322 382 onmes
1355 353 1510 392 patefaciat
1538 353 1572 382 ad
1602 353 1753 391 regionem

1008 401 1185 438 abdominis,
1210 401 1347 438 thoracis,
1371 402 1476 440 capitis
1498 407 1525 431 et
1548 402 1582 431 ad
1610 403 1750 439 genitalia

1009 451 1214 490 pertinentem
1240 451 1354 480 tertiam
1388 452 1417 480 iu
1449 452 1531 481 venis
1554 457 1581 481 et
1615 453 1750 489 arteriis,

1009 499 1164 538 perspicue
1177 499 1390 528 demonstrabit
1402 499 1609 530 distensionem
1621 503 1752 532 omnium

1009 557 1157 578 ramorum
1177 557 1267 576 venae
1291 552 1402 585 portae,
1419 549 1664 579 ramificationum
1681 561 1754 590 quo·

1009 606 1065 635 que
1089 606 1179 625 venae
1202 605 1290 624 cavae
1314 596 1342 624 111
1368 601 1463 634 partes
1481 597 1634 627 inferiores
1656 603 1683 628 et
1705 609 1754 629 su-

1011 646 1153 684 periores,
1174 645 1334 683 itidemque
1356 649 1520 674 ceterarum
1544 656 1685 676 venarum
1708 658 1754 677 ra-

1011 704 1072 724 mos
1094 698 1153 723 tam
1176 693 1205 722 in
1229 693 1358 722 brachiis
1381 702 1467 731 quam
1498 694 1526 722 in
1554 695 1701 733 cruribus,
1726 701 1754 726 et

1010 743 1126 772 demum
1143 742 1319 772 arteriarum
1337 742 1593 777 ramificationem3
1607 749 1752 782 quartam,

1012 792 1038 821 in
1063 801 1118 830 qua
1143 791 1292 821 musculos
1315 791 1454 830 pectoris,
1478 792 1612 828 cervicis,
1637 794 1752 832 capitis,

1011 841 1124 870 brachii
1148 845 1175 870 et
1197 840 1291 870 cruris
1315 840 1473 878 diligenter
1495 841 1648 878 ostendet3
1673 844 1756 881 quin-

1011 895 1081 927 tam,
1112 890 1141 919 111
1165 899 1220 928 qua
1244 889 1358 927 singula
1382 898 1446 919 0553
1469 892 1536 928 apta
1562 891 1756 929 explicatione

1011 939 1165 975 indicabit,
1190 939 1277 977 idque
1300 938 1430 968 exhibito
1446 939 1603 976 scheletr0‚
1620 944 1651 969 ut
1669 940 1697 969 in
1722 951 1755 970 eo

1013 989 1126 1018 facilius
1158 992 1245 1026 atque
1278 987 1459 1017 commodius
1492 989 1601 1017 ossium
1636 989 1756 1019 humani

1012 1038 1145 1076 corporis
1187 1037 1313 1066 invicem
1357 1037 1575 1066 cohaerentium
1620 1037 1756 1068 universa

1013 1078 1176 1124 compactio
1208 1085 1243 1114 ob
1275 1085 1374 1114 oculos
1408 1089 1554 1123 ponatur;
1578 1089 1701 1121 sextam,
1727 1087 1756 1116 in

1013 1144 1079 1173 qua,
1102 1135 1183 1164 canis
1206 1134 1331 1164 viventis
1353 1134 1527 1163 dissectione
1550 1135 1633 1168 sacta,
1662 1135 1758 1165 cordis

1013 1188 1136 1221 motum,
1154 1193 1299 1221 usumque
1314 1192 1470 1212 nervorum
1488 1183 1716 1220 recurrentium,
1731 1188 1758 1213 et

1013 1242 1113 1262 vocem
1136 1232 1335 1269 formantium,
1360 1232 1455 1270 palam
1478 1231 1672 1270 explanabit,
1702 1232 1759 1261 his-

1013 1292 1069 1321 que
1101 1281 1206 1310 subdet
1238 1280 1364 1319 pectoris
1387 1284 1415 1309 et
1440 1280 1605 1309 abdominis
1629 1281 1757 1319 partium

1013 1330 1259 1369 explicationem,
1294 1333 1322 1358 et
1353 1329 1510 1367 aliquando
1539 1329 1627 1358 etiam
1652 1329 1758 1368 plantis

1014 1383 1042 1408 et
1065 1378 1164 1407 herbis
1186 1377 1331 1413 dissectis,
1356 1377 1523 1406 carumdem
1553 1381 1687 1406 naturam
1711 1378 1760 1407 de-

1014 1427 1200 1457 monstrabit.

1055 1476 1085 1505 ln
1102 1476 1165 1505 loco
1182 1475 1405 1510 dissectionum,
1420 1474 1493 1503 ultra
1511 1475 1688 1504 scheletrum
1708 1485 1758 1514 pro

1014 1527 1155 1555 consueta
1190 1524 1319 1563 partium
1352 1524 1623 1559 demonstratione,
1661 1529 1756 1553 statua

1014 1575 1136 1613 insuper
1158 1572 1366 1609 collocabitur,
1391 1572 1515 1610 figuram
1539 1572 1667 1601 hominis
1690 1573 1759 1602 alfa-

1015 1623 1066 1653 bre
1088 1626 1324 1662 repraesentans,
1358 1621 1436 1651 circa
1470 1631 1557 1660 quam
1589 1621 1760 1660 chirurgiae

1017 1672 1173 1711 professor,
1189 1670 1286 1699 fasciis
1302 1670 1336 1698 ad
1355 1669 1383 1698 id
1401 1669 1520 1708 paratis,
1538 1670 1628 1699 semel
1644 1671 1674 1699 in
1691 1670 1761 1700 heb-

1015 1721 1167 1749 domadam
1191 1719 1341 1749 auditores
1363 1728 1433 1747 51105
1450 1718 1592 1747 rationem
1612 1718 1761 1757 obligandi

1016 1769 1138 1798 vulnera
1163 1768 1304 1797 edoceat:
1329 1766 1466 1796 omnibus
1497 1768 1672 1797 anatomicis
1701 1768 1761 1797 dis-

1016 1817 1209 1855 sectionihus,
1228 1817 1395 1854 chirurgiae
1408 1826 1466 1845 11011
1483 1816 1588 1853 solum,
1607 1816 1657 1845 sed
1673 1817 1760 1846 etiam

1018 1867 1181 1896 medicinae
1204 1866 1333 1895 cultores
1355 1865 1506 1894 intersint.

1058 1916 1198 1945 Ρ1061011
1223 1914 1350 1943 civitatis
1373 1914 1526 1943 Cervariae
1543 1923 1577 1943 ex
1594 1924 1694 1944 eorum
1717 1924 1763 1944 ca-

1017 1963 1185 2000 daveribus,
1203 1963 1252 2002 qui
1270 1962 1298 1991 in
1312 1963 1481 1992 nosocomio
1499 1962 1677 1999 moriuntur,
1696 1972 1762 2002 pro-

1019 2013 1122 2042 fessori
1144 2016 1293 2041 anatomes
1310 2011 1384 2041 tradi
1401 2011 1501 2040 iubeat
1523 2021 1597 2050 quae
1620 2011 1654 2041 ad
1677 2021 1762 2042 usum

1019 2062 1231 2091 dissectionum
1253 2064 1409 2100 exposcet,
1439 2070 1491 2099 pro
1520 2060 1645 2098 singulis
1674 2061 1764 2090 disse-

1019 2110 1168 2141 ctionibus
1191 2109 1430 2149 particularibus,
1451 2119 1522 2149 quas
1539 2110 1617 2139 iuxta
1638 2110 1764 2140 sanctio-

1020 2170 1072 2190 nes
1095 2160 1242 2199 professor
1271 2163 1421 2189 anatomes
1449 2159 1562 2196 feccrit,
1588 2159 1673 2188 binae
1703 2169 1762 2189 mo-

1021 2214 1106 2239 netae
1129 2208 1300 2239 Cataloniae
1322 2208 1416 2238 librae
1449 2218 1482 2237 ex
1516 2208 1631 2237 aerario
1661 2208 1765 2237 acade-

1021 2258 1096 2287 miae
1120 2257 1300 2296 pendantur,
1325 2260 1354 2285 et
1388 2260 1515 2295 quatuor
1552 2265 1603 2295 pro
1635 2256 1761 2294 singulis

1021 2306 1251 2336 universalibus.

1062 2355 1136 2384 lllud
1163 2364 1278 2393 quoque
1310 2363 1399 2383 curae
1431 2354 1469 2383 sit
1501 2353 1668 2383 huiusmodi
1698 2362 1764 2393 pro-

1022 2405 1125 2433 fessori
1155 2407 1296 2433 tractatus
1319 2402 1354 2431 ad
1378 2411 1458 2432 suam
1482 2402 1651 2431 cathedram
1676 2402 1766 2441 perti-

1023 2458 1126 2483 nentes
1150 2453 1190 2482 ita
1213 2460 1369 2481 secernere
1391 2454 1420 2480 61
1441 2451 1590 2487 ordinare,
1609 2456 1656 2489 01,
1677 2460 1768 2491 quae-

1022 2511 1148 2541 cumque
1170 2502 1205 2531 ad
1222 2501 1351 2539 reliquos
1367 2500 1529 2530 medicinae
1552 2504 1580 2530 et
1597 2500 1768 2539 chirurgiae

1060 2606 1068 2630 1
1091 2604 1213 2630 Pessime
1229 2603 1293 2629 edit.
1310 2601 1389 2628 Main.
1407 2601 1473 2636 legit
1488 2602 1611 2630 Praeter
1625 2604 1664 2635 (a.
1681 2604 1730 2636 1.).

1759 208 1813 234 An.
1833 207 1862 234 C.
1881 203 1950 235 1730
