<?xml version="1.0" encoding="UTF-8"?>
<!DOCTYPE html PUBLIC "-//W3C//DTD XHTML 1.0 Transitional//EN"
    "http://www.w3.org/TR/xhtml1/DTD/xhtml1-transitional.dtd">
<html xmlns="http://www.w3.org/1999/xhtml" xml:lang="en" lang="en">
 <head>
  <title>
</title>
<meta http-equiv="Content-Type" content="text/html;charset=utf-8" />
  <meta name='ocr-system' content='tesseract 3.04.00' />
  <meta name='ocr-capabilities' content='ocr_page ocr_carea ocr_par ocr_line ocrx_word'/>
</head>
<body>
  <div class='ocr_page' id='page_1' title='image "./bullarumdiplomat23cath_0109.png"; bbox 0 0 2182 3137; ppageno 0'>
   <div class='ocr_carea' id='block_1_1' title="bbox 51 204 240 233">
    <p class='ocr_par' dir='ltr' id='par_1_1' title="bbox 51 204 240 233">
     <span class='ocr_line' id='line_1_1' title="bbox 51 204 240 233; baseline -0.011 0"><span class='ocrx_word' id='word_1_1' title='bbox 51 207 103 233; x_wconf 65' lang='lat' dir='ltr'><em>An.</em></span> <span class='ocrx_word' id='word_1_2' title='bbox 120 205 149 232; x_wconf 89' lang='lat' dir='ltr'><em>C.</em></span> <span class='ocrx_word' id='word_1_3' title='bbox 172 204 240 231; x_wconf 75' lang='lat'>¹730</span> 
     </span>
    </p>
   </div>
   <div class='ocr_carea' id='block_1_2' title="bbox 19 1231 228 1332">
    <p class='ocr_par' dir='ltr' id='par_1_2' title="bbox 39 1231 228 1305">
     <span class='ocr_line' id='line_1_2' title="bbox 71 1231 228 1252; baseline -0.013 0"><span class='ocrx_word' id='word_1_4' title='bbox 71 1231 102 1252; x_wconf 72' lang='lat' dir='ltr'><em>Ile</em></span> <span class='ocrx_word' id='word_1_5' title='bbox 121 1235 228 1251; x_wconf 77' lang='lat' dir='ltr'><em>consensu</em></span> 
     </span>
     <span class='ocr_line' id='line_1_3' title="bbox 39 1257 228 1284; baseline -0.011 -6"><span class='ocrx_word' id='word_1_6' title='bbox 39 1257 122 1284; x_wconf 53' lang='lat' dir='ltr'><em>prioris</em></span> <span class='ocrx_word' id='word_1_7' title='bbox 143 1262 182 1284; x_wconf 84' lang='lat' dir='ltr'><em>pro</em></span> <span class='ocrx_word' id='word_1_8' title='bbox 207 1262 228 1276; x_wconf 80' lang='lat' dir='ltr'><em>a·</em></span> 
     </span>
     <span class='ocr_line' id='line_1_4' title="bbox 43 1283 228 1305; baseline -0.005 -1"><span class='ocrx_word' id='word_1_9' title='bbox 43 1286 118 1305; x_wconf 70' lang='lat' dir='ltr'><em>cluam</em></span> <span class='ocrx_word' id='word_1_10' title='bbox 154 1283 228 1304; x_wconf 80' lang='lat' dir='ltr'><em>vatidi-</em></span> 
     </span>
    </p>

    <p class='ocr_par' dir='ltr' id='par_1_3' title="bbox 19 1312 98 1332">
     <span class='ocr_line' id='line_1_5' title="bbox 19 1312 98 1332; baseline -0.013 0"><span class='ocrx_word' id='word_1_11' title='bbox 19 1317 22 1320; x_wconf 76' lang='grc'>’</span> <span class='ocrx_word' id='word_1_12' title='bbox 42 1312 98 1332; x_wconf 64' lang='lat' dir='ltr'><em>ute.</em></span> 
     </span>
    </p>
   </div>
   <div class='ocr_carea' id='block_1_3' title="bbox 41 2532 229 2584">
    <p class='ocr_par' dir='ltr' id='par_1_4' title="bbox 41 2532 229 2584">
     <span class='ocr_line' id='line_1_6' title="bbox 64 2532 229 2554; baseline 0.012 -2"><span class='ocrx_word' id='word_1_13' title='bbox 64 2532 162 2553; x_wconf 73' lang='lat' dir='ltr'><em>Vinarius</em></span> <span class='ocrx_word' id='word_1_14' title='bbox 177 2538 229 2554; x_wconf 80' lang='lat' dir='ltr'><em>unus</em></span> 
     </span>
     <span class='ocr_line' id='line_1_7' title="bbox 41 2558 227 2584; baseline 0 -5"><span class='ocrx_word' id='word_1_15' title='bbox 41 2563 72 2579; x_wconf 71' lang='lat' dir='ltr'>fl</span> <span class='ocrx_word' id='word_1_16' title='bbox 86 2558 193 2584; x_wconf 70' lang='lat' dir='ltr'><em>deputatis</em></span> <span class='ocrx_word' id='word_1_17' title='bbox 208 2559 227 2579; x_wconf 82' lang='lat' dir='ltr'><em>in</em></span> 
     </span>
    </p>
   </div>
   <div class='ocr_carea' id='block_1_4' title="bbox 44 2580 983 2621">
    <p class='ocr_par' dir='ltr' id='par_1_5' title="bbox 44 2580 983 2621">
     <span class='ocr_line' id='line_1_8' title="bbox 44 2580 983 2621; baseline 0.01 -16"><span class='ocrx_word' id='word_1_18' title='bbox 44 2586 227 2607; x_wconf 72' lang='lat' dir='ltr'><em>memonasterio.</em></span> <span class='ocrx_word' id='word_1_19' title='bbox 239 2580 345 2610; x_wconf 85' lang='lat' dir='ltr'><em>debent</em></span> <span class='ocrx_word' id='word_1_20' title='bbox 361 2589 425 2610; x_wconf 86' lang='lat' dir='ltr'><em>esse</em></span> <span class='ocrx_word' id='word_1_21' title='bbox 443 2581 473 2610; x_wconf 93' lang='lat' dir='ltr'><em>in</em></span> <span class='ocrx_word' id='word_1_22' title='bbox 489 2590 676 2620; x_wconf 85' lang='lat' dir='ltr'><em>quocumque</em></span> <span class='ocrx_word' id='word_1_23' title='bbox 698 2584 876 2614; x_wconf 87' lang='lat' dir='ltr'><em>monasterio</em></span> <span class='ocrx_word' id='word_1_24' title='bbox 892 2595 899 2621; x_wconf 80' lang='lat'><em>3</em></span> <span class='ocrx_word' id='word_1_25' title='bbox 917 2594 983 2614; x_wconf 87' lang='lat' dir='ltr'><em>cum</em></span> 
     </span>
    </p>
   </div>
   <div class='ocr_carea' id='block_1_5' title="bbox 883 205 1170 228">
    <p class='ocr_par' dir='ltr' id='par_1_6' title="bbox 883 205 1170 228">
     <span class='ocr_line' id='line_1_9' title="bbox 883 205 1170 228; baseline 0.003 -1"><span class='ocrx_word' id='word_1_26' title='bbox 883 205 1025 227; x_wconf 75' lang='lat' dir='ltr'><em>CLEuENS</em></span> <span class='ocrx_word' id='word_1_27' title='bbox 1052 206 1093 227; x_wconf 80' lang='lat' dir='ltr'><em>xil</em></span> <span class='ocrx_word' id='word_1_28' title='bbox 1122 206 1170 228; x_wconf 69' lang='lat'><em>1¹1³.</em></span> 
     </span>
    </p>
   </div>
   <div class='ocr_carea' id='block_1_6' title="bbox 239 253 1011 1112">
    <p class='ocr_par' dir='ltr' id='par_1_7' title="bbox 239 253 1011 1112">
     <span class='ocr_line' id='line_1_10' title="bbox 243 253 990 292; baseline -0.003 -11"><span class='ocrx_word' id='word_1_29' title='bbox 243 254 398 292; x_wconf 79' lang='lat' dir='ltr'><em>proficuum</em></span> <span class='ocrx_word' id='word_1_30' title='bbox 421 255 553 287; x_wconf 80' lang='lat' dir='ltr'><em>videatur,</em></span> <span class='ocrx_word' id='word_1_31' title='bbox 578 255 652 282; x_wconf 79' lang='lat' dir='ltr'><em>omni</em></span> <span class='ocrx_word' id='word_1_32' title='bbox 677 253 786 281; x_wconf 78' lang='lat' dir='ltr'><em>omnino</em></span> <span class='ocrx_word' id='word_1_33' title='bbox 806 253 924 290; x_wconf 67' lang='lat' dir='ltr'><em>proprisi</em></span> <span class='ocrx_word' id='word_1_34' title='bbox 945 253 990 289; x_wconf 78' lang='lat' dir='ltr'><em>af-</em></span> 
     </span>
     <span class='ocr_line' id='line_1_11' title="bbox 245 301 987 340; baseline -0.004 -10"><span class='ocrx_word' id='word_1_35' title='bbox 245 302 361 338; x_wconf 81' lang='lat' dir='ltr'><em>fectione</em></span> <span class='ocrx_word' id='word_1_36' title='bbox 387 306 467 340; x_wconf 76' lang='lat' dir='ltr'><em>atque</em></span> <span class='ocrx_word' id='word_1_37' title='bbox 486 310 668 340; x_wconf 78' lang='lat' dir='ltr'><em>personarum</em></span> <span class='ocrx_word' id='word_1_38' title='bbox 691 301 846 338; x_wconf 79' lang='lat' dir='ltr'><em>acceptione</em></span> <span class='ocrx_word' id='word_1_39' title='bbox 868 301 987 335; x_wconf 67' lang='lat' dir='ltr'><em>remota,</em></span> 
     </span>
     <span class='ocr_line' id='line_1_12' title="bbox 245 348 989 388; baseline -0.004 -10"><span class='ocrx_word' id='word_1_40' title='bbox 245 351 367 388; x_wconf 57' lang='lat' dir='ltr'><em>exeeptis</em></span> <span class='ocrx_word' id='word_1_41' title='bbox 383 353 472 378; x_wconf 83' lang='lat' dir='ltr'><em>tamen</em></span> <span class='ocrx_word' id='word_1_42' title='bbox 487 349 595 378; x_wconf 80' lang='lat' dir='ltr'><em>casibus</em></span> <span class='ocrx_word' id='word_1_43' title='bbox 610 350 640 378; x_wconf 83' lang='lat' dir='ltr'><em>in-</em></span> <span class='ocrx_word' id='word_1_44' title='bbox 661 348 759 387; x_wconf 74' lang='lat' dir='ltr'><em>quibus</em></span> <span class='ocrx_word' id='word_1_45' title='bbox 779 348 858 386; x_wconf 84' lang='lat' dir='ltr'><em>prior</em></span> <span class='ocrx_word' id='word_1_46' title='bbox 882 351 989 376; x_wconf 74' lang='lat' dir='ltr'><em>tenetur</em></span> 
     </span>
     <span class='ocr_line' id='line_1_13' title="bbox 243 396 989 436; baseline -0.003 -11"><span class='ocrx_word' id='word_1_47' title='bbox 243 398 320 435; x_wconf 81' lang='lat' dir='ltr'><em>sequi</em></span> <span class='ocrx_word' id='word_1_48' title='bbox 341 399 386 426; x_wconf 81' lang='lat' dir='ltr'><em>sui</em></span> <span class='ocrx_word' id='word_1_49' title='bbox 406 397 525 436; x_wconf 80' lang='lat' dir='ltr'><em>capituli</em></span> <span class='ocrx_word' id='word_1_50' title='bbox 546 401 593 425; x_wconf 84' lang='lat' dir='ltr'><em>aut</em></span> <span class='ocrx_word' id='word_1_51' title='bbox 614 397 669 426; x_wconf 81' lang='lat' dir='ltr'><em>sibi</em></span> <span class='ocrx_word' id='word_1_52' title='bbox 690 397 884 435; x_wconf 82' lang='lat' dir='ltr'><em>deputatorum</em></span> <span class='ocrx_word' id='word_1_53' title='bbox 902 396 989 424; x_wconf 82' lang='lat' dir='ltr'><em>consi-</em></span> 
     </span>
     <span class='ocr_line' id='line_1_14' title="bbox 243 444 989 484; baseline 0 -11"><span class='ocrx_word' id='word_1_54' title='bbox 243 445 331 479; x_wconf 78' lang='lat' dir='ltr'><em>lium,·</em></span> <span class='ocrx_word' id='word_1_55' title='bbox 354 447 401 484; x_wconf 81' lang='lat' dir='ltr'><em>qni</em></span> <span class='ocrx_word' id='word_1_56' title='bbox 422 446 528 483; x_wconf 80' lang='lat' dir='ltr'><em>quidem</em></span> <span class='ocrx_word' id='word_1_57' title='bbox 545 455 624 474; x_wconf 79' lang='lat' dir='ltr'><em>casus</em></span> <span class='ocrx_word' id='word_1_58' title='bbox 647 446 673 474; x_wconf 84' lang='lat' dir='ltr'><em>in</em></span> <span class='ocrx_word' id='word_1_59' title='bbox 699 446 798 474; x_wconf 73' lang='lat' dir='ltr'><em>nostris</em></span> <span class='ocrx_word' id='word_1_60' title='bbox 814 444 879 473; x_wconf 80' lang='lat' dir='ltr'><em>aliis</em></span> <span class='ocrx_word' id='word_1_61' title='bbox 898 445 989 482; x_wconf 82' lang='lat' dir='ltr'><em>infra-</em></span> 
     </span>
     <span class='ocr_line' id='line_1_15' title="bbox 242 491 1011 534; baseline -0.001 -13"><span class='ocrx_word' id='word_1_62' title='bbox 242 494 354 531; x_wconf 79' lang='lat' dir='ltr'><em>scriptis</em></span> <span class='ocrx_word' id='word_1_63' title='bbox 379 491 619 522; x_wconf 61' lang='lat' dir='ltr'><em>constitutionibus</em></span> <span class='ocrx_word' id='word_1_64' title='bbox 645 494 841 526; x_wconf 64' lang='lat' dir='ltr'><em>continentur:</em></span> <span class='ocrx_word' id='word_1_65' title='bbox 865 492 1011 534; x_wconf 44' lang='lat' dir='ltr'><em>alioquin,</em></span> 
     </span>
     <span class='ocr_line' id='line_1_16' title="bbox 240 536 1011 580; baseline 0 -10"><span class='ocrx_word' id='word_1_66' title='bbox 240 543 321 580; x_wconf 86' lang='lat' dir='ltr'><em>prior</em></span> <span class='ocrx_word' id='word_1_67' title='bbox 342 541 603 580; x_wconf 28' lang='lat' dir='ltr'><em>debite-puniatur.</em></span> <span class='ocrx_word' id='word_1_68' title='bbox 635 541 690 570; x_wconf 86' lang='lat' dir='ltr'><em>Hoc</em></span> <span class='ocrx_word' id='word_1_69' title='bbox 718 546 809 570; x_wconf 67' lang='lat' dir='ltr'><em>civitem.</em></span> <span class='ocrx_word' id='word_1_70' title='bbox 838 543 989 580; x_wconf 78' lang='lat' dir='ltr'><em>praecipue</em></span> <span class='ocrx_word' id='word_1_71' title='bbox 1009 536 1011 543; x_wconf 72' lang='lat'>&#39;</span> 
     </span>
     <span class='ocr_line' id='line_1_17' title="bbox 242 591 990 629; baseline 0 -11"><span class='ocrx_word' id='word_1_72' title='bbox 242 600 401 629; x_wconf 77' lang='lat' dir='ltr'><em>semperque</em></span> <span class='ocrx_word' id='word_1_73' title='bbox 423 593 451 619; x_wconf 84' lang='lat' dir='ltr'><em>in</em></span> <span class='ocrx_word' id='word_1_74' title='bbox 476 595 566 620; x_wconf 82' lang='lat' dir='ltr'><em>nostro</em></span> <span class='ocrx_word' id='word_1_75' title='bbox 590 592 693 621; x_wconf 76' lang='lat' dir='ltr'><em>Ordine</em></span> <span class='ocrx_word' id='word_1_76' title='bbox 723 591 894 622; x_wconf 72' lang='lat' dir='ltr'><em>observetur,</em></span> <span class='ocrx_word' id='word_1_77' title='bbox 920 591 990 629; x_wconf 80' lang='lat' dir='ltr'><em>quod</em></span> 
     </span>
     <span class='ocr_line' id='line_1_18' title="bbox 243 639 989 675; baseline 0 -8"><span class='ocrx_word' id='word_1_78' title='bbox 243 639 336 668; x_wconf 81' lang='lat' dir='ltr'><em>nultus</em></span> <span class='ocrx_word' id='word_1_79' title='bbox 358 640 505 668; x_wconf 80' lang='lat' dir='ltr'><em>consilium</em></span> <span class='ocrx_word' id='word_1_80' title='bbox 528 650 620 673; x_wconf 75' lang='lat' dir='ltr'><em>suum,</em></span> <span class='ocrx_word' id='word_1_81' title='bbox 645 640 791 675; x_wconf 81' lang='lat' dir='ltr'><em>iudicium,</em></span> <span class='ocrx_word' id='word_1_82' title='bbox 814 649 860 667; x_wconf 79' lang='lat' dir='ltr'><em>seu</em></span> <span class='ocrx_word' id='word_1_83' title='bbox 883 642 989 668; x_wconf 76' lang='lat' dir='ltr'><em>seuten-</em></span> 
     </span>
     <span class='ocr_line' id='line_1_19' title="bbox 242 688 989 728; baseline 0.001 -13"><span class='ocrx_word' id='word_1_84' title='bbox 242 689 320 724; x_wconf 82' lang='lat' dir='ltr'><em>tiam,</em></span> <span class='ocrx_word' id='word_1_85' title='bbox 344 692 391 716; x_wconf 78' lang='lat' dir='ltr'><em>aut</em></span> <span class='ocrx_word' id='word_1_86' title='bbox 412 688 537 722; x_wconf 83' lang='lat' dir='ltr'><em>alterius,</em></span> <span class='ocrx_word' id='word_1_87' title='bbox 559 689 742 728; x_wconf 72' lang='lat' dir='ltr'><em>pertinaciter</em></span> <span class='ocrx_word' id='word_1_88' title='bbox 763 693 922 727; x_wconf 81' lang='lat' dir='ltr'><em>praesumat</em></span> <span class='ocrx_word' id='word_1_89' title='bbox 944 688 989 716; x_wconf 75' lang='lat' dir='ltr'><em>(le-</em></span> 
     </span>
     <span class='ocr_line' id='line_1_20' title="bbox 241 736 989 773; baseline 0 -9"><span class='ocrx_word' id='word_1_90' title='bbox 241 736 371 773; x_wconf 82' lang='lat' dir='ltr'><em>fendere,</em></span> <span class='ocrx_word' id='word_1_91' title='bbox 401 746 434 765; x_wconf 79' lang='lat' dir='ltr'><em>ne</em></span> <span class='ocrx_word' id='word_1_92' title='bbox 457 737 486 765; x_wconf 85' lang='lat' dir='ltr'><em>in</em></span> <span class='ocrx_word' id='word_1_93' title='bbox 508 737 563 766; x_wconf 84' lang='lat' dir='ltr'><em>loco</em></span> <span class='ocrx_word' id='word_1_94' title='bbox 586 737 697 766; x_wconf 83' lang='lat' dir='ltr'><em>consilii</em></span> <span class='ocrx_word' id='word_1_95' title='bbox 718 737 872 766; x_wconf 73' lang='lat' dir='ltr'><em>discordiae.</em></span> <span class='ocrx_word' id='word_1_96' title='bbox 893 737 989 765; x_wconf 80' lang='lat' dir='ltr'><em>orion-</em></span> 
     </span>
     <span class='ocr_line' id='line_1_21' title="bbox 242 783 989 823; baseline 0.001 -11"><span class='ocrx_word' id='word_1_97' title='bbox 242 787 298 813; x_wconf 77' lang='lat' dir='ltr'><em>tur.</em></span> <span class='ocrx_word' id='word_1_98' title='bbox 327 783 454 814; x_wconf 75' lang='lat' dir='ltr'><em>Ceterum</em></span> <span class='ocrx_word' id='word_1_99' title='bbox 477 786 506 814; x_wconf 81' lang='lat' dir='ltr'><em>in</em></span> <span class='ocrx_word' id='word_1_100' title='bbox 528 786 608 814; x_wconf 81' lang='lat' dir='ltr'><em>rebus</em></span> <span class='ocrx_word' id='word_1_101' title='bbox 630 787 766 814; x_wconf 72' lang='lat' dir='ltr'><em>consuetis</em></span> <span class='ocrx_word' id='word_1_102' title='bbox 781 790 805 813; x_wconf 67' lang='lat' dir='ltr'><em>et</em></span> <span class='ocrx_word' id='word_1_103' title='bbox 823 785 927 814; x_wconf 76' lang='lat' dir='ltr'><em>levibus</em></span> <span class='ocrx_word' id='word_1_104' title='bbox 941 795 989 823; x_wconf 79' lang='lat' dir='ltr'><em>pe-</em></span> 
     </span>
     <span class='ocr_line' id='line_1_22' title="bbox 241 833 988 872; baseline 0.001 -12"><span class='ocrx_word' id='word_1_105' title='bbox 241 837 298 861; x_wconf 81' lang='lat' dir='ltr'><em>tere</em></span> <span class='ocrx_word' id='word_1_106' title='bbox 319 833 466 862; x_wconf 80' lang='lat' dir='ltr'><em>consitium</em></span> <span class='ocrx_word' id='word_1_107' title='bbox 488 834 519 862; x_wconf 78' lang='lat' dir='ltr'><em>ab</em></span> <span class='ocrx_word' id='word_1_108' title='bbox 543 834 700 863; x_wconf 79' lang='lat' dir='ltr'><em>huiusmodi</em></span> <span class='ocrx_word' id='word_1_109' title='bbox 721 834 859 872; x_wconf 78' lang='lat' dir='ltr'><em>deputatis</em></span> <span class='ocrx_word' id='word_1_110' title='bbox 882 833 988 862; x_wconf 81' lang='lat' dir='ltr'><em>nullam</em></span> 
     </span>
     <span class='ocr_line' id='line_1_23' title="bbox 239 882 988 921; baseline 0.001 -11"><span class='ocrx_word' id='word_1_111' title='bbox 239 883 333 919; x_wconf 76' lang='lat' dir='ltr'><em>priori</em></span> <span class='ocrx_word' id='word_1_112' title='bbox 349 884 533 911; x_wconf 67' lang='lat' dir='ltr'><em>necessitatem</em></span> <span class='ocrx_word' id='word_1_113' title='bbox 554 884 732 921; x_wconf 75' lang='lat' dir='ltr'><em>imponimus.</em></span> <span class='ocrx_word' id='word_1_114' title='bbox 750 882 789 912; x_wconf 59' lang='lat' dir='ltr'><em>Na</em></span> <span class='ocrx_word' id='word_1_115' title='bbox 803 887 894 911; x_wconf 80' lang='lat' dir='ltr'><em>aulem.</em></span> <span class='ocrx_word' id='word_1_116' title='bbox 907 883 988 920; x_wconf 82' lang='lat' dir='ltr'><em>prior</em></span> 
     </span>
     <span class='ocr_line' id='line_1_24' title="bbox 239 930 988 969; baseline 0.001 -11"><span class='ocrx_word' id='word_1_117' title='bbox 239 930 315 958; x_wconf 79' lang='lat' dir='ltr'><em>circa</em></span> <span class='ocrx_word' id='word_1_118' title='bbox 338 930 503 968; x_wconf 78' lang='lat' dir='ltr'><em>temporalia</em></span> <span class='ocrx_word' id='word_1_119' title='bbox 524 935 715 969; x_wconf 65' lang='lat' dir='ltr'><em>pergravetur,</em></span> <span class='ocrx_word' id='word_1_120' title='bbox 734 931 778 959; x_wconf 76' lang='lat' dir='ltr'><em>sed</em></span> <span class='ocrx_word' id='word_1_121' title='bbox 793 930 988 966; x_wconf 71' lang='lat' dir='ltr'><em>spiritualibus</em></span> 
     </span>
     <span class='ocr_line' id='line_1_25' title="bbox 239 979 987 1018; baseline 0.003 -13"><span class='ocrx_word' id='word_1_122' title='bbox 239 979 413 1017; x_wconf 77' lang='lat' dir='ltr'><em>frequentius</em></span> <span class='ocrx_word' id='word_1_123' title='bbox 436 979 611 1017; x_wconf 67' lang='lat' dir='ltr'><em>devotiusque</em></span> <span class='ocrx_word' id='word_1_124' title='bbox 633 979 765 1013; x_wconf 82' lang='lat' dir='ltr'><em>intemtat,</em></span> <span class='ocrx_word' id='word_1_125' title='bbox 784 979 875 1018; x_wconf 69' lang='lat' dir='ltr'><em>officia</em></span> <span class='ocrx_word' id='word_1_126' title='bbox 893 980 987 1008; x_wconf 73' lang='lat' dir='ltr'><em>dornus</em></span> 
     </span>
     <span class='ocr_line' id='line_1_26' title="bbox 240 1027 986 1066; baseline 0.001 -11"><span class='ocrx_word' id='word_1_127' title='bbox 240 1028 406 1056; x_wconf 70' lang='lat' dir='ltr'><em>commendet</em></span> <span class='ocrx_word' id='word_1_128' title='bbox 428 1027 529 1057; x_wconf 78' lang='lat' dir='ltr'><em>talibus</em></span> <span class='ocrx_word' id='word_1_129' title='bbox 556 1028 697 1066; x_wconf 75' lang='lat' dir='ltr'><em>personis,</em></span> <span class='ocrx_word' id='word_1_130' title='bbox 723 1037 792 1066; x_wconf 71' lang='lat' dir='ltr'><em>quae</em></span> <span class='ocrx_word' id='word_1_131' title='bbox 821 1027 940 1066; x_wconf 75' lang='lat' dir='ltr'><em>fideliter</em></span> <span class='ocrx_word' id='word_1_132' title='bbox 962 1033 986 1056; x_wconf 76' lang='lat' dir='ltr'><em>et</em></span> 
     </span>
     <span class='ocr_line' id='line_1_27' title="bbox 240 1074 970 1112; baseline 0.004 -10"><span class='ocrx_word' id='word_1_133' title='bbox 240 1074 347 1104; x_wconf 81' lang='lat' dir='ltr'><em>utiliter</em></span> <span class='ocrx_word' id='word_1_134' title='bbox 369 1076 457 1104; x_wconf 70' lang='lat' dir='ltr'><em>debila</em></span> <span class='ocrx_word' id='word_1_135' title='bbox 481 1085 541 1104; x_wconf 71' lang='lat' dir='ltr'><em>runi</em></span> <span class='ocrx_word' id='word_1_136' title='bbox 565 1076 707 1112; x_wconf 60' lang='lat' dir='ltr'><em>diligentia</em></span> <span class='ocrx_word' id='word_1_137' title='bbox 731 1075 780 1105; x_wconf 80' lang='lat' dir='ltr'><em>illa</em></span> <span class='ocrx_word' id='word_1_138' title='bbox 804 1077 970 1105; x_wconf 74' lang='lat' dir='ltr'><em>ministrent.</em></span> 
     </span>
    </p>
   </div>
   <div class='ocr_carea' id='block_1_7' title="bbox 481 1159 744 1181">
    <p class='ocr_par' dir='ltr' id='par_1_8' title="bbox 481 1159 744 1181">
     <span class='ocr_line' id='line_1_28' title="bbox 481 1159 744 1181; baseline 0 -2"><span class='ocrx_word' id='word_1_139' title='bbox 481 1159 732 1181; x_wconf 63' lang='lat' dir='ltr'>EXTRAVAGANTES</span> <span class='ocrx_word' id='word_1_140' title='bbox 739 1175 744 1179; x_wconf 93' lang='lat'><em>.</em></span> 
     </span>
    </p>
   </div>
   <div class='ocr_carea' id='block_1_8' title="bbox 239 1221 1008 2380">
    <p class='ocr_par' dir='ltr' id='par_1_9' title="bbox 239 1221 1008 1884">
     <span class='ocr_line' id='line_1_29' title="bbox 280 1221 985 1260; baseline 0.003 -10"><span class='ocrx_word' id='word_1_141' title='bbox 280 1231 298 1251; x_wconf 83' lang='grc' dir='ltr'><em>ι.</em></span> <span class='ocrx_word' id='word_1_142' title='bbox 328 1221 559 1260; x_wconf 85' lang='lat' dir='ltr'><em>Disponeutibns</em></span> <span class='ocrx_word' id='word_1_143' title='bbox 588 1223 696 1251; x_wconf 86' lang='lat' dir='ltr'><em>nostris</em></span> <span class='ocrx_word' id='word_1_144' title='bbox 725 1222 985 1252; x_wconf 74' lang='lat' dir='ltr'><em>constitutionibus</em></span> 
     </span>
     <span class='ocr_line' id='line_1_30' title="bbox 239 1270 986 1310; baseline 0.001 -11"><span class='ocrx_word' id='word_1_145' title='bbox 239 1270 316 1310; x_wconf 81' lang='lat' dir='ltr'><em>quod</em></span> <span class='ocrx_word' id='word_1_146' title='bbox 340 1279 391 1309; x_wconf 90' lang='lat' dir='ltr'><em>pro</em></span> <span class='ocrx_word' id='word_1_147' title='bbox 414 1270 564 1300; x_wconf 75' lang='lat' dir='ltr'><em>validitate</em></span> <span class='ocrx_word' id='word_1_148' title='bbox 595 1270 720 1300; x_wconf 80' lang='lat' dir='ltr'><em>alicuius</em></span> <span class='ocrx_word' id='word_1_149' title='bbox 751 1276 832 1301; x_wconf 84' lang='lat' dir='ltr'><em>actus</em></span> <span class='ocrx_word' id='word_1_150' title='bbox 861 1271 986 1301; x_wconf 84' lang='lat' dir='ltr'><em>debeant</em></span> 
     </span>
     <span class='ocr_line' id='line_1_31' title="bbox 240 1319 986 1359; baseline 0.003 -11"><span class='ocrx_word' id='word_1_151' title='bbox 240 1319 328 1348; x_wconf 88' lang='lat' dir='ltr'><em>simul</em></span> <span class='ocrx_word' id='word_1_152' title='bbox 351 1320 527 1348; x_wconf 86' lang='lat' dir='ltr'><em>concurrere</em></span> <span class='ocrx_word' id='word_1_153' title='bbox 551 1323 616 1348; x_wconf 81' lang='lat' dir='ltr'><em>vota</em></span> <span class='ocrx_word' id='word_1_154' title='bbox 639 1320 760 1348; x_wconf 87' lang='lat' dir='ltr'><em>maioris</em></span> <span class='ocrx_word' id='word_1_155' title='bbox 794 1321 885 1359; x_wconf 83' lang='lat' dir='ltr'><em>partis</em></span> <span class='ocrx_word' id='word_1_156' title='bbox 918 1330 986 1350; x_wconf 82' lang='lat' dir='ltr'><em>con-</em></span> 
     </span>
     <span class='ocr_line' id='line_1_32' title="bbox 241 1370 1008 1408; baseline 0.004 -11"><span class='ocrx_word' id='word_1_157' title='bbox 241 1372 345 1398; x_wconf 86' lang='lat' dir='ltr'><em>ventus</em></span> <span class='ocrx_word' id='word_1_158' title='bbox 367 1372 396 1398; x_wconf 89' lang='lat' dir='ltr'><em>et</em></span> <span class='ocrx_word' id='word_1_159' title='bbox 417 1377 579 1398; x_wconf 73' lang='lat' dir='ltr'><em>consensus</em></span> <span class='ocrx_word' id='word_1_160' title='bbox 603 1370 720 1408; x_wconf 84' lang='lat' dir='ltr'><em>prioris,</em></span> <span class='ocrx_word' id='word_1_161' title='bbox 746 1370 772 1399; x_wconf 91' lang='lat' dir='ltr'><em>in</em></span> <span class='ocrx_word' id='word_1_162' title='bbox 791 1370 836 1399; x_wconf 79' lang='lat' dir='ltr'><em>liis</em></span> <span class='ocrx_word' id='word_1_163' title='bbox 854 1371 983 1404; x_wconf 78' lang='lat' dir='ltr'><em>casibus,</em></span> <span class='ocrx_word' id='word_1_164' title='bbox 1006 1390 1008 1405; x_wconf 85' lang='grc'>,</span> 
     </span>
     <span class='ocr_line' id='line_1_33' title="bbox 243 1417 984 1456; baseline 0.003 -10"><span class='ocrx_word' id='word_1_165' title='bbox 243 1417 311 1456; x_wconf 86' lang='lat' dir='ltr'><em>quia</em></span> <span class='ocrx_word' id='word_1_166' title='bbox 334 1422 401 1446; x_wconf 89' lang='lat' dir='ltr'><em>sunt</em></span> <span class='ocrx_word' id='word_1_167' title='bbox 424 1417 481 1446; x_wconf 88' lang='lat' dir='ltr'><em>duo</em></span> <span class='ocrx_word' id='word_1_168' title='bbox 501 1426 660 1447; x_wconf 82' lang='lat' dir='ltr'><em>consensus</em></span> <span class='ocrx_word' id='word_1_169' title='bbox 676 1422 704 1447; x_wconf 84' lang='lat' dir='ltr'><em>et</em></span> <span class='ocrx_word' id='word_1_170' title='bbox 720 1418 815 1456; x_wconf 79' lang='lat' dir='ltr'><em>capita</em></span> <span class='ocrx_word' id='word_1_171' title='bbox 832 1418 984 1456; x_wconf 75' lang='lat' dir='ltr'><em>(listincta,</em></span> 
     </span>
     <span class='ocr_line' id='line_1_34' title="bbox 240 1465 986 1505; baseline 0.003 -11"><span class='ocrx_word' id='word_1_172' title='bbox 240 1465 357 1494; x_wconf 86' lang='lat' dir='ltr'><em>etiamsi</em></span> <span class='ocrx_word' id='word_1_173' title='bbox 380 1469 458 1494; x_wconf 74' lang='lat' dir='ltr'><em>tatus</em></span> <span class='ocrx_word' id='word_1_174' title='bbox 481 1471 653 1500; x_wconf 79' lang='lat' dir='ltr'><em>conventus,</em></span> <span class='ocrx_word' id='word_1_175' title='bbox 679 1470 728 1495; x_wconf 62' lang='lat' dir='ltr'><em>ant.</em></span> <span class='ocrx_word' id='word_1_176' title='bbox 751 1466 843 1495; x_wconf 77' lang='lat' dir='ltr'><em>maior</em></span> <span class='ocrx_word' id='word_1_177' title='bbox 863 1476 928 1505; x_wconf 64' lang='lat' dir='ltr'><em>pars</em></span> <span class='ocrx_word' id='word_1_178' title='bbox 952 1467 986 1496; x_wconf 88' lang='lat' dir='ltr'><em>il-</em></span> 
     </span>
     <span class='ocr_line' id='line_1_35' title="bbox 241 1513 986 1553; baseline 0.003 -10"><span class='ocrx_word' id='word_1_179' title='bbox 241 1513 310 1551; x_wconf 83' lang='lat' dir='ltr'><em>liuS,</em></span> <span class='ocrx_word' id='word_1_180' title='bbox 328 1518 424 1543; x_wconf 86' lang='lat' dir='ltr'><em>actum</em></span> <span class='ocrx_word' id='word_1_181' title='bbox 442 1514 522 1549; x_wconf 77' lang='lat' dir='ltr'><em>velit,</em></span> <span class='ocrx_word' id='word_1_182' title='bbox 547 1514 603 1543; x_wconf 89' lang='lat' dir='ltr'><em>nisi</em></span> <span class='ocrx_word' id='word_1_183' title='bbox 629 1515 708 1553; x_wconf 88' lang='lat' dir='ltr'><em>prior</em></span> <span class='ocrx_word' id='word_1_184' title='bbox 731 1516 896 1544; x_wconf 68' lang='lat' dir='ltr'><em>consentiat</em></span> <span class='ocrx_word' id='word_1_185' title='bbox 918 1525 986 1545; x_wconf 82' lang='lat' dir='ltr'><em>con-</em></span> 
     </span>
     <span class='ocr_line' id='line_1_36' title="bbox 242 1563 984 1600; baseline 0.004 -9"><span class='ocrx_word' id='word_1_186' title='bbox 242 1566 400 1600; x_wconf 83' lang='lat' dir='ltr'><em>curratque</em></span> <span class='ocrx_word' id='word_1_187' title='bbox 423 1571 489 1592; x_wconf 88' lang='lat' dir='ltr'><em>eum</em></span> <span class='ocrx_word' id='word_1_188' title='bbox 514 1563 584 1599; x_wconf 85' lang='lat' dir='ltr'><em>illis,</em></span> <span class='ocrx_word' id='word_1_189' title='bbox 608 1563 674 1592; x_wconf 73' lang='lat' dir='ltr'><em>talis</em></span> <span class='ocrx_word' id='word_1_190' title='bbox 697 1568 780 1593; x_wconf 81' lang='lat' dir='ltr'><em>actus</em></span> <span class='ocrx_word' id='word_1_191' title='bbox 809 1568 852 1593; x_wconf 76' lang='lat' dir='ltr'><em>est</em></span> <span class='ocrx_word' id='word_1_192' title='bbox 880 1565 984 1594; x_wconf 86' lang='lat' dir='ltr'><em>invali-</em></span> 
     </span>
     <span class='ocr_line' id='line_1_37' title="bbox 241 1611 985 1650; baseline 0.003 -10"><span class='ocrx_word' id='word_1_193' title='bbox 241 1611 318 1647; x_wconf 89' lang='lat' dir='ltr'><em>dus;</em></span> <span class='ocrx_word' id='word_1_194' title='bbox 352 1612 391 1640; x_wconf 86' lang='lat' dir='ltr'><em>ita</em></span> <span class='ocrx_word' id='word_1_195' title='bbox 415 1620 430 1640; x_wconf 85' lang='lat' dir='ltr'><em>e</em></span> <span class='ocrx_word' id='word_1_196' title='bbox 452 1620 616 1647; x_wconf 85' lang='lat' dir='ltr'><em>converso,</em></span> <span class='ocrx_word' id='word_1_197' title='bbox 651 1612 674 1640; x_wconf 87' lang='lat' dir='ltr'><em>si</em></span> <span class='ocrx_word' id='word_1_198' title='bbox 709 1612 791 1650; x_wconf 88' lang='lat' dir='ltr'><em>prior</em></span> <span class='ocrx_word' id='word_1_199' title='bbox 815 1613 904 1649; x_wconf 80' lang='lat' dir='ltr'><em>velit,</em></span> <span class='ocrx_word' id='word_1_200' title='bbox 929 1614 985 1643; x_wconf 85' lang='lat' dir='ltr'><em>nisi</em></span> 
     </span>
     <span class='ocr_line' id='line_1_38' title="bbox 241 1660 986 1701; baseline 0.003 -12"><span class='ocrx_word' id='word_1_201' title='bbox 241 1660 328 1689; x_wconf 88' lang='lat' dir='ltr'><em>simul</em></span> <span class='ocrx_word' id='word_1_202' title='bbox 359 1660 523 1689; x_wconf 79' lang='lat' dir='ltr'><em>consentiat</em></span> <span class='ocrx_word' id='word_1_203' title='bbox 551 1665 579 1689; x_wconf 85' lang='lat' dir='ltr'><em>et</em></span> <span class='ocrx_word' id='word_1_204' title='bbox 604 1665 762 1690; x_wconf 73' lang='lat' dir='ltr'><em>concurrat</em></span> <span class='ocrx_word' id='word_1_205' title='bbox 795 1662 886 1690; x_wconf 88' lang='lat' dir='ltr'><em>maior</em></span> <span class='ocrx_word' id='word_1_206' title='bbox 920 1672 986 1701; x_wconf 84' lang='lat' dir='ltr'><em>pars</em></span> 
     </span>
     <span class='ocr_line' id='line_1_39' title="bbox 241 1708 985 1747; baseline 0.004 -11"><span class='ocrx_word' id='word_1_207' title='bbox 241 1712 414 1742; x_wconf 59' lang='lat' dir='ltr'><em>conventus</em></span> <span class='ocrx_word' id='word_1_208' title='bbox 439 1708 477 1737; x_wconf 90' lang='lat' dir='ltr'><em>sit</em></span> <span class='ocrx_word' id='word_1_209' title='bbox 498 1708 609 1747; x_wconf 86' lang='lat' dir='ltr'><em>pariter</em></span> <span class='ocrx_word' id='word_1_210' title='bbox 634 1712 716 1738; x_wconf 85' lang='lat' dir='ltr'><em>actus</em></span> <span class='ocrx_word' id='word_1_211' title='bbox 742 1709 909 1743; x_wconf 86' lang='lat' dir='ltr'><em>invalidus;</em></span> <span class='ocrx_word' id='word_1_212' title='bbox 939 1720 985 1739; x_wconf 83' lang='lat' dir='ltr'><em>ve-</em></span> 
     </span>
     <span class='ocr_line' id='line_1_40' title="bbox 240 1755 984 1796; baseline 0.003 -11"><span class='ocrx_word' id='word_1_213' title='bbox 240 1755 296 1785; x_wconf 91' lang='lat' dir='ltr'><em>luti</em></span> <span class='ocrx_word' id='word_1_214' title='bbox 318 1755 348 1785; x_wconf 91' lang='lat' dir='ltr'><em>in</em></span> <span class='ocrx_word' id='word_1_215' title='bbox 382 1756 579 1786; x_wconf 77' lang='lat' dir='ltr'><em>electionibus</em></span> <span class='ocrx_word' id='word_1_216' title='bbox 609 1757 733 1794; x_wconf 86' lang='lat' dir='ltr'><em>vicarii,</em></span> <span class='ocrx_word' id='word_1_217' title='bbox 764 1758 984 1796; x_wconf 73' lang='lat' dir='ltr'><em>procuratoris,</em></span> 
     </span>
     <span class='ocr_line' id='line_1_41' title="bbox 240 1804 984 1844; baseline 0.004 -11"><span class='ocrx_word' id='word_1_218' title='bbox 240 1804 271 1834; x_wconf 94' lang='lat' dir='ltr'><em>in</em></span> <span class='ocrx_word' id='word_1_219' title='bbox 298 1805 466 1843; x_wconf 81' lang='lat' dir='ltr'><em>receptione</em></span> <span class='ocrx_word' id='word_1_220' title='bbox 488 1809 516 1834; x_wconf 89' lang='lat' dir='ltr'><em>et</em></span> <span class='ocrx_word' id='word_1_221' title='bbox 544 1805 727 1844; x_wconf 79' lang='lat' dir='ltr'><em>professione</em></span> <span class='ocrx_word' id='word_1_222' title='bbox 751 1806 960 1836; x_wconf 85' lang='lat' dir='ltr'><em>monachorum</em></span> <span class='ocrx_word' id='word_1_223' title='bbox 977 1832 984 1843; x_wconf 86' lang='lat'><em>,</em></span> 
     </span>
     <span class='ocr_line' id='line_1_42' title="bbox 240 1853 888 1884; baseline 0.003 -2"><span class='ocrx_word' id='word_1_224' title='bbox 240 1857 268 1882; x_wconf 90' lang='lat' dir='ltr'><em>et</em></span> <span class='ocrx_word' id='word_1_225' title='bbox 287 1853 317 1882; x_wconf 92' lang='lat' dir='ltr'><em>in</em></span> <span class='ocrx_word' id='word_1_226' title='bbox 341 1853 571 1883; x_wconf 79' lang='lat' dir='ltr'><em>alienationibus</em></span> <span class='ocrx_word' id='word_1_227' title='bbox 593 1859 622 1884; x_wconf 84' lang='lat' dir='ltr'><em>et</em></span> <span class='ocrx_word' id='word_1_228' title='bbox 645 1854 711 1884; x_wconf 86' lang='lat' dir='ltr'><em>aliis</em></span> <span class='ocrx_word' id='word_1_229' title='bbox 732 1854 888 1884; x_wconf 79' lang='lat' dir='ltr'><em>similibus.</em></span> 
     </span>
    </p>

    <p class='ocr_par' dir='ltr' id='par_1_10' title="bbox 239 1902 987 2380">
     <span class='ocr_line' id='line_1_43' title="bbox 280 1902 985 1941; baseline 0.006 -11"><span class='ocrx_word' id='word_1_230' title='bbox 280 1911 310 1931; x_wconf 88' lang='lat' dir='ltr'><em>u.</em></span> <span class='ocrx_word' id='word_1_231' title='bbox 334 1902 455 1937; x_wconf 77' lang='lat' dir='ltr'><em>Quando</em></span> <span class='ocrx_word' id='word_1_232' title='bbox 488 1903 600 1941; x_wconf 88' lang='lat' dir='ltr'><em>aliquid</em></span> <span class='ocrx_word' id='word_1_233' title='bbox 633 1903 794 1932; x_wconf 88' lang='lat' dir='ltr'><em>monachus</em></span> <span class='ocrx_word' id='word_1_234' title='bbox 826 1904 933 1934; x_wconf 75' lang='lat' dir='ltr'><em>dixerit</em></span> <span class='ocrx_word' id='word_1_235' title='bbox 957 1905 985 1934; x_wconf 89' lang='lat' dir='ltr'><em>in</em></span> 
     </span>
     <span class='ocr_line' id='line_1_44' title="bbox 242 1950 986 1991; baseline 0.005 -13"><span class='ocrx_word' id='word_1_236' title='bbox 242 1950 371 1988; x_wconf 87' lang='lat' dir='ltr'><em>capitulo</em></span> <span class='ocrx_word' id='word_1_237' title='bbox 393 1960 445 1979; x_wconf 89' lang='lat' dir='ltr'><em>suo</em></span> <span class='ocrx_word' id='word_1_238' title='bbox 469 1951 599 1989; x_wconf 86' lang='lat' dir='ltr'><em>praelato</em></span> <span class='ocrx_word' id='word_1_239' title='bbox 626 1962 639 1979; x_wconf 78' lang='lat'>«</span> <span class='ocrx_word' id='word_1_240' title='bbox 655 1951 804 1986; x_wconf 81' lang='lat' dir='ltr'><em>Quomodo</em></span> <span class='ocrx_word' id='word_1_241' title='bbox 822 1952 902 1982; x_wconf 74' lang='lat' dir='ltr'><em>vobis</em></span> <span class='ocrx_word' id='word_1_242' title='bbox 925 1953 986 1991; x_wconf 85' lang='lat' dir='ltr'><em>pla-</em></span> 
     </span>
     <span class='ocr_line' id='line_1_45' title="bbox 240 1999 985 2037; baseline 0.004 -9"><span class='ocrx_word' id='word_1_243' title='bbox 240 1999 347 2033; x_wconf 79' lang='lat' dir='ltr'><em>cuerit,</em></span> <span class='ocrx_word' id='word_1_244' title='bbox 383 2003 538 2037; x_wconf 79' lang='lat' dir='ltr'><em>vestraque</em></span> <span class='ocrx_word' id='word_1_245' title='bbox 569 2000 626 2028; x_wconf 84' lang='lat' dir='ltr'><em>erit</em></span> <span class='ocrx_word' id='word_1_246' title='bbox 659 2001 794 2029; x_wconf 83' lang='lat' dir='ltr'><em>voluntas</em></span> <span class='ocrx_word' id='word_1_247' title='bbox 824 2012 837 2029; x_wconf 78' lang='lat'>»</span> <span class='ocrx_word' id='word_1_248' title='bbox 869 2002 985 2031; x_wconf 83' lang='lat' dir='ltr'><em>aliudve</em></span> 
     </span>
     <span class='ocr_line' id='line_1_46' title="bbox 240 2047 987 2085; baseline 0.005 -10"><span class='ocrx_word' id='word_1_249' title='bbox 240 2047 441 2085; x_wconf 80' lang='lat' dir='ltr'><em>aequivalens,</em></span> <span class='ocrx_word' id='word_1_250' title='bbox 464 2056 550 2076; x_wconf 89' lang='lat' dir='ltr'><em>suum</em></span> <span class='ocrx_word' id='word_1_251' title='bbox 574 2052 672 2077; x_wconf 91' lang='lat' dir='ltr'><em>votum</em></span> <span class='ocrx_word' id='word_1_252' title='bbox 696 2050 879 2079; x_wconf 82' lang='lat' dir='ltr'><em>conformare</em></span> <span class='ocrx_word' id='word_1_253' title='bbox 902 2050 987 2080; x_wconf 87' lang='lat' dir='ltr'><em>intel-</em></span> 
     </span>
     <span class='ocr_line' id='line_1_47' title="bbox 240 2096 984 2137; baseline 0.007 -13"><span class='ocrx_word' id='word_1_254' title='bbox 240 2096 348 2134; x_wconf 76' lang='lat' dir='ltr'><em>ligatur</em></span> <span class='ocrx_word' id='word_1_255' title='bbox 371 2100 398 2125; x_wconf 88' lang='lat' dir='ltr'><em>et</em></span> <span class='ocrx_word' id='word_1_256' title='bbox 421 2096 570 2126; x_wconf 87' lang='lat' dir='ltr'><em>iudicetur</em></span> <span class='ocrx_word' id='word_1_257' title='bbox 592 2098 655 2127; x_wconf 87' lang='lat' dir='ltr'><em>sine</em></span> <span class='ocrx_word' id='word_1_258' title='bbox 678 2098 777 2137; x_wconf 86' lang='lat' dir='ltr'><em>aliquo</em></span> <span class='ocrx_word' id='word_1_259' title='bbox 800 2099 889 2128; x_wconf 90' lang='lat' dir='ltr'><em>dubio</em></span> <span class='ocrx_word' id='word_1_260' title='bbox 918 2109 984 2129; x_wconf 88' lang='lat' dir='ltr'><em>cum</em></span> 
     </span>
     <span class='ocr_line' id='line_1_48' title="bbox 241 2145 984 2187; baseline 0.007 -14"><span class='ocrx_word' id='word_1_261' title='bbox 241 2149 305 2174; x_wconf 79' lang='lat' dir='ltr'><em>voto</em></span> <span class='ocrx_word' id='word_1_262' title='bbox 330 2145 458 2183; x_wconf 86' lang='lat' dir='ltr'><em>prioris·,</em></span> <span class='ocrx_word' id='word_1_263' title='bbox 482 2145 531 2174; x_wconf 85' lang='lat' dir='ltr'><em>ille</em></span> <span class='ocrx_word' id='word_1_264' title='bbox 554 2150 651 2175; x_wconf 88' lang='lat' dir='ltr'><em>autem</em></span> <span class='ocrx_word' id='word_1_265' title='bbox 668 2147 719 2185; x_wconf 90' lang='lat' dir='ltr'><em>qui</em></span> <span class='ocrx_word' id='word_1_266' title='bbox 734 2151 833 2186; x_wconf 77' lang='lat' dir='ltr'><em>postea</em></span> <span class='ocrx_word' id='word_1_267' title='bbox 857 2158 984 2187; x_wconf 84' lang='lat' dir='ltr'><em>conque-</em></span> 
     </span>
     <span class='ocr_line' id='line_1_49' title="bbox 239 2193 984 2231; baseline 0.009 -10"><span class='ocrx_word' id='word_1_268' title='bbox 239 2197 316 2222; x_wconf 88' lang='lat' dir='ltr'><em>stum</em></span> <span class='ocrx_word' id='word_1_269' title='bbox 334 2193 421 2222; x_wconf 88' lang='lat' dir='ltr'><em>fuerit</em></span> <span class='ocrx_word' id='word_1_270' title='bbox 438 2197 487 2223; x_wconf 87' lang='lat' dir='ltr'><em>aut</em></span> <span class='ocrx_word' id='word_1_271' title='bbox 503 2195 744 2231; x_wconf 75' lang='lat' dir='ltr'><em>murmuraverit,</em></span> <span class='ocrx_word' id='word_1_272' title='bbox 769 2196 892 2227; x_wconf 87' lang='lat' dir='ltr'><em>arbitrio</em></span> <span class='ocrx_word' id='word_1_273' title='bbox 914 2198 984 2228; x_wconf 88' lang='lat' dir='ltr'><em>dicti</em></span> 
     </span>
     <span class='ocr_line' id='line_1_50' title="bbox 241 2241 984 2284; baseline 0.008 -15"><span class='ocrx_word' id='word_1_274' title='bbox 241 2241 348 2280; x_wconf 86' lang='lat' dir='ltr'><em>prioris</em></span> <span class='ocrx_word' id='word_1_275' title='bbox 371 2251 442 2271; x_wconf 86' lang='lat' dir='ltr'><em>voce</em></span> <span class='ocrx_word' id='word_1_276' title='bbox 463 2242 621 2281; x_wconf 79' lang='lat' dir='ltr'><em>capitulari</em></span> <span class='ocrx_word' id='word_1_277' title='bbox 644 2243 798 2282; x_wconf 81' lang='lat' dir='ltr'><em>privetur;</em></span> <span class='ocrx_word' id='word_1_278' title='bbox 823 2248 851 2273; x_wconf 88' lang='lat' dir='ltr'><em>et</em></span> <span class='ocrx_word' id='word_1_279' title='bbox 874 2246 984 2284; x_wconf 87' lang='lat' dir='ltr'><em>pariter</em></span> 
     </span>
     <span class='ocr_line' id='line_1_51' title="bbox 239 2286 985 2332; baseline 0.008 -14"><span class='ocrx_word' id='word_1_280' title='bbox 239 2286 370 2328; x_wconf 81' lang='lat' dir='ltr'><em>privetur</em></span> <span class='ocrx_word' id='word_1_281' title='bbox 387 2299 455 2319; x_wconf 89' lang='lat' dir='ltr'><em>voce</em></span> <span class='ocrx_word' id='word_1_282' title='bbox 472 2291 627 2329; x_wconf 84' lang='lat' dir='ltr'><em>capitulari</em></span> <span class='ocrx_word' id='word_1_283' title='bbox 650 2301 665 2321; x_wconf 87' lang='lat' dir='ltr'><em>a</em></span> <span class='ocrx_word' id='word_1_284' title='bbox 689 2302 741 2322; x_wconf 89' lang='lat' dir='ltr'><em>suo</em></span> <span class='ocrx_word' id='word_1_285' title='bbox 764 2294 861 2332; x_wconf 91' lang='lat' dir='ltr'><em>priore</em></span> <span class='ocrx_word' id='word_1_286' title='bbox 885 2303 985 2324; x_wconf 88' lang='lat' dir='ltr'><em>mona-</em></span> 
     </span>
     <span class='ocr_line' id='line_1_52' title="bbox 239 2338 985 2380; baseline 0.009 -14"><span class='ocrx_word' id='word_1_287' title='bbox 239 2338 323 2374; x_wconf 89' lang='lat' dir='ltr'><em>chus,</em></span> <span class='ocrx_word' id='word_1_288' title='bbox 347 2338 398 2377; x_wconf 91' lang='lat' dir='ltr'><em>qui</em></span> <span class='ocrx_word' id='word_1_289' title='bbox 421 2339 594 2369; x_wconf 84' lang='lat' dir='ltr'><em>revelaverit</em></span> <span class='ocrx_word' id='word_1_290' title='bbox 613 2350 688 2379; x_wconf 86' lang='lat' dir='ltr'><em>quae</em></span> <span class='ocrx_word' id='word_1_291' title='bbox 705 2342 908 2380; x_wconf 85' lang='lat' dir='ltr'><em>capitulariter</em></span> <span class='ocrx_word' id='word_1_292' title='bbox 927 2348 985 2373; x_wconf 86' lang='lat' dir='ltr'><em>tra-</em></span> 
     </span>
    </p>
   </div>
   <div class='ocr_carea' id='block_1_9' title="bbox 1005 262 1013 2407">
    <p class='ocr_par' dir='ltr' id='par_1_11' title="bbox 1005 262 1013 2407">
     <span class='ocr_line' id='line_1_53' title="bbox 1005 262 1013 2407; baseline 0 0"><span class='ocrx_word' id='word_1_293' title='bbox 1005 262 1013 2407; x_wconf 95' lang='lat' dir='ltr'><em> </em></span> 
     </span>
    </p>
   </div>
   <div class='ocr_carea' id='block_1_10' title="bbox 238 2387 984 2575">
    <p class='ocr_par' dir='ltr' id='par_1_12' title="bbox 238 2387 984 2513">
     <span class='ocr_line' id='line_1_54' title="bbox 239 2387 984 2424; baseline 0.009 -10"><span class='ocrx_word' id='word_1_294' title='bbox 239 2389 358 2415; x_wconf 84' lang='lat' dir='ltr'><em>ctantur</em></span> <span class='ocrx_word' id='word_1_295' title='bbox 380 2391 409 2416; x_wconf 86' lang='lat' dir='ltr'><em>et</em></span> <span class='ocrx_word' id='word_1_296' title='bbox 431 2391 558 2424; x_wconf 84' lang='lat' dir='ltr'><em>aguntur</em></span> <span class='ocrx_word' id='word_1_297' title='bbox 580 2387 658 2417; x_wconf 88' lang='lat' dir='ltr'><em>inter</em></span> <span class='ocrx_word' id='word_1_298' title='bbox 680 2390 839 2419; x_wconf 89' lang='lat' dir='ltr'><em>monachos</em></span> <span class='ocrx_word' id='word_1_299' title='bbox 869 2392 984 2421; x_wconf 83' lang='lat' dir='ltr'><em>vocales</em></span> 
     </span>
     <span class='ocr_line' id='line_1_55' title="bbox 238 2434 984 2474; baseline 0.009 -11"><span class='ocrx_word' id='word_1_300' title='bbox 238 2434 351 2464; x_wconf 89' lang='lat' dir='ltr'><em>ordinis</em></span> <span class='ocrx_word' id='word_1_301' title='bbox 372 2435 466 2473; x_wconf 87' lang='lat' dir='ltr'><em>sacri,</em></span> <span class='ocrx_word' id='word_1_302' title='bbox 496 2435 520 2464; x_wconf 82' lang='lat' dir='ltr'><em>si</em></span> <span class='ocrx_word' id='word_1_303' title='bbox 544 2436 624 2474; x_wconf 91' lang='lat' dir='ltr'><em>prior</em></span> <span class='ocrx_word' id='word_1_304' title='bbox 656 2446 705 2466; x_wconf 88' lang='lat' dir='ltr'><em>eos</em></span> <span class='ocrx_word' id='word_1_305' title='bbox 728 2437 864 2468; x_wconf 81' lang='lat' dir='ltr'><em>hortatus</em></span> <span class='ocrx_word' id='word_1_306' title='bbox 896 2439 984 2470; x_wconf 88' lang='lat' dir='ltr'><em>fuerit</em></span> 
     </span>
     <span class='ocr_line' id='line_1_56' title="bbox 238 2487 592 2513; baseline 0.003 -1"><span class='ocrx_word' id='word_1_307' title='bbox 238 2487 271 2513; x_wconf 91' lang='lat' dir='ltr'><em>ut</em></span> <span class='ocrx_word' id='word_1_308' title='bbox 293 2487 439 2512; x_wconf 81' lang='lat' dir='ltr'><em>secretum</em></span> <span class='ocrx_word' id='word_1_309' title='bbox 462 2488 592 2513; x_wconf 86' lang='lat' dir='ltr'><em>servent.</em></span> 
     </span>
    </p>

    <p class='ocr_par' dir='ltr' id='par_1_13' title="bbox 278 2531 983 2575">
     <span class='ocr_line' id='line_1_57' title="bbox 278 2531 983 2575; baseline 0.009 -15"><span class='ocrx_word' id='word_1_310' title='bbox 278 2540 319 2560; x_wconf 85' lang='lat' dir='ltr'><em>iu.</em></span> <span class='ocrx_word' id='word_1_311' title='bbox 344 2531 477 2561; x_wconf 87' lang='lat' dir='ltr'><em>Vicarius</em></span> <span class='ocrx_word' id='word_1_312' title='bbox 506 2532 545 2561; x_wconf 89' lang='lat' dir='ltr'><em>sit</em></span> <span class='ocrx_word' id='word_1_313' title='bbox 574 2542 650 2562; x_wconf 90' lang='lat' dir='ltr'><em>unus</em></span> <span class='ocrx_word' id='word_1_314' title='bbox 683 2543 721 2563; x_wconf 82' lang='lat' dir='ltr'><em>ex</em></span> <span class='ocrx_word' id='word_1_315' title='bbox 749 2535 909 2574; x_wconf 84' lang='lat' dir='ltr'><em>deputatis,</em></span> <span class='ocrx_word' id='word_1_316' title='bbox 933 2536 983 2575; x_wconf 91' lang='lat' dir='ltr'><em>qui</em></span> 
     </span>
    </p>
   </div>
   <div class='ocr_carea' id='block_1_11' title="bbox 1033 251 1782 337">
    <p class='ocr_par' dir='ltr' id='par_1_14' title="bbox 1033 251 1782 337">
     <span class='ocr_line' id='line_1_58' title="bbox 1033 251 1782 292; baseline 0.005 -12"><span class='ocrx_word' id='word_1_317' title='bbox 1033 251 1071 281; x_wconf 89' lang='lat' dir='ltr'><em>sit</em></span> <span class='ocrx_word' id='word_1_318' title='bbox 1092 253 1220 282; x_wconf 77' lang='lat' dir='ltr'><em>secunda</em></span> <span class='ocrx_word' id='word_1_319' title='bbox 1251 263 1373 292; x_wconf 85' lang='lat' dir='ltr'><em>persona</em></span> <span class='ocrx_word' id='word_1_320' title='bbox 1405 255 1586 291; x_wconf 84' lang='lat' dir='ltr'><em>monasterii,</em></span> <span class='ocrx_word' id='word_1_321' title='bbox 1610 259 1636 285; x_wconf 86' lang='lat' dir='ltr'><em>et</em></span> <span class='ocrx_word' id='word_1_322' title='bbox 1661 255 1782 285; x_wconf 83' lang='lat' dir='ltr'><em>absente</em></span> 
     </span>
     <span class='ocr_line' id='line_1_59' title="bbox 1035 299 1654 337; baseline 0.008 -9"><span class='ocrx_word' id='word_1_323' title='bbox 1035 299 1131 337; x_wconf 88' lang='lat' dir='ltr'><em>priore</em></span> <span class='ocrx_word' id='word_1_324' title='bbox 1154 301 1287 330; x_wconf 79' lang='lat' dir='ltr'><em>eiusdem</em></span> <span class='ocrx_word' id='word_1_325' title='bbox 1311 302 1417 332; x_wconf 86' lang='lat' dir='ltr'><em>habeat</em></span> <span class='ocrx_word' id='word_1_326' title='bbox 1438 304 1654 333; x_wconf 87' lang='lat' dir='ltr'><em>auctoritatem.</em></span> 
     </span>
    </p>
   </div>
   <div class='ocr_carea' id='block_1_12' title="bbox 1033 348 1980 434">
    <p class='ocr_par' dir='ltr' id='par_1_15' title="bbox 1033 348 1980 434">
     <span class='ocr_line' id='line_1_60' title="bbox 1074 348 1980 394; baseline 0.007 -19"><span class='ocrx_word' id='word_1_327' title='bbox 1074 356 1111 376; x_wconf 84' lang='lat' dir='ltr'><em>iv.</em></span> <span class='ocrx_word' id='word_1_328' title='bbox 1137 348 1169 377; x_wconf 89' lang='lat' dir='ltr'><em>ln</em></span> <span class='ocrx_word' id='word_1_329' title='bbox 1192 349 1329 379; x_wconf 89' lang='lat' dir='ltr'><em>omnibus</em></span> <span class='ocrx_word' id='word_1_330' title='bbox 1348 351 1442 380; x_wconf 87' lang='lat' dir='ltr'><em>nostri</em></span> <span class='ocrx_word' id='word_1_331' title='bbox 1460 351 1578 381; x_wconf 86' lang='lat' dir='ltr'><em>Ordinis</em></span> <span class='ocrx_word' id='word_1_332' title='bbox 1595 352 1781 381; x_wconf 78' lang='lat' dir='ltr'><em>monasteriis</em></span> <span class='ocrx_word' id='word_1_333' title='bbox 1803 392 1805 394; x_wconf 25' lang='grc' dir='ltr'>Ι</span> <span class='ocrx_word' id='word_1_334' title='bbox 1821 360 1937 389; x_wconf 67' lang='lat' dir='ltr'><em>aequisita</em></span> <span class='ocrx_word' id='word_1_335' title='bbox 1952 362 1980 381; x_wconf 72' lang='lat' dir='ltr'><em>aa</em></span> 
     </span>
     <span class='ocr_line' id='line_1_61' title="bbox 1033 388 1980 434; baseline 0.008 -12"><span class='ocrx_word' id='word_1_336' title='bbox 1033 399 1191 424; x_wconf 85' lang='lat' dir='ltr'><em>serventur</em></span> <span class='ocrx_word' id='word_1_337' title='bbox 1213 396 1248 425; x_wconf 86' lang='lat' dir='ltr'><em>de</em></span> <span class='ocrx_word' id='word_1_338' title='bbox 1271 397 1335 426; x_wconf 87' lang='lat' dir='ltr'><em>iure</em></span> <span class='ocrx_word' id='word_1_339' title='bbox 1358 399 1499 428; x_wconf 84' lang='lat' dir='ltr'><em>servanda</em></span> <span class='ocrx_word' id='word_1_340' title='bbox 1523 399 1600 429; x_wconf 89' lang='lat' dir='ltr'><em>circa</em></span> <span class='ocrx_word' id='word_1_341' title='bbox 1630 399 1782 429; x_wconf 83' lang='lat' dir='ltr'><em>alienatio·</em></span> <span class='ocrx_word' id='word_1_342' title='bbox 1794 388 1926 434; x_wconf 51' lang='grc' dir='ltr'><em>ζξξῗιῗὲἓιῖἒ</em></span> <span class='ocrx_word' id='word_1_343' title='bbox 1949 391 1980 433; x_wconf 49' lang='lat'><em>13*</em></span> 
     </span>
    </p>
   </div>
   <div class='ocr_carea' id='block_1_13' title="bbox 1793 440 1888 460">
    <p class='ocr_par' dir='ltr' id='par_1_16' title="bbox 1793 440 1888 460">
     <span class='ocr_line' id='line_1_62' title="bbox 1793 440 1888 460; baseline 0.021 -2"><span class='ocrx_word' id='word_1_344' title='bbox 1793 440 1888 460; x_wconf 73' lang='lat' dir='ltr'><em>ciendos.</em></span> 
     </span>
    </p>
   </div>
   <div class='ocr_carea' id='block_1_14' title="bbox 1028 444 1782 2288">
    <p class='ocr_par' dir='ltr' id='par_1_17' title="bbox 1030 444 1782 1552">
     <span class='ocr_line' id='line_1_63' title="bbox 1033 444 1779 485; baseline 0.008 -13"><span class='ocrx_word' id='word_1_345' title='bbox 1033 452 1112 479; x_wconf 77' lang='lat' dir='ltr'><em>nem,</em></span> <span class='ocrx_word' id='word_1_346' title='bbox 1127 444 1328 484; x_wconf 86' lang='lat' dir='ltr'><em>donationem,</em></span> <span class='ocrx_word' id='word_1_347' title='bbox 1344 447 1604 485; x_wconf 79' lang='lat' dir='ltr'><em>permutationem,</em></span> <span class='ocrx_word' id='word_1_348' title='bbox 1619 448 1779 485; x_wconf 85' lang='lat' dir='ltr'><em>cambium,</em></span> 
     </span>
     <span class='ocr_line' id='line_1_64' title="bbox 1033 496 1781 534; baseline 0.007 -13"><span class='ocrx_word' id='word_1_349' title='bbox 1033 502 1154 522; x_wconf 87' lang='lat' dir='ltr'><em>censum</em></span> <span class='ocrx_word' id='word_1_350' title='bbox 1188 503 1442 534; x_wconf 84' lang='lat' dir='ltr'><em>quorumcumque.</em></span> <span class='ocrx_word' id='word_1_351' title='bbox 1472 496 1615 526; x_wconf 87' lang='lat' dir='ltr'><em>bonorum</em></span> <span class='ocrx_word' id='word_1_352' title='bbox 1645 496 1781 526; x_wconf 88' lang='lat' dir='ltr'><em>immobi-</em></span> 
     </span>
     <span class='ocr_line' id='line_1_65' title="bbox 1033 540 1782 580; baseline 0.007 -11"><span class='ocrx_word' id='word_1_353' title='bbox 1033 540 1105 570; x_wconf 88' lang='lat' dir='ltr'><em>lium</em></span> <span class='ocrx_word' id='word_1_354' title='bbox 1128 550 1178 570; x_wconf 90' lang='lat' dir='ltr'><em>seu</em></span> <span class='ocrx_word' id='word_1_355' title='bbox 1202 541 1355 571; x_wconf 88' lang='lat' dir='ltr'><em>mobilium</em></span> <span class='ocrx_word' id='word_1_356' title='bbox 1380 543 1588 580; x_wconf 76' lang='lat' dir='ltr'><em>pretiosorum,</em></span> <span class='ocrx_word' id='word_1_357' title='bbox 1613 554 1715 574; x_wconf 87' lang='lat' dir='ltr'><em>eorum</em></span> <span class='ocrx_word' id='word_1_358' title='bbox 1738 546 1782 574; x_wconf 87' lang='lat' dir='ltr'><em>ul-</em></span> 
     </span>
     <span class='ocr_line' id='line_1_66' title="bbox 1033 589 1781 632; baseline 0.007 -14"><span class='ocrx_word' id='word_1_359' title='bbox 1033 594 1076 618; x_wconf 87' lang='lat' dir='ltr'><em>tra</em></span> <span class='ocrx_word' id='word_1_360' title='bbox 1101 589 1263 619; x_wconf 83' lang='lat' dir='ltr'><em>triennium</em></span> <span class='ocrx_word' id='word_1_361' title='bbox 1286 590 1474 625; x_wconf 74' lang='lat' dir='ltr'><em>locationem,</em></span> <span class='ocrx_word' id='word_1_362' title='bbox 1491 601 1541 621; x_wconf 91' lang='lat' dir='ltr'><em>seu</em></span> <span class='ocrx_word' id='word_1_363' title='bbox 1561 593 1651 622; x_wconf 89' lang='lat' dir='ltr'><em>alium</em></span> <span class='ocrx_word' id='word_1_364' title='bbox 1679 604 1781 632; x_wconf 84' lang='lat' dir='ltr'><em>quein-</em></span> 
     </span>
     <span class='ocr_line' id='line_1_67' title="bbox 1033 637 1780 681; baseline 0.007 -14"><span class='ocrx_word' id='word_1_365' title='bbox 1033 637 1105 667; x_wconf 85' lang='lat' dir='ltr'><em>libet</em></span> <span class='ocrx_word' id='word_1_366' title='bbox 1128 639 1314 668; x_wconf 80' lang='lat' dir='ltr'><em>alienationis</em></span> <span class='ocrx_word' id='word_1_367' title='bbox 1336 644 1530 669; x_wconf 81' lang='lat' dir='ltr'><em>contractum.</em></span> <span class='ocrx_word' id='word_1_368' title='bbox 1562 641 1593 670; x_wconf 79' lang='lat' dir='ltr'><em>Et</em></span> <span class='ocrx_word' id='word_1_369' title='bbox 1625 643 1780 681; x_wconf 73' lang='lat' dir='ltr'><em>praecipue</em></span> 
     </span>
     <span class='ocr_line' id='line_1_68' title="bbox 1033 685 1781 728; baseline 0.007 -13"><span class='ocrx_word' id='word_1_370' title='bbox 1033 685 1228 716; x_wconf 82' lang='lat' dir='ltr'><em>observentur</em></span> <span class='ocrx_word' id='word_1_371' title='bbox 1245 687 1387 726; x_wconf 86' lang='lat' dir='ltr'><em>requisita</em></span> <span class='ocrx_word' id='word_1_372' title='bbox 1410 688 1599 727; x_wconf 80' lang='lat' dir='ltr'><em>infrascripta</em></span> <span class='ocrx_word' id='word_1_373' title='bbox 1617 699 1622 717; x_wconf 78' lang='lat'>1</span> <span class='ocrx_word' id='word_1_374' title='bbox 1648 690 1724 728; x_wconf 87' lang='lat' dir='ltr'><em>quod</em></span> <span class='ocrx_word' id='word_1_375' title='bbox 1740 695 1781 719; x_wconf 84' lang='lat' dir='ltr'><em>ta-</em></span> 
     </span>
     <span class='ocr_line' id='line_1_69' title="bbox 1032 734 1779 774; baseline 0.005 -11"><span class='ocrx_word' id='word_1_376' title='bbox 1032 734 1068 763; x_wconf 84' lang='lat' dir='ltr'><em>lis</em></span> <span class='ocrx_word' id='word_1_377' title='bbox 1091 734 1232 772; x_wconf 79' lang='lat' dir='ltr'><em>venditio,</em></span> <span class='ocrx_word' id='word_1_378' title='bbox 1257 735 1390 772; x_wconf 83' lang='lat' dir='ltr'><em>donatio,</em></span> <span class='ocrx_word' id='word_1_379' title='bbox 1417 745 1534 774; x_wconf 86' lang='lat' dir='ltr'><em>census,</em></span> <span class='ocrx_word' id='word_1_380' title='bbox 1558 737 1716 771; x_wconf 81' lang='lat' dir='ltr'><em>cambium,</em></span> <span class='ocrx_word' id='word_1_381' title='bbox 1736 740 1779 768; x_wconf 73' lang='lat' dir='ltr'><em>vel</em></span> 
     </span>
     <span class='ocr_line' id='line_1_70' title="bbox 1032 782 1779 821; baseline 0.007 -10"><span class='ocrx_word' id='word_1_382' title='bbox 1032 782 1158 821; x_wconf 83' lang='lat' dir='ltr'><em>quilibet</em></span> <span class='ocrx_word' id='word_1_383' title='bbox 1183 783 1258 812; x_wconf 86' lang='lat' dir='ltr'><em>alius</em></span> <span class='ocrx_word' id='word_1_384' title='bbox 1283 783 1470 814; x_wconf 76' lang='lat' dir='ltr'><em>alienationis</em></span> <span class='ocrx_word' id='word_1_385' title='bbox 1493 789 1672 819; x_wconf 68' lang='lat' dir='ltr'><em>contractus,</em></span> <span class='ocrx_word' id='word_1_386' title='bbox 1697 787 1779 817; x_wconf 78' lang='lat' dir='ltr'><em>cedat</em></span> 
     </span>
     <span class='ocr_line' id='line_1_71' title="bbox 1032 831 1780 864; baseline 0.007 -5"><span class='ocrx_word' id='word_1_387' title='bbox 1032 831 1061 859; x_wconf 90' lang='lat' dir='ltr'><em>in</em></span> <span class='ocrx_word' id='word_1_388' title='bbox 1085 831 1271 861; x_wconf 79' lang='lat' dir='ltr'><em>manifestam</em></span> <span class='ocrx_word' id='word_1_389' title='bbox 1295 837 1323 861; x_wconf 87' lang='lat' dir='ltr'><em>et</em></span> <span class='ocrx_word' id='word_1_390' title='bbox 1346 832 1512 862; x_wconf 79' lang='lat' dir='ltr'><em>evidentem</em></span> <span class='ocrx_word' id='word_1_391' title='bbox 1538 834 1694 864; x_wconf 83' lang='lat' dir='ltr'><em>utilitatem</em></span> <span class='ocrx_word' id='word_1_392' title='bbox 1719 845 1780 864; x_wconf 87' lang='lat' dir='ltr'><em>ino—</em></span> 
     </span>
     <span class='ocr_line' id='line_1_72' title="bbox 1031 880 1777 921; baseline 0.007 -13"><span class='ocrx_word' id='word_1_393' title='bbox 1031 880 1166 916; x_wconf 87' lang='lat' dir='ltr'><em>nasterii,</em></span> <span class='ocrx_word' id='word_1_394' title='bbox 1197 880 1405 910; x_wconf 77' lang='lat' dir='ltr'><em>informatione</em></span> <span class='ocrx_word' id='word_1_395' title='bbox 1434 882 1470 911; x_wconf 89' lang='lat' dir='ltr'><em>de</em></span> <span class='ocrx_word' id='word_1_396' title='bbox 1496 882 1549 911; x_wconf 65' lang='lat' dir='ltr'><em>iil-:2</em></span> <span class='ocrx_word' id='word_1_397' title='bbox 1578 883 1777 921; x_wconf 68' lang='lat' dir='ltr'><em>praehabita:</em></span> 
     </span>
     <span class='ocr_line' id='line_1_73' title="bbox 1031 928 1779 970; baseline 0.007 -13"><span class='ocrx_word' id='word_1_398' title='bbox 1031 928 1108 967; x_wconf 92' lang='lat' dir='ltr'><em>quod</em></span> <span class='ocrx_word' id='word_1_399' title='bbox 1131 933 1312 967; x_wconf 86' lang='lat' dir='ltr'><em>proponatur</em></span> <span class='ocrx_word' id='word_1_400' title='bbox 1328 929 1434 959; x_wconf 87' lang='lat' dir='ltr'><em>deinde</em></span> <span class='ocrx_word' id='word_1_401' title='bbox 1451 935 1479 960; x_wconf 88' lang='lat' dir='ltr'><em>et</em></span> <span class='ocrx_word' id='word_1_402' title='bbox 1497 935 1638 960; x_wconf 82' lang='lat' dir='ltr'><em>tractetur</em></span> <span class='ocrx_word' id='word_1_403' title='bbox 1655 941 1704 970; x_wconf 87' lang='lat' dir='ltr'><em>per</em></span> <span class='ocrx_word' id='word_1_404' title='bbox 1722 937 1779 962; x_wconf 79' lang='lat' dir='ltr'><em>tres</em></span> 
     </span>
     <span class='ocr_line' id='line_1_74' title="bbox 1031 976 1779 1020; baseline 0.007 -15"><span class='ocrx_word' id='word_1_405' title='bbox 1031 976 1110 1006; x_wconf 86' lang='lat' dir='ltr'><em>vices</em></span> <span class='ocrx_word' id='word_1_406' title='bbox 1140 977 1170 1006; x_wconf 91' lang='lat' dir='ltr'><em>in</em></span> <span class='ocrx_word' id='word_1_407' title='bbox 1201 977 1332 1016; x_wconf 83' lang='lat' dir='ltr'><em>capitulo</em></span> <span class='ocrx_word' id='word_1_408' title='bbox 1359 984 1533 1013; x_wconf 78' lang='lat' dir='ltr'><em>conventus,</em></span> <span class='ocrx_word' id='word_1_409' title='bbox 1558 980 1779 1020; x_wconf 77' lang='lat' dir='ltr'><em>capitulumque</em></span> 
     </span>
     <span class='ocr_line' id='line_1_75' title="bbox 1031 1025 1780 1068; baseline 0.008 -15"><span class='ocrx_word' id='word_1_410' title='bbox 1031 1034 1083 1054; x_wconf 85' lang='lat' dir='ltr'><em>seu</em></span> <span class='ocrx_word' id='word_1_411' title='bbox 1107 1025 1187 1055; x_wconf 89' lang='lat' dir='ltr'><em>illius</em></span> <span class='ocrx_word' id='word_1_412' title='bbox 1211 1026 1303 1056; x_wconf 82' lang='lat' dir='ltr'><em>maior</em></span> <span class='ocrx_word' id='word_1_413' title='bbox 1326 1036 1405 1065; x_wconf 84' lang='lat' dir='ltr'><em>pars,</em></span> <span class='ocrx_word' id='word_1_414' title='bbox 1423 1028 1582 1058; x_wconf 79' lang='lat' dir='ltr'><em>accedente</em></span> <span class='ocrx_word' id='word_1_415' title='bbox 1597 1029 1684 1058; x_wconf 82' lang='lat' dir='ltr'><em>simul</em></span> <span class='ocrx_word' id='word_1_416' title='bbox 1702 1031 1780 1068; x_wconf 85' lang='lat' dir='ltr'><em>prio-</em></span> 
     </span>
     <span class='ocr_line' id='line_1_76' title="bbox 1031 1074 1781 1111; baseline 0.008 -9"><span class='ocrx_word' id='word_1_417' title='bbox 1031 1074 1071 1103; x_wconf 87' lang='lat' dir='ltr'><em>ris</em></span> <span class='ocrx_word' id='word_1_418' title='bbox 1095 1083 1252 1111; x_wconf 74' lang='lat' dir='ltr'><em>consensu,</em></span> <span class='ocrx_word' id='word_1_419' title='bbox 1277 1077 1305 1104; x_wconf 92' lang='lat' dir='ltr'><em>in</em></span> <span class='ocrx_word' id='word_1_420' title='bbox 1330 1076 1411 1106; x_wconf 73' lang='lat' dir='ltr'><em>dicta</em></span> <span class='ocrx_word' id='word_1_421' title='bbox 1434 1077 1612 1106; x_wconf 78' lang='lat' dir='ltr'><em>alienatione</em></span> <span class='ocrx_word' id='word_1_422' title='bbox 1636 1088 1686 1107; x_wconf 87' lang='lat' dir='ltr'><em>seu</em></span> <span class='ocrx_word' id='word_1_423' title='bbox 1711 1088 1781 1108; x_wconf 87' lang='lat' dir='ltr'><em>con-</em></span> 
     </span>
     <span class='ocr_line' id='line_1_77' title="bbox 1032 1124 1779 1165; baseline 0.008 -14"><span class='ocrx_word' id='word_1_424' title='bbox 1032 1126 1125 1153; x_wconf 89' lang='lat' dir='ltr'><em>tractu</em></span> <span class='ocrx_word' id='word_1_425' title='bbox 1156 1124 1332 1153; x_wconf 83' lang='lat' dir='ltr'><em>conveniat:</em></span> <span class='ocrx_word' id='word_1_426' title='bbox 1357 1129 1385 1154; x_wconf 85' lang='lat' dir='ltr'><em>et</em></span> <span class='ocrx_word' id='word_1_427' title='bbox 1413 1126 1488 1164; x_wconf 82' lang='lat' dir='ltr'><em>quod</em></span> <span class='ocrx_word' id='word_1_428' title='bbox 1513 1127 1628 1156; x_wconf 86' lang='lat' dir='ltr'><em>tandem</em></span> <span class='ocrx_word' id='word_1_429' title='bbox 1665 1132 1779 1165; x_wconf 86' lang='lat' dir='ltr'><em>petatur</em></span> 
     </span>
     <span class='ocr_line' id='line_1_78' title="bbox 1031 1172 1780 1215; baseline 0.008 -14"><span class='ocrx_word' id='word_1_430' title='bbox 1031 1177 1058 1202; x_wconf 91' lang='lat' dir='ltr'><em>et</em></span> <span class='ocrx_word' id='word_1_431' title='bbox 1082 1172 1252 1203; x_wconf 82' lang='lat' dir='ltr'><em>obtineatur</em></span> <span class='ocrx_word' id='word_1_432' title='bbox 1275 1174 1395 1204; x_wconf 87' lang='lat' dir='ltr'><em>licentia</em></span> <span class='ocrx_word' id='word_1_433' title='bbox 1418 1176 1554 1214; x_wconf 83' lang='lat' dir='ltr'><em>specialis</em></span> <span class='ocrx_word' id='word_1_434' title='bbox 1584 1186 1597 1204; x_wconf 80' lang='lat' dir='ltr'><em>a</em></span> <span class='ocrx_word' id='word_1_435' title='bbox 1629 1182 1710 1215; x_wconf 86' lang='lat' dir='ltr'><em>patre</em></span> <span class='ocrx_word' id='word_1_436' title='bbox 1732 1188 1780 1215; x_wconf 76' lang='lat' dir='ltr'><em>ge-</em></span> 
     </span>
     <span class='ocr_line' id='line_1_79' title="bbox 1031 1222 1778 1265; baseline 0.008 -15"><span class='ocrx_word' id='word_1_437' title='bbox 1031 1222 1135 1259; x_wconf 81' lang='lat' dir='ltr'><em>nerali,</em></span> <span class='ocrx_word' id='word_1_438' title='bbox 1160 1222 1366 1253; x_wconf 82' lang='lat' dir='ltr'><em>informatione</em></span> <span class='ocrx_word' id='word_1_439' title='bbox 1382 1224 1528 1260; x_wconf 86' lang='lat' dir='ltr'><em>utilitatis,</em></span> <span class='ocrx_word' id='word_1_440' title='bbox 1546 1225 1778 1265; x_wconf 76' lang='lat' dir='ltr'><em>tractatibusque</em></span> 
     </span>
     <span class='ocr_line' id='line_1_80' title="bbox 1030 1270 1778 1309; baseline 0.005 -10"><span class='ocrx_word' id='word_1_441' title='bbox 1030 1270 1060 1299; x_wconf 87' lang='lat' dir='ltr'><em>in</em></span> <span class='ocrx_word' id='word_1_442' title='bbox 1084 1271 1214 1309; x_wconf 87' lang='lat' dir='ltr'><em>capitulo</em></span> <span class='ocrx_word' id='word_1_443' title='bbox 1237 1271 1344 1301; x_wconf 85' lang='lat' dir='ltr'><em>habitis</em></span> <span class='ocrx_word' id='word_1_444' title='bbox 1374 1273 1408 1301; x_wconf 88' lang='lat' dir='ltr'><em>ad</em></span> <span class='ocrx_word' id='word_1_445' title='bbox 1437 1273 1520 1302; x_wconf 89' lang='lat' dir='ltr'><em>illum</em></span> <span class='ocrx_word' id='word_1_446' title='bbox 1551 1274 1579 1303; x_wconf 92' lang='lat' dir='ltr'><em>in</em></span> <span class='ocrx_word' id='word_1_447' title='bbox 1608 1275 1699 1303; x_wconf 77' lang='lat' dir='ltr'><em>fornia</em></span> <span class='ocrx_word' id='word_1_448' title='bbox 1728 1285 1778 1303; x_wconf 90' lang='lat' dir='ltr'><em>au-</em></span> 
     </span>
     <span class='ocr_line' id='line_1_81' title="bbox 1031 1319 1780 1360; baseline 0.008 -13"><span class='ocrx_word' id='word_1_449' title='bbox 1031 1319 1162 1348; x_wconf 67' lang='lat' dir='ltr'><em>thentica</em></span> <span class='ocrx_word' id='word_1_450' title='bbox 1185 1320 1377 1353; x_wconf 75' lang='lat' dir='ltr'><em>transmissis,</em></span> <span class='ocrx_word' id='word_1_451' title='bbox 1395 1331 1426 1350; x_wconf 88' lang='lat' dir='ltr'><em>ac</em></span> <span class='ocrx_word' id='word_1_452' title='bbox 1451 1323 1589 1360; x_wconf 50' lang='lat' dir='ltr'><em>siwcifica</em></span> <span class='ocrx_word' id='word_1_453' title='bbox 1606 1324 1678 1352; x_wconf 74' lang='lat' dir='ltr'><em>facta</em></span> <span class='ocrx_word' id='word_1_454' title='bbox 1700 1334 1780 1353; x_wconf 78' lang='lat' dir='ltr'><em>inen—</em></span> 
     </span>
     <span class='ocr_line' id='line_1_82' title="bbox 1031 1368 1774 1402; baseline 0.008 -6"><span class='ocrx_word' id='word_1_455' title='bbox 1031 1368 1109 1397; x_wconf 83' lang='lat' dir='ltr'><em>tione</em></span> <span class='ocrx_word' id='word_1_456' title='bbox 1123 1369 1165 1397; x_wconf 89' lang='lat' dir='ltr'><em>rei</em></span> <span class='ocrx_word' id='word_1_457' title='bbox 1179 1369 1342 1399; x_wconf 86' lang='lat' dir='ltr'><em>donandae.</em></span> <span class='ocrx_word' id='word_1_458' title='bbox 1355 1371 1512 1400; x_wconf 84' lang='lat' dir='ltr'><em>mutandae</em></span> <span class='ocrx_word' id='word_1_459' title='bbox 1529 1372 1571 1400; x_wconf 81' lang='lat' dir='ltr'><em>vel</em></span> <span class='ocrx_word' id='word_1_460' title='bbox 1589 1372 1774 1402; x_wconf 79' lang='lat' dir='ltr'><em>alienandae.</em></span> 
     </span>
     <span class='ocr_line' id='line_1_83' title="bbox 1031 1416 1779 1450; baseline 0.007 -5"><span class='ocrx_word' id='word_1_461' title='bbox 1031 1416 1108 1445; x_wconf 77' lang='lat' dir='ltr'><em>idem</em></span> <span class='ocrx_word' id='word_1_462' title='bbox 1133 1417 1253 1447; x_wconf 89' lang='lat' dir='ltr'><em>omnino</em></span> <span class='ocrx_word' id='word_1_463' title='bbox 1275 1418 1304 1447; x_wconf 89' lang='lat' dir='ltr'><em>in</em></span> <span class='ocrx_word' id='word_1_464' title='bbox 1330 1418 1474 1448; x_wconf 86' lang='lat' dir='ltr'><em>locatione</em></span> <span class='ocrx_word' id='word_1_465' title='bbox 1508 1419 1650 1449; x_wconf 87' lang='lat' dir='ltr'><em>bonorum</em></span> <span class='ocrx_word' id='word_1_466' title='bbox 1674 1422 1779 1450; x_wconf 81' lang='lat' dir='ltr'><em>immo-</em></span> 
     </span>
     <span class='ocr_line' id='line_1_84' title="bbox 1030 1465 1776 1505; baseline 0.007 -12"><span class='ocrx_word' id='word_1_467' title='bbox 1030 1465 1132 1494; x_wconf 88' lang='lat' dir='ltr'><em>bilium</em></span> <span class='ocrx_word' id='word_1_468' title='bbox 1156 1466 1232 1494; x_wconf 86' lang='lat' dir='ltr'><em>ultra</em></span> <span class='ocrx_word' id='word_1_469' title='bbox 1258 1467 1419 1496; x_wconf 89' lang='lat' dir='ltr'><em>triennium</em></span> <span class='ocrx_word' id='word_1_470' title='bbox 1444 1469 1556 1498; x_wconf 88' lang='lat' dir='ltr'><em>servari</em></span> <span class='ocrx_word' id='word_1_471' title='bbox 1579 1470 1696 1505; x_wconf 74' lang='lat' dir='ltr'><em>debeat,</em></span> <span class='ocrx_word' id='word_1_472' title='bbox 1722 1470 1776 1499; x_wconf 76' lang='lat' dir='ltr'><em>sub</em></span> 
     </span>
     <span class='ocr_line' id='line_1_85' title="bbox 1031 1514 1408 1552; baseline 0.008 -10"><span class='ocrx_word' id='word_1_473' title='bbox 1031 1514 1133 1552; x_wconf 84' lang='lat' dir='ltr'><em>poenis</em></span> <span class='ocrx_word' id='word_1_474' title='bbox 1155 1524 1169 1543; x_wconf 91' lang='lat' dir='ltr'><em>a</em></span> <span class='ocrx_word' id='word_1_475' title='bbox 1193 1515 1257 1544; x_wconf 90' lang='lat' dir='ltr'><em>iure</em></span> <span class='ocrx_word' id='word_1_476' title='bbox 1280 1517 1408 1545; x_wconf 85' lang='lat' dir='ltr'><em>statutis.</em></span> 
     </span>
    </p>

    <p class='ocr_par' dir='ltr' id='par_1_18' title="bbox 1030 1562 1779 1981">
     <span class='ocr_line' id='line_1_86' title="bbox 1071 1562 1778 1605; baseline 0.006 -14"><span class='ocrx_word' id='word_1_477' title='bbox 1071 1573 1097 1591; x_wconf 87' lang='lat' dir='ltr'><em>v.</em></span> <span class='ocrx_word' id='word_1_478' title='bbox 1119 1562 1295 1592; x_wconf 78' lang='lat' dir='ltr'><em>Procurator</em></span> <span class='ocrx_word' id='word_1_479' title='bbox 1312 1565 1518 1602; x_wconf 85' lang='lat' dir='ltr'><em>temporalium</em></span> <span class='ocrx_word' id='word_1_480' title='bbox 1537 1570 1562 1594; x_wconf 83' lang='lat' dir='ltr'><em>et</em></span> <span class='ocrx_word' id='word_1_481' title='bbox 1579 1567 1778 1605; x_wconf 72' lang='lat' dir='ltr'><em>depositarius</em></span> 
     </span>
     <span class='ocr_line' id='line_1_87' title="bbox 1030 1611 1778 1654; baseline 0.008 -15"><span class='ocrx_word' id='word_1_482' title='bbox 1030 1611 1187 1640; x_wconf 84' lang='lat' dir='ltr'><em>cuiuslibet</em></span> <span class='ocrx_word' id='word_1_483' title='bbox 1224 1613 1395 1642; x_wconf 85' lang='lat' dir='ltr'><em>monasterii</em></span> <span class='ocrx_word' id='word_1_484' title='bbox 1431 1614 1460 1643; x_wconf 91' lang='lat' dir='ltr'><em>in</em></span> <span class='ocrx_word' id='word_1_485' title='bbox 1499 1614 1578 1644; x_wconf 86' lang='lat' dir='ltr'><em>illius</em></span> <span class='ocrx_word' id='word_1_486' title='bbox 1622 1617 1778 1654; x_wconf 72' lang='lat' dir='ltr'><em>deputatos</em></span> 
     </span>
     <span class='ocr_line' id='line_1_88' title="bbox 1030 1660 1779 1701; baseline 0.008 -13"><span class='ocrx_word' id='word_1_487' title='bbox 1030 1660 1197 1689; x_wconf 83' lang='lat' dir='ltr'><em>nullatenus</em></span> <span class='ocrx_word' id='word_1_488' title='bbox 1231 1661 1298 1699; x_wconf 77' lang='lat' dir='ltr'><em>eligi</em></span> <span class='ocrx_word' id='word_1_489' title='bbox 1333 1662 1466 1700; x_wconf 81' lang='lat' dir='ltr'><em>possint;</em></span> <span class='ocrx_word' id='word_1_490' title='bbox 1501 1663 1615 1701; x_wconf 88' lang='lat' dir='ltr'><em>priores</em></span> <span class='ocrx_word' id='word_1_491' title='bbox 1639 1673 1706 1693; x_wconf 85' lang='lat' dir='ltr'><em>vero</em></span> <span class='ocrx_word' id='word_1_492' title='bbox 1730 1664 1779 1694; x_wconf 86' lang='lat' dir='ltr'><em>ab·</em></span> 
     </span>
     <span class='ocr_line' id='line_1_89' title="bbox 1030 1708 1777 1748; baseline 0.009 -12"><span class='ocrx_word' id='word_1_493' title='bbox 1030 1708 1119 1737; x_wconf 88' lang='lat' dir='ltr'><em>soluti</em></span> <span class='ocrx_word' id='word_1_494' title='bbox 1143 1719 1262 1739; x_wconf 79' lang='lat' dir='ltr'><em>suorum</em></span> <span class='ocrx_word' id='word_1_495' title='bbox 1287 1711 1546 1748; x_wconf 85' lang='lat' dir='ltr'><em>monasteriorum,</em></span> <span class='ocrx_word' id='word_1_496' title='bbox 1572 1712 1640 1741; x_wconf 86' lang='lat' dir='ltr'><em>licet</em></span> <span class='ocrx_word' id='word_1_497' title='bbox 1668 1713 1696 1742; x_wconf 91' lang='lat' dir='ltr'><em>in</em></span> <span class='ocrx_word' id='word_1_498' title='bbox 1728 1714 1777 1743; x_wconf 85' lang='lat' dir='ltr'><em>de-</em></span> 
     </span>
     <span class='ocr_line' id='line_1_90' title="bbox 1031 1758 1777 1797; baseline 0.007 -11"><span class='ocrx_word' id='word_1_499' title='bbox 1031 1762 1148 1795; x_wconf 86' lang='lat' dir='ltr'><em>putatos</em></span> <span class='ocrx_word' id='word_1_500' title='bbox 1171 1758 1256 1788; x_wconf 88' lang='lat' dir='ltr'><em>electi</em></span> <span class='ocrx_word' id='word_1_501' title='bbox 1281 1768 1338 1788; x_wconf 90' lang='lat' dir='ltr'><em>non</em></span> <span class='ocrx_word' id='word_1_502' title='bbox 1363 1759 1484 1797; x_wconf 80' lang='lat' dir='ltr'><em>fuerint,</em></span> <span class='ocrx_word' id='word_1_503' title='bbox 1509 1760 1543 1789; x_wconf 87' lang='lat' dir='ltr'><em>ad</em></span> <span class='ocrx_word' id='word_1_504' title='bbox 1566 1770 1667 1790; x_wconf 87' lang='lat' dir='ltr'><em>omncs</em></span> <span class='ocrx_word' id='word_1_505' title='bbox 1695 1767 1777 1791; x_wconf 78' lang='lat' dir='ltr'><em>actus</em></span> 
     </span>
     <span class='ocr_line' id='line_1_91' title="bbox 1030 1806 1774 1847; baseline 0.005 -12"><span class='ocrx_word' id='word_1_506' title='bbox 1030 1806 1210 1836; x_wconf 88' lang='lat' dir='ltr'><em>consultivos</em></span> <span class='ocrx_word' id='word_1_507' title='bbox 1230 1817 1295 1836; x_wconf 89' lang='lat' dir='ltr'><em>cum</em></span> <span class='ocrx_word' id='word_1_508' title='bbox 1322 1808 1471 1847; x_wconf 83' lang='lat' dir='ltr'><em>deputatis</em></span> <span class='ocrx_word' id='word_1_509' title='bbox 1500 1809 1586 1838; x_wconf 88' lang='lat' dir='ltr'><em>simul</em></span> <span class='ocrx_word' id='word_1_510' title='bbox 1613 1815 1774 1845; x_wconf 70' lang='lat' dir='ltr'><em>vocentur,</em></span> 
     </span>
     <span class='ocr_line' id='line_1_92' title="bbox 1030 1857 1777 1897; baseline 0.007 -13"><span class='ocrx_word' id='word_1_511' title='bbox 1030 1864 1088 1884; x_wconf 89' lang='lat' dir='ltr'><em>non</em></span> <span class='ocrx_word' id='word_1_512' title='bbox 1119 1860 1216 1885; x_wconf 84' lang='lat' dir='ltr'><em>tamen</em></span> <span class='ocrx_word' id='word_1_513' title='bbox 1250 1857 1284 1885; x_wconf 85' lang='lat' dir='ltr'><em>ad</em></span> <span class='ocrx_word' id='word_1_514' title='bbox 1319 1866 1379 1893; x_wconf 66' lang='grc' dir='ltr'><em>ρος,</em></span> <span class='ocrx_word' id='word_1_515' title='bbox 1404 1857 1564 1897; x_wconf 87' lang='lat' dir='ltr'><em>inquibus</em></span> <span class='ocrx_word' id='word_1_516' title='bbox 1598 1868 1649 1897; x_wconf 79' lang='lat' dir='ltr'><em>per</em></span> <span class='ocrx_word' id='word_1_517' title='bbox 1678 1864 1777 1890; x_wconf 82' lang='lat' dir='ltr'><em>nostra</em></span> 
     </span>
     <span class='ocr_line' id='line_1_93' title="bbox 1030 1905 1775 1944; baseline 0.007 -12"><span class='ocrx_word' id='word_1_518' title='bbox 1030 1908 1138 1933; x_wconf 84' lang='lat' dir='ltr'><em>statuta</em></span> <span class='ocrx_word' id='word_1_519' title='bbox 1163 1905 1306 1943; x_wconf 78' lang='lat' dir='ltr'><em>praedicti</em></span> <span class='ocrx_word' id='word_1_520' title='bbox 1330 1906 1464 1944; x_wconf 85' lang='lat' dir='ltr'><em>deputati</em></span> <span class='ocrx_word' id='word_1_521' title='bbox 1489 1911 1586 1935; x_wconf 79' lang='lat' dir='ltr'><em>votnm</em></span> <span class='ocrx_word' id='word_1_522' title='bbox 1616 1908 1775 1938; x_wconf 75' lang='lat' dir='ltr'><em>decisivuni</em></span> 
     </span>
     <span class='ocr_line' id='line_1_94' title="bbox 1031 1951 1149 1981; baseline 0.008 -1"><span class='ocrx_word' id='word_1_523' title='bbox 1031 1951 1149 1981; x_wconf 84' lang='lat' dir='ltr'><em>liabent.</em></span> 
     </span>
    </p>

    <p class='ocr_par' dir='ltr' id='par_1_19' title="bbox 1028 2001 1776 2288">
     <span class='ocr_line' id='line_1_95' title="bbox 1070 2001 1776 2045; baseline 0.008 -16"><span class='ocrx_word' id='word_1_524' title='bbox 1070 2009 1107 2030; x_wconf 71' lang='lat' dir='ltr'><em>vi.</em></span> <span class='ocrx_word' id='word_1_525' title='bbox 1132 2001 1231 2031; x_wconf 78' lang='lat' dir='ltr'><em>Patres</em></span> <span class='ocrx_word' id='word_1_526' title='bbox 1248 2003 1362 2041; x_wconf 87' lang='lat' dir='ltr'><em>priores</em></span> <span class='ocrx_word' id='word_1_527' title='bbox 1377 2004 1452 2033; x_wconf 88' lang='lat' dir='ltr'><em>ultra</em></span> <span class='ocrx_word' id='word_1_528' title='bbox 1473 2014 1520 2033; x_wconf 79' lang='lat' dir='ltr'><em>sex</em></span> <span class='ocrx_word' id='word_1_529' title='bbox 1538 2004 1600 2033; x_wconf 76' lang='lat' dir='ltr'><em>dics</em></span> <span class='ocrx_word' id='word_1_530' title='bbox 1616 2016 1630 2033; x_wconf 85' lang='lat' dir='ltr'><em>a</em></span> <span class='ocrx_word' id='word_1_531' title='bbox 1648 2007 1776 2045; x_wconf 88' lang='lat' dir='ltr'><em>propriis</em></span> 
     </span>
     <span class='ocr_line' id='line_1_96' title="bbox 1030 2051 1774 2094; baseline 0.007 -15"><span class='ocrx_word' id='word_1_532' title='bbox 1030 2051 1216 2080; x_wconf 76' lang='lat' dir='ltr'><em>monasteriis</em></span> <span class='ocrx_word' id='word_1_533' title='bbox 1240 2061 1298 2081; x_wconf 91' lang='lat' dir='ltr'><em>non</em></span> <span class='ocrx_word' id='word_1_534' title='bbox 1322 2056 1429 2082; x_wconf 79' lang='lat' dir='ltr'><em>exeant</em></span> <span class='ocrx_word' id='word_1_535' title='bbox 1452 2062 1503 2082; x_wconf 85' lang='lat' dir='ltr'><em>nec</em></span> <span class='ocrx_word' id='word_1_536' title='bbox 1531 2053 1629 2082; x_wconf 83' lang='lat' dir='ltr'><em>absint</em></span> <span class='ocrx_word' id='word_1_537' title='bbox 1664 2054 1774 2094; x_wconf 78' lang='lat' dir='ltr'><em>absque</em></span> 
     </span>
     <span class='ocr_line' id='line_1_97' title="bbox 1030 2099 1774 2140; baseline 0.008 -13"><span class='ocrx_word' id='word_1_538' title='bbox 1030 2099 1150 2128; x_wconf 72' lang='lat' dir='ltr'><em>licentia</em></span> <span class='ocrx_word' id='word_1_539' title='bbox 1182 2100 1211 2128; x_wconf 93' lang='lat' dir='ltr'><em>in</em></span> <span class='ocrx_word' id='word_1_540' title='bbox 1245 2100 1363 2139; x_wconf 86' lang='lat' dir='ltr'><em>scriptis</em></span> <span class='ocrx_word' id='word_1_541' title='bbox 1396 2102 1486 2140; x_wconf 81' lang='lat' dir='ltr'><em>patris</em></span> <span class='ocrx_word' id='word_1_542' title='bbox 1519 2103 1682 2140; x_wconf 70' lang='lat' dir='ltr'><em>generalis,</em></span> <span class='ocrx_word' id='word_1_543' title='bbox 1716 2105 1774 2133; x_wconf 89' lang='lat' dir='ltr'><em>nisi</em></span> 
     </span>
     <span class='ocr_line' id='line_1_98' title="bbox 1030 2149 1773 2190; baseline 0.008 -14"><span class='ocrx_word' id='word_1_544' title='bbox 1030 2157 1133 2185; x_wconf 84' lang='lat' dir='ltr'><em>magna</em></span> <span class='ocrx_word' id='word_1_545' title='bbox 1167 2149 1338 2185; x_wconf 75' lang='lat' dir='ltr'><em>necessitas,</em></span> <span class='ocrx_word' id='word_1_546' title='bbox 1363 2159 1483 2180; x_wconf 79' lang='lat' dir='ltr'><em>casusve.</em></span> <span class='ocrx_word' id='word_1_547' title='bbox 1511 2152 1627 2189; x_wconf 73' lang='lat' dir='ltr'><em>gravis,</em></span> <span class='ocrx_word' id='word_1_548' title='bbox 1653 2158 1773 2190; x_wconf 80' lang='lat' dir='ltr'><em>repente</em></span> 
     </span>
     <span class='ocr_line' id='line_1_99' title="bbox 1028 2196 1774 2240; baseline 0.008 -16"><span class='ocrx_word' id='word_1_549' title='bbox 1028 2196 1196 2233; x_wconf 76' lang='lat' dir='ltr'><em>contigerit,</em></span> <span class='ocrx_word' id='word_1_550' title='bbox 1211 2206 1285 2236; x_wconf 84' lang='lat' dir='ltr'><em>quae</em></span> <span class='ocrx_word' id='word_1_551' title='bbox 1302 2198 1481 2236; x_wconf 83' lang='lat' dir='ltr'><em>praedictam</em></span> <span class='ocrx_word' id='word_1_552' title='bbox 1498 2199 1646 2229; x_wconf 83' lang='lat' dir='ltr'><em>licentiam</em></span> <span class='ocrx_word' id='word_1_553' title='bbox 1663 2200 1774 2240; x_wconf 78' lang='lat' dir='ltr'><em>absque</em></span> 
     </span>
     <span class='ocr_line' id='line_1_100' title="bbox 1028 2245 1775 2288; baseline 0.008 -15"><span class='ocrx_word' id='word_1_554' title='bbox 1028 2246 1200 2275; x_wconf 86' lang='lat' dir='ltr'><em>monasterii</em></span> <span class='ocrx_word' id='word_1_555' title='bbox 1233 2245 1409 2276; x_wconf 85' lang='lat' dir='ltr'><em>detrimento</em></span> <span class='ocrx_word' id='word_1_556' title='bbox 1443 2252 1599 2286; x_wconf 78' lang='lat' dir='ltr'><em>expectare</em></span> <span class='ocrx_word' id='word_1_557' title='bbox 1626 2258 1685 2278; x_wconf 92' lang='lat' dir='ltr'><em>non</em></span> <span class='ocrx_word' id='word_1_558' title='bbox 1710 2259 1775 2288; x_wconf 89' lang='lat' dir='ltr'><em>per·</em></span> 
     </span>
    </p>
   </div>
   <div class='ocr_carea' id='block_1_15' title="bbox 1013 2293 1773 2333">
    <p class='ocr_par' dir='ltr' id='par_1_20' title="bbox 1013 2293 1773 2333">
     <span class='ocr_line' id='line_1_101' title="bbox 1013 2293 1773 2333; baseline 0.007 -11"><span class='ocrx_word' id='word_1_559' title='bbox 1013 2293 1145 2328; x_wconf 77' lang='lat' dir='ltr'><em>&#39;mittat;</em></span> <span class='ocrx_word' id='word_1_560' title='bbox 1171 2297 1240 2323; x_wconf 85' lang='lat' dir='ltr'><em>tunc</em></span> <span class='ocrx_word' id='word_1_561' title='bbox 1264 2304 1332 2324; x_wconf 89' lang='lat' dir='ltr'><em>vero</em></span> <span class='ocrx_word' id='word_1_562' title='bbox 1356 2295 1468 2333; x_wconf 81' lang='lat' dir='ltr'><em>priores</em></span> <span class='ocrx_word' id='word_1_563' title='bbox 1485 2306 1583 2325; x_wconf 81' lang='lat' dir='ltr'><em>casum</em></span> <span class='ocrx_word' id='word_1_564' title='bbox 1602 2297 1773 2328; x_wconf 85' lang='lat' dir='ltr'><em>huiusmodi</em></span> 
     </span>
    </p>
   </div>
   <div class='ocr_carea' id='block_1_16' title="bbox 1026 2342 1772 2624">
    <p class='ocr_par' dir='ltr' id='par_1_21' title="bbox 1026 2342 1772 2624">
     <span class='ocr_line' id='line_1_102' title="bbox 1028 2342 1772 2382; baseline 0.005 -11"><span class='ocrx_word' id='word_1_565' title='bbox 1028 2346 1093 2381; x_wconf 89' lang='lat' dir='ltr'><em>post</em></span> <span class='ocrx_word' id='word_1_566' title='bbox 1123 2342 1240 2371; x_wconf 89' lang='lat' dir='ltr'><em>illorum</em></span> <span class='ocrx_word' id='word_1_567' title='bbox 1269 2343 1431 2372; x_wconf 86' lang='lat' dir='ltr'><em>absentiam</em></span> <span class='ocrx_word' id='word_1_568' title='bbox 1454 2344 1671 2382; x_wconf 85' lang='lat' dir='ltr'><em>quamprimum</em></span> <span class='ocrx_word' id='word_1_569' title='bbox 1695 2346 1772 2375; x_wconf 89' lang='lat' dir='ltr'><em>dicto</em></span> 
     </span>
     <span class='ocr_line' id='line_1_103' title="bbox 1028 2391 1772 2430; baseline 0.004 -10"><span class='ocrx_word' id='word_1_570' title='bbox 1028 2391 1102 2430; x_wconf 83' lang='lat' dir='ltr'><em>patri</em></span> <span class='ocrx_word' id='word_1_571' title='bbox 1125 2391 1255 2428; x_wconf 82' lang='lat' dir='ltr'><em>generali</em></span> <span class='ocrx_word' id='word_1_572' title='bbox 1278 2392 1452 2427; x_wconf 69' lang='lat' dir='ltr'><em>notificent3</em></span> <span class='ocrx_word' id='word_1_573' title='bbox 1476 2402 1530 2421; x_wconf 88' lang='lat' dir='ltr'><em>non</em></span> <span class='ocrx_word' id='word_1_574' title='bbox 1549 2397 1644 2422; x_wconf 86' lang='lat' dir='ltr'><em>tamen</em></span> <span class='ocrx_word' id='word_1_575' title='bbox 1661 2394 1696 2423; x_wconf 87' lang='lat' dir='ltr'><em>ad</em></span> <span class='ocrx_word' id='word_1_576' title='bbox 1718 2396 1772 2425; x_wconf 83' lang='lat' dir='ltr'><em>hoc</em></span> 
     </span>
     <span class='ocr_line' id='line_1_104' title="bbox 1027 2439 1772 2482; baseline 0.005 -13"><span class='ocrx_word' id='word_1_577' title='bbox 1027 2444 1182 2469; x_wconf 82' lang='lat' dir='ltr'><em>teneantur</em></span> <span class='ocrx_word' id='word_1_578' title='bbox 1205 2439 1234 2468; x_wconf 89' lang='lat' dir='ltr'><em>in</em></span> <span class='ocrx_word' id='word_1_579' title='bbox 1258 2440 1317 2469; x_wconf 88' lang='lat' dir='ltr'><em>illis</em></span> <span class='ocrx_word' id='word_1_580' title='bbox 1339 2440 1442 2469; x_wconf 82' lang='lat' dir='ltr'><em>diebus</em></span> <span class='ocrx_word' id='word_1_581' title='bbox 1465 2445 1493 2469; x_wconf 90' lang='lat' dir='ltr'><em>et</em></span> <span class='ocrx_word' id='word_1_582' title='bbox 1516 2440 1672 2477; x_wconf 82' lang='lat' dir='ltr'><em>absentiis,</em></span> <span class='ocrx_word' id='word_1_583' title='bbox 1699 2453 1772 2482; x_wconf 85' lang='lat' dir='ltr'><em>quas</em></span> 
     </span>
     <span class='ocr_line' id='line_1_105' title="bbox 1027 2488 1769 2528; baseline 0.004 -11"><span class='ocrx_word' id='word_1_584' title='bbox 1027 2497 1079 2527; x_wconf 88' lang='lat' dir='ltr'><em>pro</em></span> <span class='ocrx_word' id='word_1_585' title='bbox 1102 2488 1255 2517; x_wconf 83' lang='lat' dir='ltr'><em>visitandis</em></span> <span class='ocrx_word' id='word_1_586' title='bbox 1278 2488 1595 2526; x_wconf 84' lang='lat' dir='ltr'><em>administrationibus,</em></span> <span class='ocrx_word' id='word_1_587' title='bbox 1628 2492 1769 2528; x_wconf 81' lang='lat' dir='ltr'><em>granciis,</em></span> 
     </span>
     <span class='ocr_line' id='line_1_106' title="bbox 1026 2536 1771 2576; baseline 0.005 -10"><span class='ocrx_word' id='word_1_588' title='bbox 1026 2537 1150 2576; x_wconf 86' lang='lat' dir='ltr'><em>aliisque</em></span> <span class='ocrx_word' id='word_1_589' title='bbox 1175 2536 1419 2566; x_wconf 85' lang='lat' dir='ltr'><em>monasteriorum</em></span> <span class='ocrx_word' id='word_1_590' title='bbox 1444 2538 1677 2576; x_wconf 79' lang='lat' dir='ltr'><em>possessionibus</em></span> <span class='ocrx_word' id='word_1_591' title='bbox 1699 2540 1771 2570; x_wconf 85' lang='lat' dir='ltr'><em>dicti</em></span> 
     </span>
     <span class='ocr_line' id='line_1_107' title="bbox 1026 2583 1466 2624; baseline 0 -10"><span class='ocrx_word' id='word_1_592' title='bbox 1026 2584 1140 2624; x_wconf 87' lang='lat' dir='ltr'><em>priores</em></span> <span class='ocrx_word' id='word_1_593' title='bbox 1161 2585 1409 2623; x_wconf 87' lang='lat' dir='ltr'><em>consumpserint.</em></span> <span class='ocrx_word' id='word_1_594' title='bbox 1462 2583 1466 2587; x_wconf 76' lang='grc'>’</span> 
     </span>
    </p>
   </div>
   <div class='ocr_carea' id='block_1_17' title="bbox 1788 207 1980 235">
    <p class='ocr_par' dir='ltr' id='par_1_22' title="bbox 1788 207 1980 235">
     <span class='ocr_line' id='line_1_108' title="bbox 1788 207 1980 235; baseline 0.016 -3"><span class='ocrx_word' id='word_1_595' title='bbox 1788 208 1839 232; x_wconf 78' lang='lat' dir='ltr'><em>An.</em></span> <span class='ocrx_word' id='word_1_596' title='bbox 1859 208 1888 233; x_wconf 74' lang='lat'><em>⁴1.</em></span> <span class='ocrx_word' id='word_1_597' title='bbox 1909 207 1980 235; x_wconf 81' lang='lat'><strong>1730</strong></span> 
     </span>
    </p>
   </div>
   <div class='ocr_carea' id='block_1_18' title="bbox 1789 1584 1975 1715">
    <p class='ocr_par' dir='ltr' id='par_1_23' title="bbox 1789 1584 1975 1715">
     <span class='ocr_line' id='line_1_109' title="bbox 1845 1584 1975 1604; baseline 0.008 -1"><span class='ocrx_word' id='word_1_598' title='bbox 1845 1584 1975 1604; x_wconf 75' lang='lat' dir='ltr'><em>Procurator</em></span> 
     </span>
     <span class='ocr_line' id='line_1_110' title="bbox 1790 1610 1973 1636; baseline 0.005 -7"><span class='ocrx_word' id='word_1_599' title='bbox 1790 1612 1810 1629; x_wconf 80' lang='lat' dir='ltr'><em>et</em></span> <span class='ocrx_word' id='word_1_600' title='bbox 1831 1610 1973 1636; x_wconf 66' lang='lat' dir='ltr'><em>depositarius</em></span> 
     </span>
     <span class='ocr_line' id='line_1_111' title="bbox 1789 1637 1973 1657; baseline 0.011 -2"><span class='ocrx_word' id='word_1_601' title='bbox 1789 1637 1914 1657; x_wconf 77' lang='lat' dir='ltr'><em>monasterii</em></span> <span class='ocrx_word' id='word_1_602' title='bbox 1953 1638 1973 1657; x_wconf 86' lang='lat' dir='ltr'><em>in</em></span> 
     </span>
     <span class='ocr_line' id='line_1_112' title="bbox 1789 1662 1972 1688; baseline 0.011 -7"><span class='ocrx_word' id='word_1_603' title='bbox 1789 1662 1845 1683; x_wconf 79' lang='lat' dir='ltr'><em>iltius</em></span> <span class='ocrx_word' id='word_1_604' title='bbox 1859 1663 1972 1688; x_wconf 73' lang='lat' dir='ltr'><em>deputatos</em></span> 
     </span>
     <span class='ocr_line' id='line_1_113' title="bbox 1790 1689 1972 1715; baseline 0 -6"><span class='ocrx_word' id='word_1_605' title='bbox 1790 1689 1840 1713; x_wconf 66' lang='lat' dir='ltr'><em>eligi</em></span> <span class='ocrx_word' id='word_1_606' title='bbox 1857 1692 1972 1715; x_wconf 81' lang='lat' dir='ltr'><em>nequeant.</em></span> 
     </span>
    </p>
   </div>
   <div class='ocr_carea' id='block_1_19' title="bbox 1786 2020 1971 2148">
    <p class='ocr_par' dir='ltr' id='par_1_24' title="bbox 1786 2020 1971 2148">
     <span class='ocr_line' id='line_1_114' title="bbox 1830 2020 1971 2042; baseline 0.007 -2"><span class='ocrx_word' id='word_1_607' title='bbox 1830 2020 1915 2041; x_wconf 72' lang='lat' dir='ltr'><em>Priores</em></span> <span class='ocrx_word' id='word_1_608' title='bbox 1930 2022 1971 2042; x_wconf 76' lang='lat' dir='ltr'><em>nisi</em></span> 
     </span>
     <span class='ocr_line' id='line_1_115' title="bbox 1787 2046 1969 2070; baseline 0.016 -5"><span class='ocrx_word' id='word_1_609' title='bbox 1787 2046 1847 2070; x_wconf 68' lang='lat' dir='ltr'><em>gravi</em></span> <span class='ocrx_word' id='word_1_610' title='bbox 1863 2046 1889 2067; x_wconf 80' lang='lat' dir='ltr'><em>de</em></span> <span class='ocrx_word' id='word_1_611' title='bbox 1905 2054 1969 2068; x_wconf 73' lang='lat' dir='ltr'><em>causa</em></span> 
     </span>
     <span class='ocr_line' id='line_1_116' title="bbox 1786 2073 1970 2095; baseline 0.011 -3"><span class='ocrx_word' id='word_1_612' title='bbox 1786 2073 1840 2093; x_wconf 77' lang='lat' dir='ltr'><em>uiti-a</em></span> <span class='ocrx_word' id='word_1_613' title='bbox 1863 2078 1899 2093; x_wconf 73' lang='lat' dir='ltr'><em>sex</em></span> <span class='ocrx_word' id='word_1_614' title='bbox 1925 2074 1970 2095; x_wconf 78' lang='lat' dir='ltr'><em>dies</em></span> 
     </span>
     <span class='ocr_line' id='line_1_117' title="bbox 1786 2104 1971 2120; baseline 0.005 -1"><span class='ocrx_word' id='word_1_615' title='bbox 1786 2106 1798 2119; x_wconf 76' lang='lat' dir='ltr'><em>a</em></span> <span class='ocrx_word' id='word_1_616' title='bbox 1810 2105 1854 2119; x_wconf 69' lang='lat' dir='ltr'><em>suis</em></span> <span class='ocrx_word' id='word_1_617' title='bbox 1865 2104 1971 2120; x_wconf 62' lang='lat' dir='ltr'><em>monast-³—</em></span> 
     </span>
     <span class='ocr_line' id='line_1_118' title="bbox 1786 2126 1970 2148; baseline 0.022 -4"><span class='ocrx_word' id='word_1_618' title='bbox 1786 2126 1822 2145; x_wconf 51' lang='lat' dir='ltr'><em>riis</em></span> <span class='ocrx_word' id='word_1_619' title='bbox 1839 2132 1879 2146; x_wconf 82' lang='lat' dir='ltr'><em>non</em></span> <span class='ocrx_word' id='word_1_620' title='bbox 1890 2127 1970 2148; x_wconf 69' lang='lat' dir='ltr'><em>absint.</em></span> 
     </span>
    </p>
   </div>
  </div>
 </body>
</html>
