2182 3137
216 196 253 224 An
283 197 400 225 c.1730
445 189 486 222 78

245 1379 392 1405 Exemplirnes

210 1405 320 1427 lectorum.

407 246 461 277 bus
483 246 527 276 vel
549 245 743 285 specialibus,
773 245 1089 284 confirmatoribusque
1117 245 1147 275 in

407 300 473 325 artu
496 294 669 324 visitationis
692 298 719 323 et
743 294 975 324 confirmationis
1005 298 1148 324 monaste-

407 343 517 373 riorum
540 342 589 371 ubi
613 342 770 371 resideant.

465 392 494 420 6.
518 391 633 420 Possint
666 394 722 420 tam
746 391 780 420 ad
805 390 959 430 prandium
992 400 1078 431 quam
1111 391 1145 420 ad

407 448 527 469 coenam
555 439 584 468 in
614 439 762 469 communi
795 439 950 469 refectorio
983 444 1146 469 conventus

406 488 450 517 vel
473 488 501 517 in
525 487 675 526 designato
694 497 745 527 pro
768 487 892 518 infirmis
914 488 1077 525 comedere,
1101 488 1144 518 vel

405 536 454 566 ubi
477 536 548 575 ipsis
571 537 663 574 magis
686 536 869 566 commodum
887 536 973 567 suerit
989 547 996 573 ς
1014 541 1041 567 et
1056 537 1086 567 in
1102 546 1146 567 re-

406 585 525 615 fectorio
536 585 683 615 communi
696 585 725 615 in
739 587 840 615 mensa
848 585 1001 625 principali
1015 585 1143 620 sedeant,

405 634 450 663 vel
473 633 521 663 ubi
545 634 616 673 ipsis
640 635 731 672 magis
753 634 940 664 commodum
964 634 1106 664 videatur.

466 682 492 711 7.
511 682 584 721 Ipsis
606 682 776 720 designetur
798 683 896 712 socius
919 682 946 712 in
972 682 1144 712 necessariis

405 730 623 760 ministraturus
647 734 704 759 tam
728 730 757 759 in
781 730 861 760 cellis
878 739 964 770 quam
981 735 1060 760 extra
1084 739 1146 759 mo-

404 779 563 808 nasterium
587 779 851 818 progredientibus.

464 827 492 857 8.
504 827 608 857 Eorum
623 828 695 858 cella
708 828 808 858 eodem
826 828 911 858 modo
928 837 960 858 ac
978 828 1049 858 cella
1066 827 1146 866 prio-

403 875 444 905 ris
466 876 504 906 sit
526 876 722 915 privilegiata,
747 882 774 907 et
796 877 917 916 insuper
940 876 1052 915 ingredi
1079 885 1144 915 pos-

403 924 463 953 sint
484 924 513 954 in
537 925 608 955 alias
630 925 718 955 cellas
737 934 802 955 cum
826 925 962 955 omnibus
981 925 1142 955 associatis.

462 973 490 1003 9.
514 973 543 1004 Si
566 975 595 1004 in
619 975 744 1014 propriis
773 984 842 1005 suae
871 974 1061 1014 professionis
1085 983 1144 1004 mo-

402 1022 539 1052 nasteriis
555 1027 786 1061 commorentur,
804 1023 833 1052 in
850 1024 998 1053 communi
1020 1023 1142 1052 resecto-

402 1069 445 1100 rio
459 1070 534 1100 sicut
549 1079 671 1110 persona
687 1071 792 1110 prioris
807 1071 926 1101 tractari
941 1070 1081 1107 debeant,
1096 1080 1145 1100 ex-

403 1122 447 1149 tra
471 1119 543 1149 illud
566 1129 635 1150 vero
659 1124 717 1149 tam
741 1119 776 1149 ad
805 1120 960 1159 prandium
991 1128 1079 1159 quam
1109 1119 1143 1148 ad

403 1177 523 1199 coenam
547 1169 813 1199 extraordinarium
836 1169 908 1208 ipsis
930 1168 1096 1206 tribuatur3
1116 1172 1144 1198 et

402 1217 523 1257 insuper
549 1218 713 1257 egressuris
743 1228 757 1248 a
787 1218 967 1248 monasterio
992 1218 1089 1248 socius
1115 1222 1144 1248 et

403 1267 500 1297 mulae
524 1276 575 1306 pro
598 1267 669 1306 ipsis
691 1272 843 1307 parentur,
863 1272 895 1297 ut
916 1268 1021 1297 decore
1043 1271 1071 1297 et
1093 1276 1144 1297 au-

403 1316 538 1345 ctoritate
559 1315 666 1346 debitis
689 1325 703 1345 a
721 1316 898 1346 monasterio
921 1316 1120 1355 egrediantur.

442 1372 470 1393 v.
494 1363 628 1394 Patribus
650 1365 808 1395 lectoribus
838 1365 993 1395 actualiter
1020 1365 1144 1403 legenti-

403 1412 456 1442 bus
478 1417 506 1443 et
528 1412 658 1443 iubilatis
680 1413 881 1453 exemptiones
902 1417 1058 1453 sequentes
1075 1423 1143 1444 con·

402 1461 566 1492 ceduntur:

463 1511 491 1540 1,
515 1511 557 1541 Ad
579 1521 653 1541 onus
676 1512 830 1542 missarum
854 1521 905 1552 pro
935 1512 1143 1542 communitate

403 1568 460 1590 non
484 1563 650 1590 teneantur.

462 1608 491 1638 Ξ.
515 1608 557 1638 Ad
579 1609 691 1639 nullum
715 1609 843 1640 officium
870 1610 899 1640 in
930 1609 1044 1640 tabellis
1066 1618 1142 1640 com-

404 1657 544 1688 munibus
566 1658 769 1696 designentur.

463 1707 492 1736 3.
516 1706 665 1737 Gaudeant
686 1712 714 1738 et
737 1712 878 1739 vocentur
909 1708 993 1739 titulo
1016 1708 1143 1748 paterni-

404 1755 483 1785 tatis.

462 1805 492 1834 4.
510 1804 617 1835 Eorum
640 1806 731 1836 cellae
746 1806 805 1836 sint
819 1806 969 1843 iubilatae,
985 1810 1014 1836 et
1030 1804 1146 1844 ingredi

404 1853 516 1892 possint
531 1853 559 1883 in
577 1854 699 1884 aliorum
718 1856 926 1886 monachorum
945 1855 1044 1894 cellas,
1062 1855 1142 1885 horis

403 1902 514 1932 silentii
537 1904 686 1942 exceptis,
712 1909 859 1942 praeterea
882 1904 954 1944 ipsis
976 1904 1143 1943 designetur

404 1950 500 1980 socius
523 1959 574 1990 pro
596 1951 762 1981 assistentia
784 1952 813 1982 in
836 1952 921 1982 dictis
945 1953 1038 1982 cellis.

463 1999 491 2027 5.
513 1998 605 2028 Choro
634 1999 771 2030 assistere
804 2010 860 2030 non
895 2005 1061 2037 teneantur,
1085 2001 1141 2031 nisi

403 2046 531 2077 infestis
550 2047 804 2087 principalioribus
827 2059 840 2078 a
865 2049 960 2089 priore
982 2049 1142 2079 secundum

403 2096 644 2126 consuetudinem
680 2098 849 2127 monasterii
878 2098 1082 2135 celebrandis3
1113 2098 1141 2128 in

403 2144 530 2183 quibus,
554 2145 655 2184 primis
688 2150 716 2175 et
747 2147 881 2177 secundis
903 2148 1052 2187 vesperis,
1077 2156 1143 2187 pro-

403 2193 529 2223 cessioni
552 2197 580 2223 et
604 2193 709 2223 missae
732 2193 911 2226 intervenire
939 2196 1073 2226 debeant.
1101 2196 1142 2226 Ad

404 2242 581 2271 matutinum
605 2251 673 2272 vero
697 2243 798 2282 primis
820 2244 923 2274 diebus
945 2245 1038 2275 tribus
1060 2245 1143 2275 Nata-

404 2290 440 2320 lis
455 2315 462 2329 ,
486 2291 724 2321 Resurrectionis
757 2291 871 2322 Domini
894 2297 922 2323 et
945 2293 1141 2329 Pentecostes‚

404 2338 452 2368 die
474 2339 664 2378 Epiphaniae,
683 2339 869 2370 Ascensionis
892 2344 920 2370 et
936 2342 1074 2380 Corporis
1091 2342 1144 2371 Do-

404 2387 494 2424 mini,
528 2388 746 2428 Assumptionis
779 2389 963 2419 beatissimae
996 2390 1142 2428 Virginis,

403 2437 498 2466 sancti
514 2437 607 2476 patris
622 2438 714 2467 nostri
728 2437 907 2477 Hieronymi,
921 2437 1057 2468 Omnium
1074 2439 1145 2470 San-

404 2487 531 2522 ctorum,
548 2485 839 2516 Commemorationis
858 2486 1075 2526 defunctorum,
1093 2487 1146 2517 Pa-

406 2533 482 2562 troni
506 2533 549 2563 vcl
573 2533 699 2564 titularis
732 2534 904 2565 monasterii
935 2538 984 2565 aut
1015 2535 1144 2574 collegii,

405 2585 433 2612 et
459 2581 489 2612 in
517 2581 612 2614 triduo
637 2583 755 2614 maioris
783 2583 1001 2623 hebdomadae3
1029 2588 1144 2625 praete-

986 196 1170 221 BULLARUJM
1195 196 1353 221 ROMANUM

1191 254 1239 275 rea
1256 246 1377 276 sabbato
1399 249 1498 276 sancto
1523 245 1558 276 ad
1582 244 1815 285 completorium,
1830 244 1929 284 vigilia

1190 294 1354 325 Nativitatis
1386 294 1501 324 Domini
1533 294 1567 323 ad
1601 294 1747 333 primam,
1781 293 1929 323 dominica

1191 343 1377 374 Pentecostes
1400 344 1434 373 ad
1464 344 1593 382 tertiam,
1611 347 1638 373 et
1661 343 1690 373 in
1713 343 1759 373 die
1774 342 1931 372 Ascensio-

1190 392 1235 422 nis
1258 393 1294 422 ad
1316 402 1422 422 nonam
1446 393 1597 422 accedant.

1249 442 1278 471 G.
1302 442 1437 472 Actuales
1460 442 1583 472 lectores
1605 441 1703 480 legere
1725 450 1783 471 non
1810 444 1929 471 tenean-

1189 494 1247 528 tur,
1272 490 1328 520 nisi
1351 499 1444 529 usque
1477 490 1512 520 ad
1534 489 1758 527 Pentecostem3
1792 489 1930 529 imposte-

1188 547 1312 578 rumque
1335 538 1369 568 ab
1393 539 1443 568 illo
1466 539 1512 568 die
1536 548 1586 578 pro
1608 538 1679 577 ipsis
1702 538 1800 576 legant
1822 536 1929 568 substi-

1190 587 1254 624 tuti,
1279 587 1328 626 qui
1352 591 1489 627 poterunt
1507 596 1570 617 esse
1593 590 1754 626 passantes.

1250 636 1277 664 7.
1304 636 1458 675 Postquam
1482 635 1635 665 duodecim
1651 644 1743 664 annos
1765 635 1793 664 in
1816 634 1928 665 lectura

1190 684 1390 724 philosophiae
1413 689 1440 714 et
1465 683 1626 722 theologiae
1649 683 1679 713 in
1701 683 1812 712 nostris
1842 682 1930 712 colle-

1188 733 1243 771 giis
1266 733 1489 773 compleverint,
1513 732 1621 762 ceteris
1646 731 1797 771 requisitis
1830 731 1929 761 obser-

1189 782 1302 812 vantiae
1326 783 1477 820 religionis
1499 786 1528 812 et
1550 781 1729 820 integritatis
1751 789 1928 811 concurren-

1189 830 1279 868 tibus,
1297 831 1411 861 iubilati
1427 831 1554 861 existant
1569 834 1598 860 et
1614 830 1801 860 declarentur
1814 840 1821 867 3
1835 829 1930 860 omni-

1189 879 1300 918 busque
1330 879 1507 918 supradictis
1534 877 1770 918 exemptionibus
1792 878 1929 917 persuan-

1189 932 1254 965 tur,
1277 927 1434 957 dnmmodo
1457 931 1554 957 tamen
1576 935 1612 956 ex
1638 926 1736 956 debito
1763 926 1927 956 officiorum

1187 976 1315 1012 Ordinis,
1337 976 1359 1006 si
1383 985 1457 1015 qnae
1480 976 1535 1015 ipsi
1558 975 1693 1013 habeant,
1716 979 1783 1014 puta
1807 975 1925 1014 prioris,

1187 1022 1307 1062 vicarii,
1331 1028 1380 1054 aut
1401 1024 1546 1061 aliorum,
1571 1024 1754 1054 assistentiae
1786 1023 1868 1054 chori
1900 1027 1928 1054 et

1187 1072 1405 1102 communitatis
1428 1082 1486 1102 non
1509 1077 1674 1102 teneantur.

1228 1129 1266 1150 v1.
1287 1121 1387 1150 Patres
1410 1120 1511 1150 vicarii
1534 1120 1703 1159 generales,
1727 1121 1777 1160 qui
1800 1120 1928 1150 exercite
1965 1131 2041 1153 nsacm
2056 1132 2123 1159 pmi-
2161 1124 2164 1128 '

1187 1168 1290 1199 Ordini
1306 1169 1373 1199 sede
1388 1173 1509 1199 vacante
1526 1169 1728 1208 praefuerunt,
1742 1168 1846 1199 iisdem
1859 1178 1930 1207 gau·
1938 1158 2012 1206 ’νῖῗῖἕῗῃ
2027 1159 2123 1212 Ῑξὲἶὲζᾞ

1187 1207 1275 1248 deant
1299 1217 1547 1258 exemptionibus,
1576 1218 1682 1258 quibus
1704 1218 1827 1248 lectores
1855 1211 1976 1248 ium-¹0⁵·

1187 1268 1260 1304 lati3
1285 1272 1406 1308 excepto
1429 1272 1527 1298 tamen
1550 1267 1627 1307 quod
1649 1267 1754 1297 missas
1776 1276 1828 1306 pro
1850 1275 1928 1297 com-

1188 1317 1330 1347 munitate
1352 1316 1504 1347 celebrare
1527 1320 1691 1347 teneantur.

1225 1374 1275 1395 vu.
1299 1365 1446 1395 Monachis
1478 1365 1528 1404 qui
1560 1368 1686 1404 quatuor
1719 1373 1840 1394 munera
1872 1373 1924 1395 seu
1972 1385 2122 1410 nxnmnuones

1186 1414 1343 1453 dignitates
1365 1414 1558 1444 obtinuerunt
1573 1418 1601 1444 et
1616 1413 1850 1453 compleverunt,
1867 1421 1928 1444 ser·
1937 1417 1974 1438 ΡΜ
1987 1413 2013 1433 ⁵⁶⁵
2024 1414 2059 1440 ‘¹¹¹⁵
2070 1419 2122 1440 qna-
2166 1428 2170 1431 μ

1186 1467 1291 1493 ventur
1324 1463 1523 1503 exemptiones
1556 1466 1733 1502 sequentes,
1765 1441 2026 1492 nimirum3²c¹issiiiifa
2042 1440 2124 1492 ht'iisb‘i:

1185 1510 1267 1546 Quod
1285 1521 1341 1542 non
1359 1515 1515 1541 teneantur
1531 1511 1670 1541 accedere
1692 1510 1727 1540 ad
1748 1510 1926 1541 matutinum
1939 1492 2018 1540 iiiiii?
2029 1494 2122 1519 ⁰⁰m⁹¹⁰'

1187 1560 1283 1590 medie
1305 1564 1411 1597 nocte,
1435 1559 1493 1590 nisi
1527 1559 1555 1589 ln
1588 1558 1670 1589 festis
1699 1557 1928 1589 solemnioribus

1185 1609 1372 1640 celebrandis
1387 1619 1401 1639 a
1418 1609 1533 1649 priore,
1554 1617 1608 1638 nec
1625 1607 1734 1648 pariter
1749 1608 1785 1638 ad
1800 1607 1926 1648 aliquam

1186 1658 1287 1689 horam
1310 1658 1482 1689 canonicam
1505 1657 1609 1688 diebus
1632 1656 1783 1687 ferialibus
1806 1660 1833 1687 et
1855 1656 1926 1686 sim-

1187 1707 1312 1747 plicibus
1335 1716 1386 1747 per
1409 1711 1501 1737 totum
1524 1715 1643 1737 annum.

1225 1756 1346 1786 Munera
1362 1760 1458 1786 autem
1476 1765 1526 1786 seu
1543 1755 1699 1793 dignitates
1715 1754 1750 1784 ad
1766 1754 1817 1784 has
1830 1761 1928 1784 exem-

1186 1805 1299 1844 ptiones
1332 1804 1487 1835 lucrandas
1520 1808 1588 1834 sunt
1607 1813 1612 1832 :
1648 1805 1793 1843 prioratus
1822 1802 1926 1832 domus

1185 1853 1337 1884 electionis
1359 1857 1409 1884 aut
1431 1852 1563 1891 collegii,
1588 1853 1632 1882 vel
1656 1852 1742 1882 huius
1764 1855 1927 1882 rectoratus

1186 1902 1299 1941 integre
1321 1901 1504 1941 completus3
1528 1901 1667 1931 definitor
1693 1900 1814 1939 capituli
1839 1908 1928 1938 gene-

1186 1951 1276 1987 ralis;
1301 1951 1433 1981 visitator
1456 1949 1612 1988 generalis,
1633 1949 1684 1989 qui
1706 1949 1737 1979 in
1760 1948 1860 1987 regnis
1875 1948 1928 1978 Ca-

1185 2000 1286 2030 stellae
1309 1999 1463 2030 duodecim
1486 1999 1520 2028 ad
1554 1998 1650 2028 minus
1673 1997 1849 2028 monasteria
1864 2021 1872 2036 ,
1895 1996 1927 2027 in

1185 2049 1320 2079 Baeticae
1343 2048 1442 2086 regnis
1464 2047 1581 2086 decem,
1599 2052 1627 2077 et
1645 2047 1675 2077 in
1691 2046 1853 2085 Aragoniae
1875 2054 1925 2075 sex

1186 2098 1312 2128 exercite
1329 2096 1507 2133 visitaverit,
1523 2096 1700 2126 secretarius
1715 2093 1881 2134 generali53
1897 2098 1926 2124 et

1187 2151 1359 2187 procurator
1381 2145 1536 2184 generalis.

1226 2205 1286 2226 vm.
1306 2195 1454 2225 Monachis
1470 2194 1589 2233 triginta
1613 2202 1704 2224 annos
1723 2202 1737 2223 a
1760 2193 1927 2232 receptione
1960 2208 2020 2229 Aha„
2031 2213 2068 2235 m„
2079 2213 2123 2229 mo·
2171 2203 2182 2210 -

1186 2245 1303 2275 habitus
1333 2243 1508 2274 habentibus
1537 2243 1648 2273 servari
1677 2241 1804 2272 debeant
1831 2235 2012 2282 exem-2252?
2035 2236 2122 2282 {ffffffss}

1186 2294 1301 2334 ptiones
1323 2293 1352 2323 in
1376 2292 1499 2332 singulis
1517 2291 1700 2322 monasteriis
1715 2291 1928 2322 consuetudine
1938 2287 2074 2310 habfflffiffl*

1186 2346 1215 2372 et
1238 2341 1320 2381 praxi
1343 2341 1529 2372 introductae
1548 2345 1576 2370 et
1597 2340 1779 2377 observatae,
1796 2339 1832 2369 ad
1855 2348 1927 2379 quas

1175 2391 1343 2428 ,lucrandas
1367 2390 1497 2427 vicariis,
1519 2389 1697 2419 novitiorum
1720 2388 1869 2427 magistris
1899 2391 1928 2418 et

1186 2438 1403 2469 correctoribus
1434 2442 1556 2475 cantus,
1580 2437 1655 2468 ultra
1677 2446 1769 2467 annos
1791 2436 1927 2473 habitus,

1186 2488 1422 2527 superaddantur
1442 2487 1486 2518 illi
1513 2487 1620 2527 quibus
1642 2487 1714 2517 haec
1735 2485 1831 2516 officia
1854 2484 1929 2516 obti-

1173 2540 1325 2567 inuerunt.

1227 2594 1265 2617 1x.
1290 2585 1425 2618 Patribus
1442 2584 1690 2626 praedicatoribus
1713 2584 1811 2623 regiae
1835 2584 1927 2616 maie·
1939 2583 2048 2612 Alincum
2060 2588 2124 2616 praef

1929 195 1980 224 An.
2001 197 2032 225 c.
2054 197 2122 227 ¹730

2170 2073 2182 2126 l

2166 2163 2182 2217 3,

2165 2219 2182 2256 3

2164 2255 2182 2410 ξ

2164 2405 2182 2439 Ἀ

2162 2466 2182 2506 ὲ

2166 2579 2180 2614 3
