2182 3137
179 222 230 249 An.
251 222 368 250 &1732
414 214 477 247 314ι

371 283 440 304 rum
467 271 599 305 cuilibet
625 273 734 315 quavis
761 272 854 304 aliter
880 271 1040 303 iudicandi
1079 276 1106 303 et

371 325 606 368 interpretandi
646 326 795 358 facultate
835 330 866 358 et
897 324 1108 364 auctoritate,

371 378 504 410 iudicari
531 383 561 410 et
586 377 711 410 definiri
738 377 878 417 debere,
915 388 950 410 ac
983 377 1108 410 irritum

372 437 404 463 et
428 431 522 463 inane
548 430 573 463 si
599 441 691 463 secus
707 440 805 473 super
823 429 872 463 liis
893 441 909 462 a
930 440 1108 474 quoquam,

373 483 482 527 quavis
507 484 710 523 auctoritate,
729 483 866 516 scienter
887 482 935 516 vel
960 483 1109 526 ignoran-

372 542 443 578 ter,
469 537 644 580 contigerit
679 536 840 569 attentari.
878 536 1034 575 Quocirca
1064 535 1109 567 di-

371 590 457 623 lecto
483 590 549 623 filio
575 594 688 623 nostro
709 589 803 622 Petro
824 588 1009 622 Marcellino
1027 588 1109 620 eius-

371 644 445 676 dcm
470 642 499 675 S.
529 642 565 675 R.
592 642 625 675 E.
648 641 840 686 presbytero
862 641 1014 674 cardinali
1033 639 1109 673 Cor>—

371 695 486 728 radino
522 700 732 739 nuncupato,
769 695 926 728 moderno
971 705 1006 726 ac
1049 703 1109 736 pro

372 755 518 792 tempore
544 749 691 782 existenti
717 749 820 781 dictae
839 746 1108 790 Congregationis

370 803 570 836 Cassinensis
610 803 693 846 apud
733 802 847 835 Sedent
889 800 1109 843 Apostolicam

370 856 560 900 protectori,
586 855 776 888 auctoritate
803 859 830 886 et
859 860 970 886 tenore
988 853 1110 896 praefa-

372 911 412 943 tis
439 909 667 943 committimus
692 914 724 940 et
745 908 932 939 mandamus
958 912 993 939 ut
1018 917 1109 949 prae-

371 968 481 996 sentes
508 967 633 994 nostras
659 960 793 1000 litteras,
822 970 857 991 ac
881 959 911 991 in
940 959 984 992 eis
1003 959 1109 1003 dispo-

373 1016 433 1049 sita
450 1022 481 1049 et
501 1019 650 1048 contenta
675 1023 908 1056 quaecumque,
928 1012 1108 1045 executioni

372 1068 569 1106 demandari,
587 1077 622 1099 ac
638 1065 771 1098 omnino
789 1064 952 1097 observari
971 1070 1061 1097 curet
1079 1070 1110 1097 et

371 1122 476 1155 saciat.
502 1121 572 1154 Non
599 1119 805 1152 obstantibus
840 1119 1048 1162 praemissis,
1075 1129 1110 1151 ac

372 1174 656 1209 constitutionibus
693 1178 724 1205 et
749 1172 1010 1206 ordinationibus
1037 1183 1111 1215 apo-

371 1229 512 1270 stolicis,
551 1237 703 1267 necnon,
738 1232 898 1270 quatenus
935 1237 1016 1270 opus
1046 1227 1108 1267 sit,

370 1282 518 1322 Ordinis,
544 1280 813 1324 Congregationis
840 1291 875 1313 ac
900 1281 1111 1313 monasterio—

371 1347 443 1369 rum
480 1335 742 1379 pracdictorum,
768 1338 795 1367 et
824 1333 989 1377 quibusvis
1016 1333 1107 1373 aliis,

372 1389 467 1423 etiam
492 1389 684 1427 iuramento,
711 1387 954 1420 confirmatione
984 1392 1111 1429 aposto-

370 1440 442 1481 lica,
470 1441 518 1473 vel
544 1439 653 1483 quavis
678 1438 829 1471 firmitate
862 1438 924 1471 aliti
939 1437 1110 1477 roboratis,

372 1494 509 1534 statutis,
522 1493 632 1526 usibus
650 1497 681 1525 ct
697 1492 1000 1532 consuetiulinibuS,
1015 1491 1110 1524 etiam

372 1546 686 1581 immemorabilibus
703 1573 710 1586 ,
745 1545 923 1589 privilegiis
960 1556 1112 1588 quoque,

372 1600 505 1634 indultis
542 1605 574 1633 et
609 1599 724 1633 litteris
751 1598 958 1642 apostolicis,
984 1598 1016 1631 in
1042 1609 1114 1631 con-

372 1655 505 1688 trarium
521 1654 772 1697 praemissorum
783 1652 1028 1695 quomodolibet
1042 1662 1112 1684 con-

372 1708 481 1748 cessis,
508 1706 703 1740 confirmatis
731 1711 763 1738 et
788 1705 967 1746 innovatis3
994 1705 1112 1749 quibus

375 1761 522 1794 omnibus
559 1765 591 1793 et
625 1759 781 1802 singulis,
819 1758 948 1792 illorum
983 1763 1112 1791 tenores

372 1813 601 1857 praesentibus
636 1822 697 1855 pro
733 1812 829 1855 plene
862 1817 893 1844 et
917 1812 1114 1844 sufficienter

375 1866 535 1910 expressis
569 1877 604 1899 ac
640 1866 678 1898 de
707 1865 805 1899 verbo
838 1866 875 1898 ad
909 1866 1042 1898 verbum
1067 1865 1114 1897 in-

373 1920 466 1953 sertis
491 1919 661 1959 habentes,
687 1918 750 1952 illis
773 1918 851 1951 alias
869 1918 900 1950 in
920 1929 977 1951 suo
995 1918 1113 1951 robore

374 1973 608 2018 permansuris,
625 1973 663 2005 ad
681 1972 934 2016 praemissorum
953 1971 1113 2013 effectum,

374 2027 436 2060 liae
449 2027 517 2060 vice
532 2026 706 2066 dumtaxat,
718 2025 903 2069 specialiter
917 2030 947 2058 et
961 2035 1114 2069 expresse

375 2080 594 2122 derogamus3
629 2078 812 2122 ceterisque
846 2079 1017 2112 contrariis
1049 2079 1115 2122 qui-

373 2134 589 2175 buscumque.
611 2132 765 2165 Volumus
788 2137 904 2171 autem,
923 2137 958 2164 ut
972 2133 1114 2176 ipsarum

374 2186 598 2231 praesentium
615 2185 795 2218 litterarum
815 2185 1038 2229 transumpti5‚
1060 2196 1115 2219 seu

376 2239 541 2282 exemplis,
558 2238 653 2271 etiam
673 2238 851 2281 impressis,
867 2249 962 2271 manu
979 2239 1115 2272 alicuius

375 2292 494 2326 notarii
530 2291 653 2335 publici
689 2291 903 2335 subscriptis,
940 2298 972 2325 et
1007 2292 1115 2336 sigillo

376 2355 536 2389 personae
561 2345 592 2377 in
618 2344 834 2377 ecclesiastica
863 2345 1018 2388 dignitate
1045 2356 1117 2378 con-

377 2399 510 2432 stitutae
549 2397 703 2438 munitis,
742 2398 853 2430 eadem
878 2409 1012 2441 prorsus
1038 2398 1117 2431 fides

378 2453 410 2485 in
447 2452 567 2484 iudicio
604 2456 635 2484 et
672 2456 762 2484 extra
797 2451 1008 2493 adhibeatur,
1034 2463 1115 2495 quae

379 2505 585 2538 adliibetetur
610 2504 688 2548 ipsis
714 2505 939 2548 praesentibus
963 2506 987 2538 si
1011 2505 1118 2539 forent

379 2559 543 2592 exhibitae
567 2560 616 2592 vel
644 2564 803 2591 ostensae.

421 2613 536 2647 Datum
563 2612 692 2654 Romae,
714 2612 798 2658 apud
825 2612 855 2647 S.
876 2612 1003 2646 Mariam
1025 2613 1114 2648 Maio·

952 222 1131 246 BULLARtmt
1158 220 1308 245 ROMANUM

1154 280 1231 309 rein,
1259 269 1318 301 sul»
1344 269 1464 301 annulo
1490 269 1671 308 piscatoris,
1698 268 1749 301 die
1777 279 1820 302 vii
1846 269 1889 301 f'c-

1154 323 1273 355 bruarii
1312 332 1506 362 nnccxxxu,
1542 321 1749 364 pontificatus
1786 321 1888 354 nostri

1153 387 1237 409 anno
1262 386 1295 409 11.

1188 439 1246 466 Dat.
1268 439 1311 466 die
1330 439 1344 464 7
1366 437 1495 464 februarii
1517 437 1596 470 1732,
1617 437 1712 473 pontif.
1734 445 1803 464 anno
1824 443 1850 463 11.

1440 491 1474 523 F.
1503 491 1595 524 card.
1623 490 1801 525 OLlVERtUS.

1492 642 1555 675 LII.

1154 724 1358 756 Revormztw·
1389 722 1533 755 diversae
1564 722 1736 765 facultates
1770 732 1790 754 a
1825 721 1890 755 Ro-

1197 777 1305 809 mam's
1330 776 1543 818 Pontificibus
1577 786 1635 819 per
1670 785 1780 808 eorum
1803 775 1894 808 vivae

1197 830 1281 862 vocis
1306 829 1475 862 oraculum
1511 829 1560 862 vel
1584 829 1742 872 rescripta
1776 838 1893 861 conces-

1197 893 1260 915 sae.

1366 953 1500 980 Clemens
1521 953 1601 986 Papa
1619 953 1682 985 xn,

1258 997 1295 1024 ad
1330 1000 1507 1031 perpetuam
1531 997 1576 1024 rei
1596 996 1778 1023 memoriam.

1198 1067 1360 1100 Romanus
1396 1067 1566 1106 Pontifex,
1596 1066 1702 1109 gregis
1739 1066 1893 1100 dominici
1931 1074 2052 1096 Exordium.

1154 1131 1269 1161 curae,
1294 1120 1353 1153 sibi
1391 1120 1543 1153 divinitus
1569 1120 1778 1161 commissae,
1803 1129 1894 1153 more

1155 1174 1257 1207 seduli
1284 1173 1423 1216 pastoris
1447 1173 1567 1217 iugiter
1591 1172 1791 1215 advigilans,
1817 1183 1894 1206 non-

1155 1228 1251 1266 nulla,
1279 1237 1359 1270 quae
1377 1238 1394 1259 a
1412 1226 1721 1270 praedecessoribus
1738 1225 1802 1258 suis
1819 1236 1894 1259 con-

1155 1291 1245 1313 cessa
1272 1285 1473 1320 noscuntur,
1506 1279 1597 1312 iustis
1633 1279 1793 1311 interdum
1821 1290 1894 1312 sua-

1156 1333 1306 1366 dentibus
1332 1333 1444 1372 causis,
1471 1333 1588 1376 quibus
1615 1332 1806 1376 praesertim
1843 1342 1895 1365 ec-

1156 1386 1356 1419 clesiasticae
1394 1386 1588 1429 disciplinae
1627 1385 1892 1426 conservationi,

1157 1439 1336 1472 animarum
1355 1438 1614 1472 christifidelium
1630 1438 1738 1478 saluti,
1755 1448 1791 1471 ae
1808 1442 1895 1471 recto

1157 1503 1266 1526 rerum
1293 1493 1398 1526 ordini
1425 1492 1618 1532 consulitur,
1642 1502 1701 1536 pro
1722 1491 1895 1535 apostolici

1156 1547 1298 1579 muneris
1324 1546 1369 1579 sui
1396 1545 1614 1579 sollicitudine
1631 1545 1833 1586 moderatur,
1849 1555 1896 1578 re-

1157 1605 1247 1633 vocat
1272 1606 1302 1633 et
1327 1599 1496 1641 immutat,
1523 1599 1639 1640 sicuti,
1667 1599 1818 1633 omnibus
1845 1599 1896 1632 de-

1156 1653 1243 1686 bitae
1269 1652 1538 1686 considerationis
1560 1652 1680 1686 trutina
1703 1652 1895 1697 perpensis,

1157 1706 1318 1749 conspicit
1333 1706 1364 1737 in
1378 1705 1515 1739 Domino
1536 1706 1712 1738 salubriter
1727 1705 1894 1750 expedire.

1201 1760 1215 1803 ξ
1241 1760 1271 1793 l.
1298 1759 1408 1802 Itaque
1435 1759 1474 1792 de
1500 1760 1736 1793 nonnullorum
1764 1769 1898 1792 venera-

1157 1813 1271 1846 bilium
1296 1814 1428 1846 fratrum
1453 1818 1638 1846 nostrorum
1658 1812 1690 1845 S.
1709 1812 1745 1845 R.
1765 1812 1800 1845 E.
1828 1822 1898 1845 car-

1159 1867 1317 1900 dinalium
1343 1866 1479 1899 consilio
1496 1893 1503 1907 ,
1531 1877 1567 1899 ae
1591 1866 1686 1899 etiam
1711 1870 1801 1899 motu
1826 1876 1899 1909 pro-

1160 1920 1257 1964 prio,
1295 1925 1326 1953 et
1363 1931 1399 1953 ex
1438 1921 1523 1953 certa
1549 1919 1683 1953 scientia
1719 1924 1751 1952 et
1775 1920 1900 1952 matura

1160 1974 1398 2008 deliberatione
1424 1974 1554 2014 nostris,
1575 1974 1680 2017 deque
1701 1972 1898 2016 apostolicae

1159 2027 1327 2071 potestatis
1353 2026 1566 2071 plenitudine,
1583 2026 1693 2060 onmia
1718 2031 1750 2059 et
1773 2026 1899 2069 singula

1159 2080 1366 2124 infrascripta
1384 2080 1519 2120 indulta,
1534 2079 1702 2112 facultates
1721 2084 1753 2112 et
1769 2078 1897 2122 gratias,

1159 2144 1241 2177 quae
1280 2139 1341 2166 tam
1378 2133 1416 2166 ad
1449 2132 1720 2176 supplicationem
1745 2132 1896 2175 partium,

1160 2198 1254 2230 quam
1281 2192 1367 2220 motu
1383 2214 1390 2227 ,
1414 2186 1548 2219 scientia
1584 2191 1617 2219 et
1640 2185 1808 2229 potestatis
1832 2186 1900 2229 ple-

1160 2240 1307 2273 nitudine
1333 2240 1507 2279 similibus,
1534 2239 1717 2272 aRomanis
1734 2238 1900 2272 Pontifici-

1160 2293 1218 2326 bus
1245 2293 1552 2337 praedecessoribus
1578 2292 1708 2333 nostris,
1736 2292 1825 2326 vivae
1850 2302 1901 2326 eo-

1160 2358 1230 2379 rum
1263 2348 1348 2380 vocis
1373 2347 1526 2386 oraculo,
1563 2347 1613 2380 vel
1648 2357 1709 2390 per
1745 2346 1901 2390 rescripta

1160 2401 1293 2444 propria
1319 2400 1460 2440 illorum,
1487 2405 1542 2432 aut
1563 2400 1602 2433 de
1620 2410 1731 2433 eorum
1749 2399 1899 2433 mandato

1161 2453 1299 2486 cuiusvis
1332 2453 1361 2486 S.
1395 2452 1431 2485 R.
1461 2453 1496 2486 E.
1524 2452 1689 2496 praefatae
1726 2452 1899 2485 cardinalis

1162 2506 1336 2539 alteriusve
1360 2506 1504 2550 ipsorum
1530 2506 1821 2549 praedecessorum
1849 2506 1899 2539 vel

1161 2559 1251 2593 Sedis
1285 2560 1492 2603 Apostolicae
1525 2559 1671 2592 officialis
1696 2564 1727 2592 et
1759 2558 1898 2592 ministri

1161 2624 1257 2647 manu
1283 2614 1419 2657 signata,
1446 2613 1704 2658 quibuscumque
1726 2612 1898 2657 utriusque

1894 220 1942 245 An.
1963 219 1993 247 C.
2012 220 2078 249 1732

1971 1764 2090 1786 Revocatio

1908 1791 2041 1814 indultorum.
