2182 3137
205 191 256 219 An.
273 193 304 220 c,
327 192 395 220 1730
440 183 505 216 1⁹24

399 242 429 271 in
451 242 624 271 monasteriis
638 242 710 279 riget
726 240 798 271 Ordo
820 241 863 270 vel
884 241 997 279 deficit:
1019 241 1043 269 si
1064 244 1142 269 extra

399 291 564 320 'nonasteria
585 290 673 319 solent
693 291 855 328 frequenter
876 290 974 323 θείω,-
1004 290 1029 317 si
1050 290 1079 317 in
1100 298 1144 317 re-

397 339 502 377 gimine
533 339 627 367 domus
658 343 714 367 tam
736 338 765 367 in
787 337 981 376 spiritualibus
1011 346 1092 376 quam
1113 337 1143 366 in

399 387 595 426 temporalibus
626 388 682 415 sint
712 386 826 416 solliciti
856 391 880 416 et
909 387 1043 420 discreti,·
1065 390 1090 415 et
1112 395 1143 415 ea

400 446 468 475 quae
496 436 662 465 correctione
693 435 776 474 digna
806 435 1017 474 perpenderint,
1041 435 1071 464 in
1093 435 1144 463 sua

399 485 541 524 scriptura
565 485 669 513 secreta
690 484 872 514 conscribant.

440 534 535 564 Postea
558 535 725 571 interrogent
746 534 777 562 de
797 543 864 572 pace
882 533 996 567 domus,
1020 531 1145 561 videlicet

397 585 504 624 prioris
524 594 587 613 cum
609 583 762 620 monacbis,
786 586 810 611 et
832 582 1026 611 monachorum
1048 581 1082 610 ad
1103 581 1144 610 in-

399 636 508 664 vicem:
541 633 565 662 si
595 641 690 671 pacem
723 641 775 660 non
807 640 863 659 esse
894 631 1059 664 invenerint,
1083 639 1145 658 cum

399 683 473 712 omni
493 682 582 711 studio
603 690 713 710 causum
735 680 888 718 inquirant,
914 681 999 717 eaque
1024 678 1142 716 cognita,

400 731 448 769 qui
468 731 575 769 fuerint
598 730 626 758 in
648 728 731 766 culpti
753 727 872 765 legitime
892 729 1058 766 puniantur.
1087 726 1145 755 Ea:-

401 779 464 808 inde
485 779 608 817 ipsorum
630 776 742 815 quilibet
764 777 958 813 interrogetur,
976 775 1096 813 qualiter
1117 783 1144 802 se

400 826 526 855 monachi
548 827 577 854 in
599 825 777 853 obsera-antiis
801 824 914 853 Ordinis
937 824 1045 861 babent,
1068 823 1144 852 scili-

400 878 440 903 cet
454 885 463 903 :
486 876 515 904 in
538 884 591 903 non
614 874 733 903 babendo
753 873 911 912 proprium,
929 873 958 902 in
976 872 1144 901 continentia

401 927 426 952 et
449 925 477 952 in
497 923 621 962 propriis
641 922 760 960 pastoris
782 921 948 955 obedientia,
971 922 1003 949 in
1023 920 1144 949 eiusdem

400 975 504 1010 suaque
526 972 560 1000 ad
582 971 698 999 invicem
719 971 886 1007 reuerentia,
904 970 933 998 in
955 969 1086 998 servando
1108 968 1146 997 si-

402 1020 485 1049 lentio
508 1020 582 1048 lieris
605 1022 631 1048 et
655 1018 820 1056 temporibus
845 1018 1019 1051 constitutis,
1044 1018 1073 1046 in
1102 1017 1146 1045 de-

401 1069 464 1098 bilis
486 1068 669 1104 abstinentiis,
692 1068 722 1096 in
744 1067 873 1096 veniendo
890 1066 924 1094 ad
946 1065 1107 1100 ecclesiam:
1122 1066 1146 1094 si

399 1120 552 1159 presbyteri
573 1118 665 1147 crebro
687 1117 841 1150 celebrant;
865 1117 889 1145 si
910 1116 969 1144 sinc
992 1124 1144 1151 murmure,

401 1179 469 1208 quae
491 1168 543 1197 sibi
564 1168 596 1196 cle
618 1167 697 1195 domu
713 1166 919 1198 ministrantur,
937 1164 1089 1202 accipiunt,
1107 1164 1147 1192 eis

401 1218 536 1251 contenti,·
554 1218 577 1245 si
593 1227 608 1245 a
621 1215 736 1255 petendo
759 1215 930 1244 inordinatas
953 1213 1077 1242 licentias
1095 1213 1147 1242 sibi

401 1270 515 1299 cavent,·
531 1266 555 1294 si
577 1266 606 1294 in
628 1264 732 1292 mutuis
747 1262 890 1301 colloquiis
911 1265 958 1291 aut
980 1270 1041 1290 cum
1057 1261 1148 1300 hospi-

402 1315 473 1344 tibus
495 1324 542 1343 seu
561 1311 748 1342 saecularibus
776 1311 820 1339 vel
849 1311 913 1339 aliis
941 1311 1065 1349 personis
1087 1311 1147 1348 qui-

403 1363 516 1392 buslibet
545 1362 675 1400 religioni
703 1360 820 1389 debitam
849 1359 1003 1388 custodiunt
1026 1359 1148 1387 honesta-

402 1417 466 1442 tem.
491 1412 607 1441 Demum
629 1411 652 1439 si
673 1410 859 1439 curiositatem
883 1410 983 1442 ritant,
1007 1409 1031 1437 si
1053 1407 1149 1437 lauda-

403 1462 495 1490 biliter
518 1460 614 1499 culpas
636 1461 665 1488 in
687 1459 808 1497 capitulo
830 1458 873 1488 vel
892 1458 958 1488 alibi
973 1459 1145 1497 confitentur,

403 1511 427 1539 si
449 1511 478 1539 in
497 1509 710 1548 reprehensione
736 1512 799 1536 sunt
822 1507 939 1537 humiles
961 1512 985 1536 et
1008 1509 1037 1536 in
1058 1517 1149 1536 emen-

403 1559 512 1587 datione
534 1556 699 1592 tractabiles,
723 1561 761 1585 est
782 1556 898 1585 sollicite
916 1557 1146 1594 perquirendum.

405 1607 460 1636 Pro
481 1605 675 1644 temporalium
697 1614 803 1642 quoque
823 1609 924 1633 statum
946 1605 1147 1642 cognoscendo,-

404 1666 440 1684 an
461 1656 555 1684 domus
574 1658 691 1692 gravata
713 1655 747 1682 sit
769 1653 865 1682 debitis
881 1657 905 1682 et
920 1658 1052 1691 quantum
1065 1664 1076 1687 ,·
1095 1662 1149 1681 non

403 1709 494 1733 tamen
524 1704 569 1733 cui
597 1703 640 1731 rel
669 1702 765 1740 quibus
794 1702 952 1741 specialiter
974 1702 1077 1739 debeat,
1103 1711 1150 1731 nec

404 1756 428 1783 si
451 1753 515 1792 quid
538 1756 704 1791 quantumve
726 1752 755 1780 in
776 1752 905 1790 depositis
927 1751 1041 1785 habeat,
1066 1755 1114 1780 aut
1135 1761 1150 1780 a

405 1803 503 1842 quibus
531 1803 652 1840 deposita
681 1801 843 1838 susceperit,
866 1803 905 1828 est
927 1800 1086 1838 diligentius
1109 1800 1151 1828 in-

406 1850 581 1890 quirendum.
605 1849 636 1879 Si
654 1849 739 1885 igitur
761 1849 855 1877 domus
877 1848 972 1877 debitis
993 1849 1151 1876 ‘inveniatur

403 1903 519 1938 granata
533 1921 540 1935 ,
574 1897 655 1927 nullii
686 1899 769 1926 causa
805 1897 966 1926 rationabili
1002 1900 1151 1935 apparente

405 1959 473 1988 quae
493 1949 616 1987 priorem
638 1951 756 1981 eoecusct,
779 1947 808 1975 in
831 1947 921 1985 ipsum
947 1946 1029 1984 culpa
1050 1946 1151 1974 redun-

405 1998 459 2026 det.
494 1996 584 2034 Super
614 1995 737 2024 omnibus
767 1995 930 2033 praemissis
950 1993 1113 2031 singillatim
1135 2004 1150 2022 a

405 2045 524 2083 singulis
546 2044 694 2077 monachis,
719 2047 775 2072 tam
796 2043 827 2071 de
843 2044 941 2079 priore
967 2052 1048 2081 quam
1069 2043 1101 2071 de
1123 2053 1150 2072 se

407 2094 475 2133 ipsis
498 2094 532 2122 ad
555 2093 682 2130 invicem,
701 2095 739 2120 est
754 2101 815 2120 cum
830 2092 903 2119 omni
918 2092 1006 2120 studio
1023 2091 1150 2129 facienda

406 2143 561 2182 inquisitio.
584 2141 638 2171 Sed
652 2145 676 2170 et
692 2143 716 2169 si
732 2141 791 2179 quis
810 2141 1003 2169 monachorum
1025 2141 1055 2169 in
1074 2142 1151 2178 prio-

407 2202 437 2220 re
460 2191 499 2219 nel
522 2191 550 2219 in
566 2189 659 2228 aliquo
680 2189 734 2218 alio
756 2190 788 2217 de
806 2189 1016 2227 Congrcgatione
1033 2190 1149 2226 crimen,

408 2240 448 2269 vel
471 2240 578 2278 aliquid
600 2238 676 2267 aliud
698 2238 767 2276 quod
787 2236 899 2275 dignum
918 2238 953 2266 sit
968 2238 1152 2266 emendatione

409 2289 449 2318 vel
472 2289 643 2318 accusatione
665 2288 827 2324 cognoverit,
852 2287 933 2315 etiam
956 2296 1010 2315 non
1030 2287 1150 2315 interro-

407 2343 486 2375 galus
508 2338 578 2367 illud
594 2337 778 2366 visitatoribus
794 2337 937 2365 insinuare
952 2340 1058 2365 temnu-
1070 2347 1080 2370 ,·
1099 2346 1150 2364 non

410 2392 499 2415 tamen
533 2387 562 2415 in
584 2390 717 2414 conrentu
749 2395 795 2413 seu
821 2385 935 2423 palam,
960 2385 1015 2413 nisi
1039 2384 1152 2423 probari

410 2439 500 2474 queat,
530 2439 555 2463 et
589 2444 672 2472 super
700 2443 729 2462 eo
753 2433 865 2472 publica
893 2432 994 2461 laboret
1020 2433 1150 2471 infamia.

413 2483 539 2514 Ceterum
560 2493 591 2512 ea
613 2492 681 2521 quae
696 2482 748 2511 sibi
763 2482 953 2515 insinuantur,
972 2490 1020 2510 nec
1040 2481 1154 2520 probari

408 2536 532 2571 possunt,
556 2531 701 2569 diligenter
734 2542 749 2560 a
781 2532 890 2560 remotis
922 2531 1076 2568 inquirant,
1101 2540 1154 2559 non

412 2581 551 2610 nominaui
572 2581 700 2619 persenti,
723 2580 769 2608 sed
791 2580 822 2609 de
843 2580 907 2609 vitio
929 2579 1092 2618 inquirendo
1104 2590 1114 2614 ,·
1130 2580 1154 2609 si

984 192 1166 215 BULLARIUM
1192 191 1349 216 nOMANUM

1185 241 1258 278 forte
1280 240 1351 279 quad
1371 240 1530 269 credebatur
1552 240 1696 274 occultum,
1718 242 1804 279 possit
1826 241 1855 269 in
1875 250 1930 279 pu-

1186 288 1287 318 blicum
1306 288 1454 328 propalari
1465 300 1476 323 ,·
1505 293 1582 318 caute
1603 293 1704 325 tamen,
1728 293 1758 318 ut
1778 299 1813 318 ex
1836 289 1929 319 huius-

1186 337 1258 366 modi
1272 337 1450 376 inquisitione
1465 347 1517 366 non
1533 341 1627 376 surgat
1641 337 1760 376 infamia
1782 337 1828 366 ubi
1847 337 1930 376 prius

1186 395 1240 414 non
1261 390 1320 415 erat
1333 398 1343 420 ,·
1366 386 1418 422 vel,
1442 387 1466 415 si
1488 386 1583 425 aliqua
1600 390 1670 423 erat,
1694 386 1808 415 minime
1829 395 1929 424 augea-

1186 437 1243 471 tur,
1267 436 1346 463 z'umta
1367 434 1438 464 illud
1460 435 1529 473 quod
1549 436 1642 464 nostra
1664 439 1778 464 cauetur
1799 437 1829 465 in
1851 446 1931 475 regu-

1187 482 1236 511 la:
1260 482 1289 512 Si
1312 483 1423 522 possint
1446 484 1520 513 sorte
1543 484 1687 514 secretius
1702 489 1852 515 correctus
1871 495 1929 515 non

1188 530 1372 561 innotescere
1387 532 1503 574 ceteris.
1525 531 1585 568 Qua
1606 534 1784 572 inquisitione
1800 536 1886 574 facta,
1906 535 1931 563 si

1187 580 1252 617 quid
1273 580 1305 608 de
1323 581 1419 618 priore
1441 581 1482 610 vel
1503 581 1535 610 de
1556 582 1648 621 aliquo
1663 582 1717 611 alio
1732 583 1845 619 dicitur,
1862 585 1931 623 quod

1187 628 1373 657 emendatione
1401 633 1448 658 aut
1467 632 1555 668 poenri
1577 631 1613 659 sit
1633 631 1757 669 (lignum,
1782 633 1931 671 interroge-

1187 680 1234 705 tur
1262 678 1309 716 qui
1330 678 1418 707 dictus
1449 682 1487 707 est
1514 689 1592 714 reus,
1621 689 1657 708 an
1684 681 1718 709 sit
1745 690 1838 710 verum
1862 682 1931 720 quod

1187 725 1315 755 obiicitur
1336 727 1372 755 ei.
1398 725 1451 762 Qui
1473 729 1640 767 confessione
1655 730 1717 766 sud,
1734 729 1787 763 rel,
1804 731 1829 759 si
1851 740 1932 769 nega-

1186 775 1268 808 verit,
1291 776 1367 813 facta
1394 785 1445 813 per
1472 779 1551 805 testes
1579 778 1758 815 inquisitione
1779 779 1930 815 convictus,

1187 823 1302 852 arbitrio
1324 824 1496 853 visitatorum
1518 826 1640 854 ordinale
1654 826 1696 855 vel
1710 827 1868 856 emendetur
1888 828 1932 857 vel

1187 872 1335 910 puniatur.
1351 872 1453 901 Nullus
1474 878 1572 911 tamen,
1596 875 1659 904 licet
1681 876 1864 906 intractabilis
1884 887 1933 907 seu

1186 929 1333 958 perversus
1355 922 1522 956 inveniatur,
1547 933 1595 952 nec
1612 928 1675 959 post
1697 925 1797 954 multas
1818 934 1933 955 commo·

1190 969 1307 997 niliones
1328 969 1380 998 sibi
1401 972 1489 1008 suctus
1510 981 1538 999 se
1559 973 1706 1010 corrigens,
1723 978 1802 1003 extra
1824 974 1934 1003 domum

1189 1026 1267 1046 suam
1279 1027 1331 1056 pro
1347 1019 1497 1057 disciplina
1519 1021 1656 1058 mittatur,
1675 1022 1728 1050 nisi
1743 1031 1830 1061 prope
1852 1032 1934 1052 suum

1189 1067 1386 1095 monasterium
1418 1068 1550 1106 capitales
1583 1069 1677 1098 habeat
1710 1071 1859 1105 inimicos,·
1886 1075 1933 1100 aut

1188 1118 1302 1152 propter
1314 1117 1534 1152 permanentiam
1549 1117 1608 1146 eius
1624 1118 1653 1147 in
1668 1119 1730 1157 ipsa
1744 1119 1831 1158 domo,
1852 1130 1934 1158 grave

1191 1162 1228 1191 ibi
1259 1163 1419 1192 scandalum
1449 1169 1605 1201 generetur,
1638 1167 1683 1195 sed
1714 1167 1813 1197 ibidem
1842 1169 1934 1199 taliter

1190 1212 1351 1249 castigetur,
1375 1213 1445 1251 quod
1466 1213 1518 1243 alii
1535 1219 1699 1253 perpetrare
1726 1217 1829 1247 similia
1848 1220 1935 1258 perti-

1190 1265 1321 1290 mescant.
1345 1261 1490 1291 Discordes
1511 1267 1602 1292 tamen
1624 1269 1649 1293 et
1670 1265 1704 1294 ad
1722 1275 1819 1304 pacem
1844 1267 1934 1297 redire

1191 1310 1322 1347 nolentes,
1346 1321 1361 1339 a
1383 1312 1441 1340 suis
1462 1313 1637 1342 monasteriis
1658 1320 1833 1353 segregentur
1854 1320 1879 1345 et
1893 1316 1935 1347 di-

1192 1359 1321 1387 vidantur
1342 1359 1390 1388 sub
1411 1362 1533 1397 congrua
1561 1362 1710 1400 disciplina
1725 1375 1735 1397 ‚·
1758 1374 1807 1394 nec
1828 1366 1934 1404 dornus,

1191 1407 1225 1436 ad
1247 1417 1313 1445 quas
1336 1409 1487 1445 mittentur,
1512 1419 1554 1438 eos
1576 1411 1684 1440 valeant
1701 1421 1840 1443 recusare.
1867 1414 1936 1444 Cum

1192 1456 1279 1493 igitur
1297 1457 1461 1493 visitatores,
1478 1467 1547 1496 quae
1571 1460 1694 1489 noverint
1710 1462 1838 1496 notanda,
1853 1471 1937 1501 prae-

1192 1506 1355 1543 scripserint
1376 1510 1401 1535 et
1422 1507 1551 1545 expedire
1572 1508 1691 1538 viderint
1723 1509 1818 1548 aliqua
1843 1520 1937 1541 eorum

1192 1553 1325 1583 occultari
1347 1554 1460 1590 debere,
1484 1556 1623 1585 monacbis
1651 1558 1774 1595 ipsorum
1799 1560 1937 1597 factorum

1192 1603 1308 1631 consciis
1329 1603 1451 1632 districte
1479 1605 1589 1634 monitis
1610 1605 1651 1634 vel
1669 1608 1836 1646 praeceptis,
1859 1609 1938 1638 iura-

1192 1654 1290 1685 mento,
1321 1653 1609 1682 ercommunicationis
1636 1651 1779 1689 sententia,
1802 1657 1858 1685 sive
1878 1666 1938 1686 cor-

1191 1700 1330 1738 poralium
1361 1701 1533 1739 impositione
1553 1711 1706 1740 poenarum
1728 1705 1885 1743 iniungant,
1905 1716 1938 1736 ne

1194 1747 1245 1776 illa
1266 1748 1353 1777 alicui
1371 1749 1494 1778 revelare
1513 1755 1684 1788 praesumat.
1701 1751 1831 1782 Scribant
1847 1757 1939 1784 autem

1194 1797 1223 1825 in
1253 1799 1311 1826 suis
1337 1798 1449 1836 seriptis
1481 1800 1592 1828 secretis
1620 1801 1748 1830 universa
1778 1806 1804 1830 et
1829 1803 1940 1841 singula

1195 1854 1262 1883 quae
1290 1855 1340 1884 per
1368 1856 1445 1875 suam
1474 1847 1681 1885 inquisitionem
1709 1851 1878 1880 correctione
1907 1861 1939 1881 ac

1194 1895 1381 1924 emendatione
1403 1896 1526 1934 indigere
1545 1898 1748 1935 perspeoeerint.
1774 1897 1878 1934 Quibus
1898 1900 1940 1929 ita

1194 1945 1368 1982 conscriptis,
1392 1944 1449 1973 illis
1471 1954 1535 1983 quos
1554 1947 1673 1984 proprisi
1703 1948 1872 1985 confessione
1891 1953 1940 1978 aut

1194 1992 1316 2030 legitima
1343 1994 1503 2032 probatione
1533 2000 1661 2024 reatuum
1692 1996 1860 2026 occultorum
1881 1998 1940 2027 cul-

1192 2042 1298 2081 pabiles
1325 2052 1381 2071 esse
1410 2043 1577 2079 constiterit,
1607 2043 1773 2081 singillatim
1794 2049 1819 2073 et
1839 2049 1940 2075 secrete

1195 2094 1304 2129 vocatis,
1334 2102 1365 2121 ac
1393 2091 1424 2120 tle
1453 2091 1510 2120 suis
1538 2091 1713 2129 negligentiis
1741 2097 1765 2121 et
1786 2093 1939 2123 excessibus

1194 2142 1352 2181 specialiter
1384 2140 1567 2179 reprehensis,
1598 2140 1714 2169 debitam
1743 2141 1940 2179 poenitentiam

1194 2196 1219 2220 et
1240 2191 1433 2220 correctionem
1455 2189 1610 2227 imponant.
1635 2189 1698 2218 Post
1720 2189 1795 2226 haec,
1818 2190 1940 2220 conside-

1194 2242 1255 2268 ratii
1270 2239 1416 2276 diligenter
1431 2239 1506 2266 carta
1522 2237 1938 2276 visitatorumpraecedentium,

1195 2287 1328 2326 quidquid
1359 2290 1546 2315 contentorum
1577 2286 1607 2314 in
1638 2287 1671 2314 ea
1702 2287 1858 2324 repererint
1886 2297 1940 2317 non

1195 2337 1281 2374 fuisse
1295 2359 1302 2371 ‚
1334 2338 1361 2363 ut
1383 2334 1492 2366 debuit,
1516 2333 1685 2362 observatum
1700 2358 1707 2371 ,
1731 2336 1761 2363 in
1783 2337 1833 2364 sua
1864 2338 1942 2365 carta

1196 2384 1255 2414 illic
1277 2383 1438 2413 dimittenda
1467 2385 1522 2411 uiui
1550 2393 1610 2412 cum
1638 2383 1703 2412 aliis
1731 2393 1800 2422 quae
1827 2385 1883 2423 ipsi
1909 2385 1941 2414 de

1195 2443 1263 2463 nono
1294 2433 1413 2462 viderint
1443 2433 1610 2461 emendanda
1636 2433 1691 2462 sine
1721 2433 1849 2472 facienda
1878 2442 1942 2462 con-

1196 2482 1333 2518 scribant,
1367 2486 1391 2510 et
1421 2481 1588 2519 praecedens
1621 2481 1714 2510 littera
1741 2481 1876 2510 deleatur.
1907 2481 1942 2511 Et

1196 2540 1280 2570 super
1310 2530 1401 2561 onmia
1432 2530 1582 2558 visitatores
1614 2529 1760 2567 diligenter
1791 2529 1940 2565 attendant,

1197 2579 1266 2618 quod
1287 2579 1317 2609 in
1339 2579 1401 2618 ipsci
1422 2580 1499 2608 carta
1522 2588 1574 2607 non
1595 2577 1716 2607 scribant
1731 2577 1837 2616 culpas,
1855 2577 1944 2616 negli-

1932 194 1979 220 An.
2001 190 2031 218 C.
2052 190 2122 220 1730

2159 2011 2165 2031 ¹.
2154 1909 2171 2002 »va-2·
2155 1864 2169 1903 ηπ.
2154 1791 2173 1858 ’.εμ-

2181 1328 2182 1338 l

2181 1341 2182 1350 ,

2157 1382 2182 1413 2¹:

2159 1499 2182 1510 Α,

2150 1542 2182 1599 ί,

2157 1596 2182 1631 :Te

2153 1629 2182 1671 ³41

2159 1670 2182 1683 '11

2154 1684 2182 1720 *f

2152 1713 2169 1725 f

2155 1725 2182 1768 ξε

2148 1767 2182 1828 iti

2180 1845 2182 1853 ,

2152 2534 2153 2539 Α
2153 2480 2164 2497 -ι
2151 2451 2167 2467 ae·
2148 2064 2173 2431 mn—u221f225mss-„vrcz
2158 2042 2166 2046 .
