2182 3137
35 221 88 248 An.
103 220 133 247 C.
156 219 226 246 1730

854 219 998 242 CLEMENS

232 272 375 307 quatenus
397 268 451 304 illi,
469 268 517 307 qui
539 267 682 297 notificati
705 276 762 296 non
787 266 908 304 fuerint,
928 276 973 296 re-

192 352 196 356 *
230 317 367 346 clament.
391 317 542 346 Praeterea
560 316 584 345 si
600 315 691 354 aliqui
708 315 834 353 vocales,
851 314 973 344 infirmi-

35 760 66 781 De
89 759 217 780 informatio-

36 786 96 807 nibus
103 789 217 812 auteaper-

36 813 152 839 quaen-ns.

229 369 288 395 tate
311 365 453 404 impediti,
471 364 598 402 capitulo
620 363 803 401 singularum
826 363 972 392 dictarum

231 414 432 453 receptionum
449 413 591 442 interesse
608 422 664 441 non
684 412 807 451 possint,
829 411 972 450 praedicti

229 466 406 492 scrutatores
429 470 494 491 cum
518 461 628 490 buxula
650 461 750 490 clausa
778 461 813 490 ad
835 460 864 489 id
890 468 972 499 prae-

228 513 316 540 venta
331 510 366 539 ad
383 510 550 548 recipienda
567 518 667 539 eorum
685 509 822 547 suffragia
843 518 857 538 a
875 509 971 547 priore

228 559 486 595 transmittantur,
519 558 626 596 quibus
659 558 797 593 reversis,
827 557 970 586 dictorum

227 606 412 636 infirmorum
445 610 510 636 vota
543 616 609 635 cum
643 606 765 645 reliquis
798 606 827 635 in
851 605 970 644 capituli

229 654 346 684 buxulis
370 655 549 684 misceantur
571 659 599 684 et
621 655 860 694 incorporentur,
891 659 973 684 ante-

229 714 315 743 quam
338 704 468 733 omnium
493 704 542 732 fiat
564 704 706 741 regulatio
730 707 758 733 et
781 703 969 733 scrutinium.

288 753 432 792 Tempore
456 753 571 782 tandem
594 757 776 791 opportuno,
801 751 971 791 novitioque

228 801 285 831 iam
310 802 411 831 ultimo
426 826 433 839 ,
455 806 485 830 ut
510 801 691 840 praedictum
715 805 757 830 est
773 825 780 839 ,
805 811 819 830 a
843 801 971 839 capitulo

229 851 371 887 admisso,
396 851 476 890 prior
509 860 575 879 cum
608 851 814 889 deputatorum
847 850 971 880 consilio

229 900 361 929 nominet
384 903 411 928 et
441 899 538 929 mittat
558 900 734 929 monachum
757 900 888 929 eiusdem
912 909 972 928 mo-
993 913 994 917 ¹

992 948 994 970 l
1014 952 1079 984 ret3
1104 948 1149 977 vel
1172 948 1333 977 secundum
1354 949 1460 987 stylum
1484 953 1511 978 et
1534 949 1758 980 instructionem

992 1002 994 1009 '
1015 996 1161 1035 completa
1183 996 1389 1027 informatione
1412 998 1446 1027 ad
1466 998 1554 1037 pedes
1578 998 1658 1027 illius
1680 999 1758 1028 iura-

226 948 348 976 nasterii
385 948 546 986 professum
562 971 569 985 ‚
594 948 660 985 vel,
685 949 709 977 si
738 948 821 977 valde
844 948 934 978 distet
956 958 970 977 a

228 997 403 1025 monasterio
426 997 520 1035 patria
544 997 658 1034 novitii,
682 997 806 1026 alterum
841 1006 874 1026 ex
906 1006 972 1036 pro-

226 1044 310 1073 fessis
333 1045 501 1073 monasterii
524 1045 618 1074 dictae
642 1045 753 1083 patriae
771 1045 969 1084 proximioris,

226 1093 414 1131 prudentem,
438 1093 607 1127 discretum,
633 1098 765 1123 maturae
787 1094 902 1131 aetatis,
930 1098 971 1123 at-

226 1151 282 1181 que
305 1142 444 1180 peritum,
463 1152 513 1180 pro
530 1142 663 1171 facienda
686 1142 818 1181 plenaria
833 1143 970 1172 informa-

227 1190 307 1220 tione
330 1191 364 1219 de
384 1190 514 1220 moribus
531 1195 558 1220 et
575 1192 644 1226 vita,
661 1191 813 1229 sanguinis
830 1192 968 1230 puritate,

226 1239 448 1278 officiorumque
465 1240 566 1268 vilium
583 1241 786 1279 exemptione,
811 1250 902 1279 quae,
927 1241 971 1269 iu-

226 1292 272 1317 xta
296 1288 393 1317 Bullas
415 1288 591 1326 apostolicas
608 1293 665 1318 tam
690 1298 859 1318 communes
882 1298 969 1327 quam

226 1336 367 1375 speciales
389 1340 489 1366 nostro
505 1336 606 1366 Ordini
630 1346 796 1373 concessas,
815 1338 970 1376 professio-

226 1394 292 1414 nem
329 1385 485 1414 cuiuslibet
521 1386 623 1414 novitii
658 1387 830 1423 praecedere
867 1386 968 1422 debet,

225 1426 362 1474 imposita
385 1436 480 1473 poena
501 1435 675 1473 privationis
699 1436 778 1464 vocis
800 1435 910 1465 activae
942 1439 971 1465 et

227 1483 371 1521 passivae,
395 1484 585 1522 omniumque
613 1484 789 1519 officiorum,
812 1485 968 1522 graduum,

226 1532 430 1572 honorumque
453 1537 481 1562 et
503 1533 676 1570 dignitatum
700 1543 774 1572 quae
798 1533 968 1571 habuerint,

225 1586 253 1611 et
275 1581 469 1611 inhabilitatis
499 1586 656 1620 perpetuae
689 1582 724 1611 ad
759 1582 829 1611 haec
857 1586 885 1611 et
913 1583 968 1611 alia

224 1629 415 1669 imposterum
439 1629 608 1664 obtinenda,
633 1635 690 1659 tam
714 1630 861 1669 prioribus
880 1640 968 1669 quam

224 1678 375 1708 monachis
407 1678 550 1707 novitium
585 1678 619 1707 ad
654 1679 865 1717 professionem
895 1679 969 1709 reci-

225 1727 385 1767 pientibus,
410 1728 466 1756 nisi
489 1727 564 1756 dicta
589 1728 758 1757 informatio
781 1728 946 1767 praecedat.

284 1775 441 1805 Monachus
473 1776 527 1805 iste
560 1776 600 1805 sic
624 1776 819 1806 nominandus
842 1782 967 1816 nequeat

225 1834 288 1854 esse
311 1825 555 1862 consanguineus,
579 1825 687 1861 affinis,
718 1830 768 1854 aut
801 1825 969 1864 aliqualiter

226 1873 413 1912 propinquus
439 1873 556 1910 novitii,
581 1882 633 1902 nec
656 1874 787 1903 eiusdem
806 1875 916 1912 patriae
938 1885 969 1904 0-

225 1922 349 1952 riundus
365 1926 414 1952 aut
431 1923 591 1958 naturalis,
612 1923 707 1961 sitque
724 1927 873 1962 praeterea
894 1923 969 1953 liber

225 1971 261 2001 ab
284 1972 362 2001 omni
385 1972 551 2010 suspicione
574 1976 602 2000 et
625 1973 863 2011 praesumptione
887 1973 968 2012 puri-

226 2021 292 2050 tatis
311 2021 357 2060 (‘?)
380 2021 545 2058 sanguinis,
570 2026 620 2050 aut
642 2021 771 2050 cuiusvis
793 2022 966 2059 affectionis,

225 2070 333 2099 amoris
355 2069 397 2098 vel
421 2069 492 2105 odii,
526 2069 672 2099 amicitiae
705 2070 748 2099 vel
782 2070 965 2109 inimicitiae,

226 2123 285 2148 tam
301 2128 366 2148 cum
388 2119 497 2148 novitio
513 2128 598 2157 quam
617 2128 681 2148 cum
701 2119 763 2149 suis
785 2120 967 2157 genitoribus

224 2171 253 2196 et
281 2167 527 2205 consanguineis3
563 2168 741 2206 omninoque
773 2173 909 2199 teneatur
937 2170 966 2199 in

225 2215 288 2244 eius
315 2216 486 2245 executione
519 2225 637 2245 servare
667 2217 789 2245 formam
813 2217 842 2246 in
867 2222 967 2248 nostro

224 2264 373 2293 ordinario
396 2264 583 2303 descriptam,
601 2264 655 2294 sub
679 2267 772 2304 poena
795 2267 967 2304 privationis

225 2313 354 2342 omnium
379 2314 541 2342 officiorum
563 2313 692 2351 OrdiniS,
716 2315 967 2355 inliabilitatisque

225 2361 416 2400 imposterum
440 2363 473 2390 ad
497 2362 545 2391 illa
569 2362 739 2392 obtinenda.

286 2410 369 2439 Prior
401 2410 471 2439 dare
504 2410 607 2440 debeat
636 2422 720 2441 suum
745 2413 914 2443 mandatum
939 2417 967 2443 et

225 2459 461 2488 commissionem
485 2459 519 2488 ad
543 2460 704 2489 faciendam
722 2462 898 2499 praedictam
923 2462 968 2492 in-

224 2508 428 2537 formationem
452 2508 538 2537 simul
562 2518 627 2537 cum
650 2510 730 2547 regio
748 2510 900 2549 privilegio
916 2522 967 2541 no-

225 2561 286 2587 stro
309 2556 412 2587 Ordini
436 2566 575 2586 concesso
598 2562 628 2586 ut
649 2562 736 2587 testes
751 2559 786 2587 ad
809 2560 968 2589 testifican-

225 2605 294 2635 dum
328 2605 463 2644 compelli
498 2605 630 2644 possint,
654 2610 683 2636 et
716 2607 837 2646 insuper
870 2608 967 2638 tradat

314 2664 391 2690 Bull.
414 2664 495 2690 Rom.
516 2679 550 2684 —
575 2665 635 2691 Vol.
656 2665 764 2692 XXIII.
892 2667 925 2692 14

1023 220 1067 242 ιιι
1093 220 1143 243 Pe.
1656 213 1721 246 405

1016 267 1146 296 notulam
1170 269 1322 299 nominum
1345 274 1373 300 et
1397 270 1603 308 cognominum
1629 274 1686 300 tam
1710 280 1761 300 no-

993 335 995 339 <
1016 315 1080 345 vitii
1115 326 1201 355 quam
1226 327 1347 347 suorum
1374 319 1541 356 genitorum
1564 323 1592 348 et
1614 328 1757 356 avorum,

994 396 995 400 Ἰ
1016 363 1210 403 villarumque
1233 365 1283 395 ubi
1307 367 1408 396 vivunt
1428 368 1472 397 vel
1496 368 1645 404 vixerunt,
1669 372 1696 397 et
1719 368 1761 397 of-

1016 412 1149 442 ficiorum
1185 423 1258 452 quae
1295 421 1432 445 exercent
1469 416 1513 446 vel
1547 420 1756 451 exercuerunt,

1015 459 1142 490 fideliter
1165 465 1327 491 extractam
1350 472 1383 492 ex
1407 465 1556 503 responsis
1589 464 1693 494 novitii
1726 464 1756 493 in

1014 511 1175 540 summario
1204 511 1334 548 notatis,
1356 512 1426 542 dum
1449 514 1633 543 examinatus
1656 519 1701 544 est
1723 514 1759 543 ad

1016 559 1138 597 primam
1162 560 1372 598 receptionem.
1398 560 1476 591 luret
1511 562 1632 601 insuper
1664 563 1758 592 dictus

1015 607 1198 644 monachus,
1222 613 1380 647 antequam
1404 614 1488 639 exeat
1517 619 1531 638 a
1557 611 1733 641 monasterio
1749 635 1756 648 ‚

1015 664 1112 684 coram
1147 656 1242 694 priore
1265 660 1292 685 et
1314 656 1462 695 deputatis
1485 658 1513 686 in
1538 658 1628 688 verbo
1661 668 1759 689 sacer-

1015 704 1100 740 dotis,
1119 714 1149 734 se
1171 704 1278 734 dictam
1294 705 1532 735 informationem
1549 711 1628 736 recte
1645 711 1673 737 et
1689 708 1759 737 fide-

1016 752 1081 782 liter
1104 753 1249 782 facturum
1272 754 1432 784 secundum
1452 755 1544 784 nostri
1561 754 1678 785 Ordinis
1701 762 1759 786 sta-

1017 805 1075 831 tuta
1099 806 1127 831 et
1150 802 1388 832 instructionem.
1413 802 1448 832 Et
1478 812 1544 832 cum
1574 804 1695 834 redierit
1722 805 1757 834 ad

1016 851 1225 880 monasterium
1249 851 1289 880 ita
1311 860 1326 880 a
1349 861 1380 880 se
1396 852 1500 881 factam
1520 852 1756 883 informationem

1014 908 1112 928 coram
1135 899 1205 939 ipsis
1228 900 1324 939 priore
1340 905 1368 929 ct
1389 900 1537 939 deputatis
1557 901 1692 931 similiter
1714 902 1758 932 iu-

1015 1050 1145 1075 mentum
1165 1045 1333 1075 huiusmodi
1353 1046 1440 1076 faciat
1462 1051 1490 1076 et
1513 1046 1689 1076 subscribat.

1075 1096 1182 1124 Caveat
1213 1095 1370 1133 diligenter
1392 1096 1554 1125 monachus
1583 1096 1758 1135 deputatus,

1014 1143 1089 1181 quod
1124 1143 1154 1172 in
1188 1144 1355 1173 huiusmodi
1388 1144 1595 1174 informatione
1623 1146 1758 1175 facienda.

1014 1193 1238 1222 instructionem
1261 1193 1376 1222 solitam
1405 1197 1433 1223 et
1461 1203 1517 1223 usu
1548 1199 1697 1233 receptam
1720 1195 1756 1224 ad

1014 1250 1142 1279 unguem
1175 1250 1293 1280 prorsus
1325 1246 1443 1278 servet3
1478 1246 1506 1271 et
1538 1246 1696 1282 antequam
1720 1244 1756 1273 ad

1014 1290 1160 1329 publicam
1194 1290 1388 1330 procedatur,
1413 1291 1463 1320 fiat
1497 1292 1616 1321 omnino
1643 1298 1756 1323 secreta

1014 1340 1089 1369 inter
1121 1349 1259 1378 personas
1288 1340 1420 1369 antianas
1452 1344 1478 1369 et
1512 1341 1643 1379 integrae
1665 1342 1755 1380 fidei,

1014 1389 1182 1428 nulliusque
1206 1389 1401 1427 suspicionis,
1427 1395 1458 1419 ut
1486 1390 1514 1419 in
1538 1390 1732 1420 instructione
1747 1416 1755 1429 ,

1015 1437 1235 1475 praescribitur,
1259 1438 1338 1467 omni
1369 1438 1500 1468 adhibita
1531 1441 1602 1468 cura
1623 1444 1652 1469 et
1674 1440 1758 1469 inda-

1013 1485 1080 1523 gine
1104 1495 1154 1524 pro
1181 1487 1390 1525 comperiendi}
1413 1487 1535 1517 veritate
1557 1488 1592 1517 ab
1621 1489 1680 1527 illis
1703 1490 1757 1519 sub

1013 1534 1109 1571 sigillo
1132 1535 1238 1564 secreti
1263 1535 1470 1573 promissione.
1490 1535 1519 1565 Si
1543 1536 1571 1565 in
1592 1537 1645 1566 hac
1666 1537 1758 1567 infor-

1013 1583 1140 1612 matione
1162 1585 1275 1613 secreta
1298 1584 1426 1622 aliquem
1454 1585 1598 1614 defectum
1621 1585 1758 1616 substan-

1014 1632 1112 1661 tialem
1135 1633 1293 1671 repererit,
1318 1633 1379 1663 sive
1396 1633 1424 1663 in
1442 1634 1553 1664 novitio
1571 1635 1631 1664 sive
1648 1636 1677 1665 in
1693 1635 1756 1665 eius

1012 1681 1270 1720 descendentibuS,
1305 1681 1430 1712 duorum
1463 1683 1582 1713 testium
1605 1685 1684 1714 omni
1708 1694 1758 1714 ex-

1012 1731 1145 1769 ceptione.
1169 1731 1315 1760 maiorum
1333 1731 1500 1761 iuramento
1522 1733 1754 1772 comprobatum,

1012 1779 1124 1809 ratione
1147 1779 1231 1809 cuius
1253 1780 1381 1809 novitius
1410 1780 1445 1810 ad
1473 1782 1684 1820 professionem
1708 1783 1758 1812 ad-

1013 1828 1088 1858 mitti
1105 1838 1161 1857 non
1179 1828 1281 1867 possit,
1299 1829 1334 1858 ad
1350 1829 1588 1860 informationem
1607 1831 1756 1870 publicam

1012 1877 1181 1906 nullatenus
1205 1877 1353 1916 procedat,
1378 1878 1428 1907 sed
1450 1883 1563 1908 secreto
1590 1879 1625 1909 ab
1648 1881 1756 1920 oppido

1012 1926 1056 1955 vel
1086 1925 1155 1955 villa
1184 1926 1358 1962 discedens,
1383 1926 1468 1956 illum
1491 1927 1636 1958 defectum
1665 1929 1756 1967 priori

1012 1975 1231 2013 quamprimum
1247 1974 1388 2004 notificet.
1407 1975 1492 2004 Prior
1510 1985 1579 2006 vero
1602 1986 1668 2006 cum
1687 1986 1756 2007 cau-

1012 2023 1071 2052 tela
1099 2022 1231 2061 possibili
1263 2028 1292 2053 et
1323 2028 1440 2053 secreto
1469 2028 1583 2054 servato
1610 2025 1754 2055 novitium

1012 2072 1112 2101 habitu
1149 2072 1292 2111 expoliari
1328 2076 1356 2102 et
1389 2082 1404 2101 a
1438 2073 1614 2103 monasterio
1650 2075 1756 2113 expelli

1012 2121 1171 2160 prudenter
1193 2125 1286 2158 curet,
1307 2130 1343 2150 ne
1365 2121 1427 2150 eius
1450 2121 1560 2151 familia
1583 2122 1756 2161 expulsione

1012 2170 1189 2200 diffametur.

1072 2219 1122 2249 Sin
1148 2228 1215 2248 vero
1238 2218 1337 2248 nullus
1359 2219 1489 2249 defectus
1518 2220 1548 2249 in
1576 2222 1687 2249 secreta
1709 2221 1753 2249 in-

1012 2268 1186 2298 formatione
1202 2277 1217 2297 a
1234 2267 1312 2297 dicto
1329 2269 1471 2297 monacho
1494 2268 1630 2297 inventus
1653 2269 1752 2305 fuerit,

1011 2317 1109 2347 statim
1133 2316 1271 2355 procedat
1296 2316 1329 2345 ad
1354 2315 1501 2354 publicam
1530 2326 1627 2345 coram
1656 2316 1753 2346 iudice

1012 2370 1039 2395 et
1061 2366 1175 2394 notario
1199 2365 1276 2394 tideli
1299 2369 1327 2393 et
1350 2364 1454 2402 legali3
1479 2374 1564 2403 quam
1594 2364 1697 2394 factam
1725 2370 1754 2395 et

1012 2418 1160 2452 peractam
1193 2423 1207 2442 a
1241 2413 1360 2449 iudice,
1387 2417 1464 2451 petat
1494 2412 1548 2441 sibi
1571 2413 1754 2450 originaliter

1012 2462 1191 2500 consignari,
1209 2462 1288 2491 iuxta
1306 2461 1418 2498 regium
1437 2460 1623 2499 privilegium
1639 2461 1674 2491 ad
1697 2461 1752 2491 hoc

1012 2511 1178 2549 specialiter
1200 2510 1336 2547 religioni
1359 2519 1546 2547 concessum,
1571 2519 1607 2539 ne
1635 2510 1752 2549 aliquod

1011 2560 1149 2589 damnum
1174 2558 1297 2588 testibus
1320 2558 1484 2596 immineat,
1502 2559 1586 2588 cuius
1610 2559 1714 2589 timore
1737 2570 1752 2589 a

1012 2608 1181 2646 deponenda
1212 2607 1335 2636 veritate
1368 2607 1566 2637 retrahantur.
1597 2608 1753 2647 Consigna-

1768 222 1818 247 An.
1835 221 1864 248 C.
1887 222 1956 249 1730
