2182 3137
84 177 136 202 An.
153 175 184 201 C.
207 175 271 202 1731
908 179 1051 203 CLEMENS

83 237 148 257 rrum
168 236 230 256 enam
247 236 265 255 vt
321 226 336 268 ἓ
362 225 381 258 8
421 225 558 269 Insuper
576 237 592 258 a
611 226 876 259 revocationibus
903 232 934 258 et
950 226 1021 259 aliis

83 263 266 309 {fisslss‘lss‘uss-QSS
277 278 471 321 supradictis
499 279 674 322 excipimus
702 285 731 311 et
762 284 926 321 exemptas
951 289 1020 311 esse

82 315 426 371 ffisss‘ss‘lssnz'e‘lffissvolumus
452 337 482 364 et
507 332 705 364 declaramus
742 330 964 363 immunitates
990 336 1021 363 et

83 369 219 389 mmmm
278 385 503 427 exemptiones
521 384 685 426 quibusvis
707 383 971 416 universitatibus
991 390 1022 416 et

277 437 425 478 personis
452 437 542 469 datas
569 442 600 468 et
626 446 796 469 concessas
818 436 848 468 in
867 436 929 468 vim
949 446 1023 468 con-

278 495 398 521 tractus
419 500 454 521 ex
474 491 568 521 causa
587 500 659 521 vere
678 491 819 522 onerosa
836 516 843 529 ,
870 488 1021 521 videlicet

277 554 439 585 congruae
458 549 488 576 et
507 542 682 576 etl'ectualis
704 543 916 586 pecuniarum
935 543 1021 574 solu-

278 596 388 636 tionis,
409 601 440 629 et
465 607 530 628 non
558 596 649 635 alias,
675 597 781 628 eidem
805 595 957 628 Gamerae
986 590 1022 627 Α’-

275 650 456 692 postolicae
481 650 530 681 vel
558 650 637 692 ipsis
662 649 951 681 communitatibus
977 649 1020 680 le-

276 703 386 744 gitime
409 703 519 740 sactae,
540 704 586 735 vel
613 713 647 734 ex
674 704 745 734 aliis
771 701 1019 734 rationabilibus

275 757 379 789 causis
405 767 464 800 per
489 767 547 788 nos
573 756 807 797 cognoscendis
837 761 868 787 et
893 766 1013 798 appro-

275 809 398 848 bandis,
425 815 458 841 ut
484 810 574 847 infra,
601 819 637 840 ac
662 809 756 840 etiam
785 809 1016 843 declarandis:

274 874 354 906 quas
395 863 491 895 etiam
529 873 643 895 causas
685 873 844 894 onerosas
885 861 1015 894 nonnisi

273 917 434 959 legitimas
472 922 503 949 et
528 915 632 949 licitas
658 927 693 948 ac
721 916 882 953 honestas,
918 920 1017 958 prout

273 969 312 1002 de
338 969 420 1008 iure,
446 970 632 1013 approbare
659 969 870 1001 intendimus.
892 968 929 1000 Et
947 978 1017 1010 pro-

271 1028 391 1066 pterea,
412 1023 610 1066 quicumque
636 1023 707 1055 illas
732 1022 892 1061 obtinent,
910 1032 963 1053 eas
984 1021 1014 1052 in

273 1075 356 1108 dicta
382 1075 524 1116 Camera,
551 1076 648 1107 citato
675 1075 794 1107 dilecto
821 1073 887 1106 tilio
913 1074 1014 1116 ipsius

272 1128 423 1161 Gamerae
449 1129 672 1162 commissario
698 1128 853 1170 generali,
873 1127 1016 1160 verifica-

271 1193 316 1219 re,
339 1187 369 1214 et
396 1182 426 1214 in
454 1183 523 1225 ipsa
540 1181 673 1214 Camerti
699 1180 874 1213 examinari
901 1185 932 1212 et,
957 1180 1014 1212 ad-

270 1235 354 1267 mitti
382 1236 486 1268 facere
513 1241 705 1274 teneantur,
735 1234 859 1267 etiamsi
886 1244 1015 1266 conces-

271 1289 379 1321 siones
398 1289 588 1321 eorumdem
605 1289 845 1320 immunitatum
865 1293 896 1319 et,
913 1297 1015 1320 exem-

270 1343 428 1385 ptionum,
455 1352 491 1374 ac
510 1342 647 1380 litterae,
666 1341 814 1380 cedulae,
834 1344 1014 1383 motuspro-

266 1396 347 1438 prii,
387 1395 608 1437 chirographa
645 1400 677 1427 et
710 1395 794 1427 aliae
831 1394 1013 1436 scripturae

270 1449 413 1491 desuper
438 1454 604 1481 emanatae
631 1453 662 1480 et
688 1453 846 1485 emanata,
874 1448 952 1479 alias
980 1447 1011 1478 in

270 1501 400 1533 (lamera
426 1501 590 1544 praedicta
615 1501 777 1532 admissae
808 1504 839 1532 et
863 1499 1010 1537 admissa,

269 1564 304 1585 ac
332 1554 362 1586 in
389 1555 444 1586 illa
470 1555 604 1596 eiusque
640 1553 731 1586 libris
764 1552 954 1594 registratae
981 1557 1013 1583 et

268 1606 439 1648 registrata
465 1605 584 1638 suerint
610 1610 641 1637 et
666 1605 753 1643 sint·,
781 1609 940 1648 quatenus
968 1610 1011 1635 ta-

268 1669 340 1692 men
379 1670 493 1691 causae
530 1669 691 1691 onerosae
731 1657 916 1689 huiusmodi
951 1667 1010 1699 pro

267 1723 339 1745 vere
365 1712 514 1745 onerosis
533 1718 563 1744 et
582 1711 742 1754 legitimis,
761 1716 794 1742 ut
811 1711 1007 1754 praefertur,

268 1765 347 1798 alias
378 1766 408 1797 in
442 1766 553 1798 eadem
590 1765 724 1797 Camerti
760 1764 943 1797 verificatae
980 1769 1011 1795 et

267 1819 475 1861 approbatae,
495 1830 542 1857 ac,
563 1818 692 1861 praevia
719 1817 861 1850 iudiciali
889 1817 1009 1849 discus-

267 1872 368 1912 sione,
390 1883 454 1904 non
481 1872 544 1904 sint
569 1872 735 1914 legitimae
764 1872 917 1909 liabitae;
947 1880 1009 1913 quo

268 1936 343 1958 casu
370 1917 406 1958 ad
433 1926 664 1958 indicationem
693 1931 814 1957 tantum
831 1951 838 1963 ‚
864 1934 929 1956 non
956 1935 1010 1955 au-

267 1983 332 2011 tem
371 1979 408 2011 ad
446 1978 541 2011 aliam
578 1978 839 2016 verificationem,
876 1977 1008 2009 eosdem

267 2031 454 2064 obtinentes
474 2031 575 2063 teneri
595 2031 758 2071 volumus;
778 2031 907 2063 interim
923 2041 1009 2068 vero,

267 2085 411 2128 quandiu
438 2095 502 2116 non
527 2085 646 2116 suerint
663 2084 857 2123 verificatae,
875 2084 1008 2116 minime

266 2138 449 2180 suffi'agari,
470 2144 502 2170 et
518 2138 702 2180 praesentis
728 2138 946 2170 revocationis
965 2138 1010 2170 cs-

266 2192 385 2223 t'eetum
411 2192 578 2224 retardare
597 2202 660 2223 non
678 2202 773 2234 posse
792 2192 1006 2224 declaramus.

70 2249 252 2300 gffie‘g'ssfiffif'gss
309 2244 372 2287 gf).
401 2244 574 2277 Praeterea
589 2250 718 2276 nostrae
733 2244 925 2277 intentionis
943 2255 1007 2277 non

70 2302 189 2325 durantum·
214 2302 250 2321 Ca*
265 2303 314 2329 est
339 2299 399 2330 sub
425 2297 611 2330 huiusmodi
638 2298 903 2330 revocationibus
921 2298 1007 2330 aliis-

69 2335 138 2348 mer-n·
149 2329 251 2354 Apostoli·

69 2356 326 2407 ffisqutegzeglsgrgjtpie
355 2350 547 2392 supradictis
580 2351 859 2392 comprehendere
892 2351 1009 2383 immu-

68 2403 379 2454 gggjzhffietffinitates
405 2408 437 2435 et
461 2403 688 2446 exemptiones
714 2403 837 2436 eisdem
862 2404 894 2437 S.
912 2404 948 2437 R.
969 2405 1004 2437 E.

68 2450 479 2507 ZJ:÷Z.2.l.¹›,⁰.3¹l²”³2‘icasdifflnbus
511 2456 637 2488 ratione
667 2456 833 2499 dignitatis
859 2458 1005 2490 cardina-

408 2515 440 2541 et.
471 2508 622 2541 Gamerae
660 2509 845 2552 praedictae
879 2511 1006 2543 clericis

259 2561 523 2605 praesidentibus
540 2588 547 2600 ,
585 2561 723 2604 aliisque
759 2563 977 2596 cameralibus
997 2590 1004 2604 ‚

90 2513 228 2533 nuntiam...
260 2510 345 2542 latus
362 2536 369 2548 ,

351 2623 429 2650 Bull.
451 2622 535 2650 Rom.
556 2638 589 2642 —
614 2623 675 2651 Vol.
695 2623 804 2650 XXIII.
931 2625 966 2652 30

69 2539 175 2560 Pontifici·
201 2545 249 2560 con·

68 2571 136 2586 cessii·

1077 182 1119 203 xu
1145 183 1195 205 ΡΡ.
1709 176 1772 209 2:33
1819 185 1870 211 An.
1887 184 1915 212 C.
1938 185 2002 212 ’.731

1066 229 1118 270 qui
1146 229 1175 261 in
1209 231 1321 263 eadem
1355 232 1487 265 camera
1516 234 1670 266 sederunt
1697 239 1728 267 et
1758 245 1807 266 se-

1065 280 1162 321 dent,
1191 284 1323 315 concedi
1351 295 1406 316 seu
1434 286 1557 317 admitti
1583 287 1717 326 solitas;
1748 297 1805 319 nec

1064 332 1158 373 illas,
1184 335 1300 377 quibus
1333 338 1466 378 praelati
1498 344 1528 371 et
1560 339 1715 372 officiales
1741 340 1805 373 Ro-

1064 396 1178 418 manae
1211 387 1344 427 Cmiae,
1379 400 1413 422 ac
1448 392 1583 433 praelati
1615 393 1803 432 domestici,

1064 439 1252 472 cubicularii
1280 442 1417 481 secreti,
1446 454 1480 475 ac
1511 446 1678 478 secretarii
1705 452 1735 479 et
1760 447 1803 479 fa-

1064 491 1207 524 miliares
1243 499 1274 525 et
1310 495 1452 527 continui
1484 499 1720 531 commensales
1747 509 1805 532 no-

1064 545 1120 576 stri
1148 550 1178 576 et
1205 545 1339 578 Romani
1374 547 1537 581 Pontiticis
1572 561 1629 592 pro
1658 558 1804 595 tempore

1065 598 1263 637 exsistentis,
1293 605 1324 631 et
1350 600 1380 632 in
1407 602 1513 634 rotulo
1541 604 1704 647 descripti,
1727 616 1803 647 gau-

1065 651 1143 683 dent
1170 657 1199 684 et
1225 653 1368 695 gaudere
1396 662 1641 688 consueverunt
1666 659 1803 691 durante

1064 704 1126 735 vita
1154 705 1300 738 eiusdem
1329 706 1465 739 Romani
1485 708 1656 750 Pontificis,
1676 721 1804 743 eorum-

1064 767 1124 799 que
1151 759 1304 798 servitio·y
1332 769 1439 802 neque
1465 760 1537 793 illas
1563 763 1604 794 ob
1633 773 1803 796 numerum

1063 811 1234 844 duodecim
1262 812 1414 853 filiorum,
1448 825 1465 846 a
1491 815 1803 857 praedecessoribus

1062 864 1181 897 nostris
1209 870 1241 897 et
1265 866 1337 898 aliis
1364 876 1462 908 supra
1483 869 1646 910 expressis
1672 880 1804 902 conces-

1062 927 1128 955 sas,
1154 928 1234 959 quas
1262 923 1366 950 tamen
1394 920 1431 951 ad
1459 920 1613 953 terminos
1647 923 1804 954 constitu-

1063 969 1159 1001 tionis
1185 971 1257 1012 piae
1281 971 1458 1004 memoriae
1488 972 1533 1004 Pii
1561 973 1619 1005 PP.
1647 973 1691 1010 lv,
1712 985 1804 1017 prae-

1061 1022 1243 1055 decessoris
1268 1024 1393 1066 paritcr
1419 1027 1545 1065 nostri,
1572 1037 1655 1069 quae
1689 1027 1804 1070 incipit

1059 1075 1147 1108 Licet
1166 1076 1271 1118 felicis
1291 1077 1528 1110 recordationis
1545 1078 1686 1117 Paulus,
1711 1081 1801 1112 cuius

1060 1129 1223 1161 tenorem¹
1252 1130 1301 1161 liis
1328 1132 1558 1173 praesentibus
1576 1143 1636 1175 pro
1654 1134 1751 1175 plene
1772 1140 1803 1165 et

1059 1182 1259 1215 sufficienter
1296 1195 1451 1227 expresso
1491 1196 1526 1217 ae
1563 1186 1602 1217 de
1637 1187 1734 1218 verbo
1761 1187 1799 1218 ad

1061 1235 1192 1267 verbum
1220 1236 1343 1269 inserto
1372 1237 1497 1277 baberi,
1517 1238 1673 1281 illamque
1689 1245 1800 1271 exacte

1058 1293 1089 1319 et
1113 1289 1310 1321 adamussim
1338 1290 1424 1322 iuxta
1450 1291 1538 1323 illius
1564 1292 1683 1323 seriem
1707 1298 1738 1324 et
1757 1298 1801 1324 te-

1058 1350 1169 1373 norem
1195 1352 1231 1374 ac
1258 1343 1508 1385 dispositionem
1535 1344 1565 1376 in
1593 1344 1744 1377 omuibus
1771 1352 1802 1377 et

1056 1404 1116 1435 per
1141 1395 1250 1426 omnia
1277 1396 1400 1427 servari
1428 1396 1549 1429 debere
1576 1398 1745 1437 volumus,
1770 1403 1801 1430 et

1057 1447 1191 1479 aliarum
1231 1449 1505 1481 constitutionum
1541 1451 1797 1492 apostolicarum

1056 1510 1156 1542 snper
1192 1501 1380 1533 huiusmodi
1418 1503 1662 1545 exemptiontun
1695 1504 1801 1536 decla-

1055 1553 1179 1585 ratione
1207 1554 1378 1593 editarmn,
1405 1561 1436 1587 et
1461 1557 1498 1588 ad
1526 1556 1598 1588 illas
1623 1562 1747 1589 tantum
1768 1563 1800 1589 et

1055 1616 1112 1648 pro
1139 1611 1286 1649 tempore
1313 1613 1344 1639 et
1369 1608 1540 1651 personis*z
1569 1621 1605 1641 ac
1633 1621 1670 1642 eo
1698 1611 1797 1643 modo

1054 1665 1084 1691 et
1112 1660 1222 1698 forma,
1250 1661 1368 1703 quibus
1394 1663 1433 1694 de
1460 1663 1528 1695 iure
1547 1664 1710 1696 communi
1734 1664 1797 1697 illis

1054 1719 1268 1756 competunt,
1308 1720 1340 1747 et
1365 1716 1443 1747 alias
1469 1715 1556 1748 iuxta
1587 1717 1688 1759 ipsius
1716 1717 1796 1749 iuris

1053 1767 1234 1799 communis
1260 1778 1295 1799 ac
1326 1768 1568 1810 praedictarum
1599 1775 1630 1801 et
1660 1769 1795 1801 aliarum

1052 1819 1323 1852 constitutionum
1345 1822 1599 1863 apostolicarum
1615 1822 1797 1864 dispositio-

1053 1882 1126 1904 nem
1153 1872 1353 1911 reducimus;
1382 1884 1487 1917 neque
1507 1875 1615 1913 aliter,
1641 1886 1737 1918 quam
1762 1881 1796 1906 ut

1052 1926 1259 1967 praesertur,
1286 1926 1352 1958 sive
1379 1927 1411 1958 in
1438 1928 1642 1969 possessorio
1668 1927 1734 1960 sive
1763 1928 1793 1960 in

1052 1979 1214 2021 petitorio,
1232 1980 1400 2023 sutl'ragari
1424 1982 1575 2013 volumus
1595 1987 1626 2013 et
1648 1982 1795 2014 decerni-

1053 2043 1137 2064 mus.

1097 2086 1111 2128 §
1135 2085 1187 2118 to.
1223 2086 1372 2119 Ceterum
1405 2087 1691 2130 appaltatoribus,
1724 2088 1796 2120 the·
1808 2094 1837 2115 Βῆ
1854 2096 1930 2116 ceteris
1946 2097 1992 2122 ‹tui-

1808 2123 1940 2148 buscumque
1957 2129 1992 2143 ex-

1052 2149 1106 2170 sau
1114 2138 1215 2177 rariis,
1229 2140 1341 2182 deposi
1349 2140 1405 2172 tari
1413 2140 1447 2180 ἰς,
1463 2140 1705 2179 commissurus,
1722 2151 1757 2173 ex
1764 2152 1796 2174 e-
1807 2149 1991 2196 gfflffiffigsczb

1052 2191 1230 2231 cutoribus,
1249 2198 1280 2225 et
1293 2193 1410 2225 ceteris
1433 2193 1618 2235 agentibus,
1639 2194 1795 2227 ministris
1808 2207 1877 2221 werae
1899 2208 1938 2238 ιινοι]
1954 2204 1991 2222 ad-

1052 2244 1206 2277 Gamerae
1232 2246 1428 2288 praedictae,
1460 2257 1496 2278 ac
1522 2247 1793 2279 communitatum
1807 2228 1923 2248 mmmm

1052 2303 1083 2330 et
1107 2298 1355 2331 universitatum
1381 2299 1640 2342 praedictarum,
1668 2310 1795 2332 earum-

1052 2351 1124 2382 dem
1163 2351 1249 2383 serie
1285 2352 1507 2394 praesentium
1537 2351 1683 2384 districte
1711 2352 1794 2384 inbi-

1050 2404 1175 2443 bemus,
1198 2414 1249 2443 ne,
1269 2411 1384 2436 eontra
1402 2404 1546 2447 ipsarum
1569 2406 1791 2447 praesentium

1050 2457 1312 2500 dispositionem,
1327 2457 1546 2490 immunitates
1564 2464 1594 2491 et
1613 2459 1794 2502 exemptio-

1087 2530 1096 2555 1
1123 2527 1191 2554 Edit.
1213 2527 1291 2554 Main.
1313 2527 1376 2561 legit
1397 2531 1494 2555 tenore
1516 2533 1552 2562 (a.
1569 2530 1618 2561 ⁵12).

1082 2572 1100 2598 2
1118 2571 1253 2607 Syntaxim
1274 2571 1412 2598 reordinet
1432 2571 1517 2598 lector
1537 2573 1610 2599 scius
1629 2573 1667 2606 (fl.
1688 2573 1738 2606 τ.).
