2182 3137
48 177 98 216 ᾼιι,
120 176 148 203 c.
169 175 235 203 1730

95 347 124 366 Do
142 344 234 366 insordu-

50 373 167 394 sterilibus.

80 1982 188 2006 Offlniales
199 1981 251 2002 nihil

859 169 1002 192 CLEMENS
1029 169 1072 191 xtl
1099 169 1148 192 1³1³.

245 223 426 266 positiones
447 231 671 266 quaecumque
691 230 707 252 a
732 217 904 252 Sanctitate
923 217 985 249 Sua

246 276 482 310 emanaverint.

290 340 371 363 vai.
399 329 496 369 Item,
521 338 561 360 ne
587 325 735 370 personis
751 352 758 364 ,
783 334 841 367 pro
867 323 985 366 quibus

246 383 371 417 litterae
396 382 477 415 Suae
495 378 678 413 Sanctitatis
707 377 917 416 emanabant,
945 374 985 408 ob

247 435 430 479 generalem
444 432 680 466 absolutionem
696 442 712 463 ·ιι
727 429 872 463 censuris
887 429 988 461 eccle-

248 487 396 527 siasticis,
414 485 532 530 quibus
551 485 640 528 ligati
658 484 779 522 forent,
799 482 838 515 ad
860 480 985 515 earum¹

248 540 413 580 ess'eetum,
430 537 653 572 indifferenter
672 535 822 575 concedi,
839 540 870 567 et
887 535 921 567 in
939 534 988 566 lit-

249 592 326 626 teris
339 591 530 635 apostolicis
545 590 666 634 apponi
682 588 833 629 solitain²‚
848 592 989 631 praeste-

250 653 300 678 tur
324 644 451 679 occasio
476 654 630 677 censuras
657 643 742 685 ipsas
765 639 989 684 vilipendendi

249 705 282 732 et
306 697 555 731 insordescendi
581 697 614 729 in
639 696 720 734 illis,
745 695 857 727 statuit
882 699 913 726 et
938 703 990 725 or—

250 751 372 785 dinavit
396 750 584 784 huiusmodi
602 749 841 782 absolutionem
858 753 889 780 et
906 747 990 779 elau-

250 806 352 838 sulam
379 804 411 837 in
436 803 562 843 litteris,
589 812 669 846 quas
696 802 727 834 in
749 801 893 833 saltuum
919 809 989 832 cum

251 858 307 891 illa
331 857 468 892 concedi
493 855 713 899 coming-ew,
736 865 801 888 non
824 852 992 895 suffragari

251 922 316 945 non
341 911 530 955 parentibus
551 910 597 943 rei
624 910 801 947 iudicatae,
827 907 992 940 incendia-

252 964 322 1005 riis,
349 964 560 998 violatoribus
585 963 796 996 ecclesiarum
813 988 820 1001 ,
847 960 993 994 falsifica-

254 1018 390 1058 toribus,
414 1022 445 1050 et
474 1016 638 1050 falsificari
664 1014 917 1058 procurantibus
943 1013 994 1046 lit-

254 1077 339 1105 teras
376 1076 407 1104 et
435 1069 690 1113 supplicationes
725 1067 940 1111 apostolicas,
964 1072 996 1100 et

255 1124 320 1159 illis
344 1123 509 1157 utentibus
524 1149 531 1163 ‚
551 1121 808 1165 receptatoribus
834 1126 865 1154 et
890 1120 995 1153 fauto-

256 1177 346 1211 ribus
372 1187 498 1218 eorum,
519 1186 555 1209 ac
575 1186 628 1208 res
645 1175 759 1208 vetitas
784 1174 822 1207 ad
849 1173 997 1206 infideles

258 1230 497 1269 deserentibus,
517 1227 732 1261 violatoribus
758 1226 997 1260 ecclesiastieae

258 1282 429 1323 libertatis,
453 1281 501 1314 via
525 1280 600 1314 sacti
626 1290 707 1313 ausu
734 1279 906 1312 temerario
925 1289 998 1321 apo-

257 1335 379 1369 stolicis
405 1334 563 1368 mandatis
592 1343 657 1367 non
682 1332 997 1375 obtemperantibus,

259 1395 291 1422 et
314 1389 448 1422 nuncios
484 1389 533 1422 vel
570 1392 760 1421 executores
791 1385 999 1429 Apostolicae

260 1442 352 1476 Sedis
376 1447 408 1475 et
430 1442 499 1475 eius
525 1441 711 1475 officialium
737 1440 806 1473 eius
825 1440 1000 1473 coinmIssa

261 1500 461 1540 exequentes
485 1494 740 1538 impedientibus
757 1521 764 1535 ‚
790 1494 845 1537 qui
868 1498 1001 1536 propter

261 1548 440 1591 praemissa
462 1549 510 1581 vel
534 1547 666 1590 aliquod
689 1556 800 1579 eorum
819 1555 1001 1579 excommu-

260 1600 356 1633 nicati
374 1611 391 1633 a
408 1600 544 1644 iure-vel
563 1599 601 1632 ab
620 1599 752 1632 homine
777 1608 835 1641 per
861 1602 1001 1641 quatum

261 1663 388 1686 menses
410 1653 549 1686 scienter
570 1650 910 1686 excommunicationis
928 1661 1001 1683 sen-

263 1706 396 1740 tentiam
415 1705 603 1739 huiusmodi
624 1705 875 1745 substinuerint‚
894 1709 926 1737 et
947 1715 1002 1747 ge-

260 1760 416 1793 neraliter
440 1759 702 1803 quibuscumque
728 1758 818 1798 aliis,
848 1757 901 1801 qui
928 1767 1002 1790 cen-

262 1813 348 1846 suris
362 1812 524 1856 aliquibus
539 1811 634 1845 etiam
653 1811 732 1845 alias
746 1821 841 1854 quam
858 1816 892 1843 ut
910 1821 1002 1853 prae-

262 1866 365 1900 fertur
389 1865 636 1910 quomodolibet
660 1864 768 1907 ligati,
795 1864 827 1896 in
853 1863 916 1897 illis
942 1874 1003 1906 per

262 1929 380 1954 annum
405 1919 597 1967 continuum
623 1917 856 1951 insorduerint.

307 1984 403 2007 van.
423 1973 502 2006 Item
524 1972 608 2005 idem
635 1971 784 2004 dominus
803 1976 917 2004 noster
935 1981 1004 2004 exa-

68 2011 154 2035 oxigant
195 2010 251 2030 ultra
297 2027 303 2033 ,

68 2037 171 2058 debitum.

263 2026 446 2066 ctionibus,
470 2036 549 2069 quas
575 2024 734 2058 Sanctitas
759 2024 822 2058 Sua
847 2034 912 2057 non
938 2023 1004 2056 sine

264 2079 470 2124 displicentia
509 2080 703 2123 plerumque
737 2077 807 2111 fieri
845 2077 1006 2110 intellexit

264 2145 324 2179 per
345 2134 500 2167 officiales
526 2133 691 2166 Romanae
716 2131 841 2172 Curiae,
859 2131 913 2175 qui
931 2141 1007 2164 eon-

266 2187 385 2220 stitutis
411 2187 473 2220 sibi
499 2185 743 2226 emolumentis,
767 2195 826 2228 pro
853 2184 1006 2218 exercitio

267 2241 445 2275 officiorum
466 2250 549 2283 quae
575 2239 732 2280 obtinent,
759 2248 824 2272 non
850 2237 1006 2278 contenti,

266 2295 351 2327 ultra
371 2304 387 2326 a
405 2292 677 2337 prosequentibus
698 2292 902 2335 negotiorum
928 2301 1009 2335 quo-

269 2346 415 2379 rumdam
441 2345 682 2389 expeditionem
715 2345 746 2377 in
780 2344 891 2379 eadem
917 2343 1010 2377 Curia

270 2400 402 2443 exigere
432 2409 497 2432 non
530 2404 700 2439 verentur,
727 2398 856 2432 obviare
889 2399 1008 2439 volens,

307 2481 317 2506 1
341 2478 411 2505 Edit.
433 2477 514 2504 Main.
535 2477 603 2512 legit
621 2486 723 2506 eorum
742 2480 781 2512 (ιι.
799 2479 849 2511 τ.).

306 2523 324 2550 2
343 2522 414 2549 Edit.
434 2521 513 2549 tttain.
535 2521 601 2557 legit
618 2522 705 2550 solita
724 2524 762 2557 (R.
783 2522 833 2556 Τ.).

308 2567 324 2596 3
344 2567 437 2595 Potius
457 2567 516 2602 lege
535 2567 679 2601 continyet
699 2567 737 2602 (a.
759 2567 809 2601 τ.).

346 2623 421 2652 Butt-
443 2622 529 2651 Rom.
552 2638 583 2643 -
601 2621 670 2659 sol.
692 2620 801 2650 XXIII.
945 2620 962 2646 3

1030 216 1173 249 districte
1202 218 1435 260 praecipiendo
1463 216 1603 250 inhibuit
1623 215 1772 248 erunibus

1030 275 1060 302 et
1078 269 1213 312 singulis
1239 271 1372 312 quaevis
1397 271 1502 303 officia
1527 270 1557 302 in
1585 269 1695 302 cadem
1718 268 1773 300 Cu-

1032 323 1077 355 ria
1094 322 1329 362 obtinentibus,
1350 333 1389 356 ne
1409 324 1447 356 de
1469 332 1579 356 cetero
1598 322 1774 365 quidquam

1031 380 1200 419 praetextu
1226 375 1419 414 officiorum,
1451 387 1533 419 quae
1562 375 1772 412 obtinerent,

1032 429 1145 472 quovis
1171 428 1301 467 colore,
1330 429 1427 460 etiam
1454 429 1619 461 celerioris
1644 428 1776 470 expedi-

1033 481 1138 521 tionis,
1158 482 1243 514 ultra
1268 481 1486 514 emolumenta
1505 480 1692 514 huiusmodi
1713 481 1776 513 exi-

1033 545 1119 578 gere,
1135 545 1193 568 seu
1208 534 1246 567 ad
1266 534 1353 566 hunc
1372 533 1520 566 effectum
1536 533 1776 576 expeditionem

1034 599 1167 626 eorum,
1195 598 1277 631 quae
1303 587 1348 620 eis
1375 587 1588 625 incumbunt,
1617 586 1777 618 malitiose

1035 641 1177 681 differre,
1192 642 1250 673 sub
1266 639 1620 678 excommunicationis,
1641 645 1673 671 et
1692 649 1780 681 prae-

1036 700 1083 727 ter
1097 695 1184 727 illam
1198 692 1424 737 suspensionis
1437 704 1452 725 a
1468 691 1679 735 perceptione
1697 702 1779 724 eino-

1036 750 1256 781 lumentorum
1272 746 1460 779 huiusmodi
1478 756 1534 788 pro
1554 745 1658 788 prima
1675 744 1712 776 ad
1733 756 1779 777 se-

1036 806 1164 841 mestre,
1184 805 1215 833 et
1229 810 1288 843 pro
1310 799 1452 832 secunda
1470 798 1508 831 ad
1528 808 1655 837 annum,
1672 802 1704 829 et
1721 807 1780 839 pro

1038 855 1131 887 tertia
1148 853 1280 892 vicibus,
1296 853 1413 896 quibus
1428 851 1472 884 sic
1490 851 1696 887 excederent,
1716 849 1782 892 pri-

1037 907 1176 940 vationis
1195 906 1374 939 officiorum
1401 916 1460 948 per
1479 915 1535 938 eos
1555 904 1781 942 obtentorum,

1038 961 1069 993 in
1090 960 1206 1004 quibus
1225 960 1269 992 sic
1288 958 1506 998 excesserint,
1524 956 1647 1000 poenis.
1666 956 1710 989 Ac
1729 966 1783 988 vo-

1039 1015 1118 1054 luit,
1147 1013 1232 1057 quod
1260 1012 1288 1045 S.
1316 1012 1350 1044 R.
1375 1012 1410 1044 E.
1442 1010 1726 1044 vicecancellarius
1753 1013 1784 1042 et

1040 1067 1239 1100 camerarius
1263 1065 1454 1099 excedentes
1478 1064 1567 1108 ipsos
1594 1062 1782 1106 respective,

1040 1127 1137 1165 prout
1169 1120 1214 1153 eis
1245 1120 1406 1159 subsunt,
1433 1128 1492 1162 per
1527 1116 1783 1150 subtractionem

1042 1175 1335 1207 emolumentorum
1361 1171 1567 1211 eorumdem,
1588 1180 1624 1203 ac
1649 1169 1728 1202 alias
1750 1175 1786 1201 ut

1042 1227 1247 1271 praesertur,
1280 1226 1479 1269 compellant
1515 1224 1555 1257 ab
1592 1222 1785 1256 huiusmodi

1042 1280 1164 1314 illicitis
1180 1280 1406 1313 exactionibus
1424 1278 1604 1317 abstinere,
1619 1287 1655 1310 ac
1670 1281 1786 1309 contra

1044 1345 1098 1367 eos
1112 1344 1172 1377 per
1186 1332 1370 1377 praedictas
1386 1342 1520 1374 poenas,
1538 1336 1568 1364 et
1583 1330 1670 1369 alias,
1688 1334 1787 1372 prout

1044 1387 1160 1420 melius
1178 1386 1333 1429 expedite
1352 1385 1511 1423 viderint,
1532 1383 1723 1427 procedant.

1089 1450 1200 1473 valu.
1220 1440 1298 1472 Item
1320 1438 1540 1471 sanctissimus
1562 1437 1712 1469 dominus
1733 1446 1787 1468 no

1045 1498 1110 1526 stet
1150 1492 1284 1536 proxide
1326 1490 1537 1523 considerans
1582 1488 1814 1544 consuevisset·x

1045 1546 1243 1589 quandoque
1270 1545 1433 1577 Romanos
1456 1542 1626 1575 Pontifices
1654 1541 1786 1584 praede-

1045 1608 1192 1631 cessores
1217 1608 1293 1630 suos
1330 1596 1511 1635 beneficia,
1538 1605 1618 1638 quae
1655 1599 1789 1627 vacante

1045 1651 1128 1684 Sede
1149 1650 1337 1694 Apostolica
1355 1659 1468 1682 vacare
1486 1648 1705 1690 contigerant,
1727 1647 1790 1680 dis-

1045 1704 1203 1748 positioni
1229 1713 1304 1736 suae
1331 1712 1522 1742 reservare,
1548 1700 1722 1734 intendens
1750 1700 1790 1733 de

1046 1757 1213 1790 beneficiis
1251 1755 1440 1789 huiusmodi
1486 1760 1548 1787 tam
1585 1753 1790 1787 conclavistis

1046 1821 1143 1854 quam
1169 1810 1370 1854 pauperibus
1392 1808 1518 1842 clericis
1540 1813 1572 1840 et
1597 1807 1667 1840 aliis
1693 1807 1791 1840 bene-

1046 1863 1171 1896 meritis
1185 1862 1335 1906 personis
1354 1861 1538 1906 providere,
1555 1860 1665 1893 omnia
1683 1865 1714 1893 et
1731 1860 1792 1892 sin-

1049 1917 1123 1960 gula
1146 1915 1307 1949 beneficia
1329 1926 1390 1958 per
1415 1915 1546 1956 regulas
1572 1913 1791 1946 Cancellariae

1049 1969 1255 2013 Apostolicae
1287 1974 1341 2001 aut
1366 1967 1530 2011 quaslibet
1562 1967 1639 2000 alias
1665 1972 1794 2010 aposto-

1049 2023 1128 2056 licas
1159 2021 1407 2055 constitutiones
1433 2020 1629 2064 temporales
1655 2019 1793 2052 Romani

1050 2075 1214 2109 Pontificis
1241 2085 1299 2118 pro
1325 2080 1473 2117 tempore
1495 2073 1661 2107 existentis
1684 2072 1795 2116 dispo-

1051 2129 1159 2163 sitioni
1179 2128 1431 2172 quomodolibet
1457 2133 1488 2160 et
1513 2138 1549 2160 ex
1569 2126 1679 2170 quavis
1697 2127 1796 2159 causa

1052 2183 1212 2217 reservari
1234 2181 1340 2222 solita,
1359 2191 1442 2224 quae
1461 2192 1478 2214 a
1497 2181 1548 2214 die
1566 2180 1673 2214 obitus
1693 2179 1795 2212 seliCis

1052 2235 1289 2270 recordationis
1305 2234 1472 2268 Benedicti
1488 2234 1553 2267 xllt
1569 2233 1796 2276 praedecesso-

1053 2291 1097 2323 ris
1116 2290 1166 2323 sui
1185 2298 1288 2332 usque
1314 2288 1353 2321 ad
1373 2287 1458 2321 diem
1478 2298 1523 2321 x11
1546 2287 1614 2319 iulii
1636 2286 1794 2319 currentis

1054 2347 1260 2382 vacaverunt,
1272 2341 1354 2374 etde
1369 2340 1488 2383 quibus
1500 2351 1558 2383 per
1573 2349 1796 2382 quoscumque

1054 2396 1240 2430 ordinarios
1275 2395 1452 2427 collatores
1488 2399 1562 2425 tunc
1602 2392 1796 2436 dispositum

1055 2460 1121 2483 non
1137 2449 1258 2488 suerat,
1277 2457 1332 2480 seu
1352 2447 1460 2479 minus
1475 2445 1578 2478 valide
1601 2445 1797 2488 dispositum

1055 2504 1177 2543 suerat,
1203 2511 1280 2534 suae
1312 2498 1490 2542 provisioni
1523 2508 1559 2531 ac
1588 2497 1796 2541 dispositioni

1056 2553 1244 2590 reservavit.
1268 2552 1454 2588 Decernens
1476 2551 1624 2595 irritum,
1643 2556 1704 2586 etc.

1782 166 1831 192 An.
1854 165 1882 191 C.
1903 165 1970 192 1730

1810 1445 1825 1465 t'.
1830 1450 1851 1465 es
1892 1446 1932 1465 „tta
1932 1445 1983 1464 ιι-Ιιι

1800 1478 1818 1491 ιιι
1815 1472 1852 1491 rtic
1843 1454 1875 1491 cio
1879 1478 1922 1491 rum
1950 1478 1985 1490 ια·

1813 1500 1893 1531 antium
1928 1498 1955 1518 Sc
1959 1498 1985 1517 te

1841 1527 1879 1543 ιιιιι
1884 1524 1926 1545 lica
1950 1530 1985 1544 va·

1801 1558 1823 1572 en
1819 1532 1871 1572 liite.
