2182 3137
36 193 88 223 An.
107 193 138 222 C.
156 193 226 221 1730

879 196 1021 220 CLEMENS
1049 198 1092 220 xn
1118 199 1166 222 rr.
1658 194 1718 227 141
1769 205 1821 233 An.
1841 204 1959 235 c.¹·130

230 242 336 283 buto;
365 248 452 283 tum,
478 248 608 285 praeter
632 253 733 286 pagos
760 247 792 274 et
816 242 902 275 vicos
928 253 975 275 su-

230 306 290 339 pra
314 300 463 335 centum,
489 295 559 327 sinu
585 305 643 327 suo
661 294 833 337 complecti
853 295 975 338 oppida

231 348 404 381 duodecim
440 347 539 380 sacris
579 347 725 380 ecclesiis
765 348 942 390 conspicua
964 375 972 388 ,

231 411 369 444 quarum
394 400 573 433 nonnullae
599 399 744 442 insignes
781 400 972 442 collegiatae

230 459 314 494 sunt,
340 454 446 486 nitore
473 457 505 486 et
529 453 618 485 cultu
636 457 854 495 praestantes,
872 452 973 496 idque

230 509 328 541 etiam
353 512 527 550 postquam
555 516 591 538 ex
618 506 720 548 ipsius
745 505 896 538 Aretinae
922 517 974 539 ec-

228 561 348 594 clesiae
373 559 537 593 territorio
563 565 703 602 quatuor
728 559 893 592 dioeceses
918 559 973 592 de-

229 618 360 652 tractae,
375 613 441 645 sive
456 612 709 645 dismembratae
723 616 809 652 sunt,
822 611 972 656 aliaeque

228 673 294 700 tres
318 677 385 699 non
412 666 530 708 exigua
554 665 741 698 accessione
760 675 797 698 ex
824 665 972 698 eiusdem

228 720 385 754 territorii
411 720 557 763 partibus
582 724 814 759 accreverunt3
834 719 873 751 ad
892 720 973 752 cius-

227 775 301 808 dem
327 775 424 808 etiam
450 773 609 806 ecclesiae
634 773 845 816 splendorem
865 774 970 816 digni-

228 834 392 870 tatemque
417 827 596 870 pertinere,
616 826 704 869 quod
723 836 740 859 e
758 829 813 858 sua
828 826 971 859 dioecesi

226 886 293 914 tres
317 880 480 913 Romanos
505 879 678 912 Pontifices
697 879 972 922 praedecessores

225 939 356 968 nostros
375 960 382 973 ,
407 933 497 966 Pium
522 932 567 973 Il,
596 933 711 965 lulium
741 932 799 972 111,
838 932 971 965 Marcel-

224 988 294 1021 lum
318 987 431 1020 itidem
457 986 498 1026 ll,
521 986 561 1018 ad
586 985 779 1018 universalis
803 985 970 1018 Ecclesiae

224 1042 370 1084 regimen
395 1041 566 1080 eduxerit3
593 1040 678 1072 inter
703 1041 851 1072 celebres
876 1051 971 1082 prae-

224 1095 476 1128 tereaAretinos
488 1094 661 1137 episcopos
680 1093 845 1126 recenseri
865 1093 970 1126 Theo-

225 1148 359 1182 baldum
391 1148 524 1181 fratrem
560 1147 740 1186 Bonifacii‚
778 1146 854 1180 olim
888 1158 971 1179 mar-

224 1201 352 1235 chionis
366 1201 513 1239 Tusciae,
537 1201 639 1244 patris
666 1200 850 1233 comitissae
869 1200 971 1232 Matil-

224 1255 274 1288 dis
293 1281 300 1295 ,
341 1253 473 1296 egregie
510 1253 550 1286 de
581 1254 726 1285 Romana
758 1253 902 1285 Ecclesia
933 1263 969 1286 ac

224 1309 264 1342 de
301 1307 435 1340 Aretina
474 1307 571 1339 etiam
607 1307 768 1346 meritae,
805 1305 839 1338 in
879 1306 968 1338 cuius

223 1361 367 1395 dioecesi
405 1366 470 1393 tres
507 1362 694 1404 peramplas
724 1366 756 1392 et
792 1360 829 1391 ad
857 1365 969 1392 nostra

222 1426 329 1459 usque
356 1421 506 1458 tempora
532 1414 725 1458 superstites
744 1424 818 1447 aere
837 1424 895 1446 suo
915 1424 967 1446 ex-

223 1469 334 1503 citavit
369 1469 551 1512 opibusque
592 1467 745 1500 instruxit
785 1467 965 1507 ecclesias;

223 1525 335 1568 plures
361 1523 475 1556 itidem
494 1523 603 1565 magni
621 1522 762 1555 nominis
782 1522 888 1554 bonae
906 1531 968 1554 me-

221 1578 348 1610 moriae
373 1576 404 1609 S.
432 1576 470 1608 R.
498 1575 533 1608 E.
572 1575 771 1614 cardinales,
811 1575 885 1606 dum
923 1574 967 1606 vi-

221 1635 341 1663 xerunt
360 1656 366 1669 ‚
391 1629 534 1661 Riarium
552 1656 559 1668 ,
586 1628 796 1661 Ermellinum
818 1655 824 1668 ,
863 1628 967 1660 Bonu-

222 1683 325 1716 scium
344 1688 563 1726 nuncupatos,
583 1693 642 1714 nec
660 1682 703 1713 ita
718 1682 819 1714 multo
839 1681 965 1723 pridem

223 1747 259 1770 ex
286 1738 398 1769 nostra
425 1741 520 1778 gente
545 1735 684 1767 Nereum
711 1733 881 1767 Corsinum
913 1744 966 1776 pa-

221 1795 330 1823 truum
360 1794 507 1821 nostrum
534 1789 639 1821 eidem
666 1788 822 1820 ecclesiae
854 1787 967 1820 lauda-

220 1844 332 1877 biliter
355 1844 560 1887 praefuisse3
587 1853 677 1875 suam
708 1842 848 1885 denique
882 1842 967 1874 dioe-

221 1898 320 1931 cesim
345 1896 475 1939 gemino
512 1896 695 1929 sanctuario
722 1896 764 1928 ob
796 1897 964 1928 beatorum

222 1951 364 1984 virorum
404 1960 567 1983 secessum
612 1951 709 1991 longe
750 1950 966 1982 celeberrimo

221 2004 357 2037 mirifice
384 2003 559 2045 insigniri,
587 2003 705 2035 montis
736 2002 891 2035 videlicet
915 2003 967 2035 At-

221 2057 363 2097 verniae,
389 2057 444 2089 ubi
471 2056 663 2089 Franciscus
680 2055 810 2088 Ordinis
832 2056 966 2087 fratrum

220 2110 381 2143 Minorum
422 2110 589 2142 institutor
625 2109 724 2142 sacris
763 2109 967 2151 stigmatibus

221 2164 305 2196 mira
330 2164 386 2196 Dei
413 2164 515 2206 gratia
540 2163 721 2206 impressus
746 2168 808 2202 est,
835 2173 965 2195 necnon

221 2218 552 2258 Camaldrdensium,
594 2217 627 2249 in
667 2228 730 2260 quo
768 2217 967 2249 Romnaldus

222 2271 413 2314 aliquandiu
438 2270 536 2302 vitam
563 2270 763 2302 eremiticam
792 2269 908 2309 duxit,
937 2275 969 2302 et

222 2325 256 2357 in
276 2335 340 2367 quo
362 2324 458 2356 etiam
484 2334 570 2356 nunc
595 2324 718 2356 Aretini
745 2323 901 2366 episcopi,
925 2324 965 2356 ob

223 2379 289 2411 lata
314 2377 424 2410 sundia
450 2378 510 2409 iam
537 2378 663 2420 pridem
689 2390 705 2410 a
731 2377 796 2410 suis
824 2382 966 2410 anteces-

223 2430 353 2463 soribus
379 2430 562 2463 liberaliter
587 2431 633 2463 illi
660 2441 825 2470 concessa,
852 2441 966 2473 praee-

223 2484 399 2517 minentias
425 2490 457 2516 et
482 2484 551 2516 iura
577 2490 768 2526 patronatus
784 2484 965 2516 honorifica

223 2543 352 2571 servant
376 2543 408 2570 et
433 2537 597 2576 retInent',
625 2537 701 2579 quin
717 2537 811 2569 etiam
832 2537 863 2569 in
883 2537 964 2571 eius-

223 2591 297 2624 dem
320 2590 480 2624 dioecesis
505 2591 577 2623 sinu
604 2590 681 2623 olim
707 2590 805 2623 fuisse
830 2592 965 2624 conclu-

1017 255 1084 277 sam
1111 252 1142 278 et
1162 249 1434 291 comprehensam
1461 261 1584 284 sacram
1610 252 1758 286 Acconae

1018 308 1163 331 eremum
1181 327 1188 339 ,
1214 302 1269 333 ubi
1303 303 1418 335 beatus
1443 304 1627 338 Bernardus
1652 305 1762 339 Ptolo-

1018 361 1110 383 meus
1143 352 1354 387 sundamenta
1386 355 1462 388 iecit
1485 357 1759 400 Congregationis

1017 402 1204 437 Olivetanae
1223 431 1230 445 ‚
1266 407 1355 439 cuius
1380 410 1525 451 regulam
1552 410 1655 444 Guido
1692 413 1760 456 epi-

1017 465 1133 498 scopus
1159 459 1312 492 Aretinus
1338 470 1375 492 ex
1401 463 1581 504 apostolica
1607 465 1759 500 facultate

1017 509 1182 551 probavit,
1201 517 1233 544 et
1250 512 1302 544 cui
1320 514 1492 547 candidum
1510 516 1657 550 habitum
1684 529 1756 553 cum

1017 562 1187 604 religionis
1212 564 1396 607 insignibus
1413 567 1609 610 impertivit;
1625 571 1663 603 ad
1679 572 1761 606 haec

1017 620 1123 648 autem
1149 616 1332 659 spiritualia
1358 618 1505 652 eiusdem
1528 623 1686 657 ecclesiae
1704 625 1760 658 de-

1016 679 1091 701 cora
1117 670 1274 703 accedere
1299 682 1366 704 non
1391 673 1546 707 obscuras
1568 678 1758 719 temporalis

1016 721 1095 755 iuris
1121 724 1386 766 praerogativaS,
1403 719 1486 759 ‘cum
1512 728 1656 772 episcopi
1683 731 1762 764 Are-

1017 781 1074 808 tim
1101 786 1161 819 pro
1194 782 1341 820 tempore
1378 778 1553 812 existentes
1589 783 1760 817 comitatus

1015 829 1114 863 Cesae
1154 830 1277 863 domini
1318 832 1415 864 etiam
1454 832 1487 864 in
1525 837 1759 877 temporalibus

1016 884 1176 924 existant,
1204 894 1240 916 ac
1264 884 1342 917 olim
1368 885 1503 918 Romani
1530 886 1660 929 Imperii
1687 900 1759 922 can-

1015 937 1138 970 cellarii
1164 937 1286 970 fuerint
1310 938 1344 970 in
1369 939 1492 980 Tuscia,
1511 940 1675 984 totiusque
1693 954 1760 977 am-

1014 991 1178 1033 plissimae
1205 991 1365 1025 dioecesis
1386 995 1565 1037 temporale
1584 996 1681 1029 etiam
1701 997 1758 1031 do-

1014 1044 1151 1077 minium
1178 1045 1377 1079 habuerint:

1059 1098 1073 1140 5}
1099 1097 1129 1130 ⁶2.
1158 1097 1364 1142 Quapropter
1388 1107 1586 1135 memoratus
1619 1103 1757 1138 loannes
1802 1116 1954 1138 sanctissimus

1015 1152 1173 1185 Antonius
1205 1152 1379 1196 episcopus
1400 1181 1407 1194 ,
1445 1160 1493 1188 tot
1518 1156 1682 1199 tantisque
1707 1169 1758 1191 ec·
1769 1142 1955 1195 33ῗῖἃῖῗῖοὲΞὲ

1014 1205 1130 1237 clesiae
1156 1216 1233 1238 suae
1258 1206 1412 1240 Aretinae
1438 1208 1562 1241 meritis
1586 1210 1754 1251 subnixus,
1769 1196 1954 1246 {zinginssiiiiioeiff-

1013 1257 1189 1299 plurimum
1216 1259 1325 1301 cupiat
1349 1264 1384 1291 ut
1416 1271 1433 1292 a
1464 1261 1558 1294 nobis
1592 1273 1651 1305 per
1683 1250 1837 1307 apo-*³⁶⁰³*

1013 1310 1126 1343 stolica
1165 1322 1303 1345 munera
1342 1319 1451 1346 nostra
1486 1319 1522 1346 ut
1554 1315 1638 1348 infra
1674 1318 1758 1350 clar-

1013 1365 1131 1406 gienda
1159 1371 1247 1398 tanto
1272 1366 1465 1400 meritorum
1490 1368 1675 1402 huiusmodi
1702 1371 1757 1404 de-

1012 1419 1077 1451 cori
1104 1419 1234 1451 claritas
1259 1425 1414 1462 augeatur
1446 1426 1478 1453 et
1512 1421 1639 1455 honor:
1674 1434 1756 1465 nos,

1011 1476 1207 1514 propterea,
1233 1472 1273 1504 ad
1305 1472 1439 1506 eximias
1474 1474 1621 1508 eiusdem
1652 1478 1757 1510 eccle-

1011 1524 1076 1557 siae
1098 1524 1189 1557 dotes
1207 1524 1350 1557 animum
1369 1532 1514 1559 nostrum
1536 1528 1754 1569 advertentes,

1011 1577 1322 1620 considerantesque
1367 1579 1455 1621 quod
1488 1579 1587 1613 Sedes
1624 1582 1757 1624 Aposto-

1011 1631 1074 1663 lica
1099 1642 1203 1673 aequa
1228 1641 1401 1664 muncrum
1427 1643 1560 1666 suorum
1587 1634 1756 1678 dispensa-

1013 1685 1071 1716 trix
1096 1683 1222 1717 nnllas¹
1240 1684 1408 1725 ecclesias,
1426 1686 1486 1719 etsi
1505 1687 1680 1730 primatiali
1701 1690 1752 1722 vel

1011 1738 1222 1780 patriarchali
1258 1743 1313 1770 aut
1345 1741 1588 1782 metropolitico
1619 1742 1752 1776 minime

1012 1792 1181 1824 decoratas
1208 1792 1322 1831 titulo,
1347 1793 1518 1836 multiplici
1546 1800 1654 1828 tamen
1690 1796 1756 1829 sin-

1011 1844 1171 1887 gularium
1197 1845 1495 1887 praerogativarum
1521 1849 1650 1881 cumulo
1667 1875 1674 1889 ,
1701 1860 1754 1882 ce-

1011 1897 1162 1940 lebrique
1200 1908 1332 1930 suorum
1364 1904 1396 1931 et
1428 1910 1463 1932 ex
1502 1900 1547 1932 eis
1580 1902 1754 1934 nonnullo-

1011 1962 1082 1983 rum
1120 1951 1173 1994 qui
1206 1962 1266 1994 pro
1301 1958 1448 1994 tempore
1480 1953 1611 1986 suerunt
1646 1955 1756 1988 beato-

1012 2016 1083 2037 rum
1117 2006 1307 2048 praesulum
1344 2006 1523 2039 illustratas
1558 2009 1754 2049 sanctitate,

1012 2059 1262 2101 metropoliticis
1280 2058 1312 2091 in
1336 2060 1526 2093 eorumdem
1545 2071 1679 2094 suorum
1693 2073 1754 2106 pro

1013 2118 1161 2155 tempore
1185 2112 1391 2145 existentium
1409 2115 1595 2156 praesulum
1614 2118 1754 2158 persona

1013 2166 1167 2199 decorare
1194 2167 1363 2198 consuevit
1387 2167 1582 2209 insignibus,
1602 2168 1755 2210 proinde-

1012 2230 1075 2262 que
1102 2219 1242 2252 divinam
1269 2219 1404 2262 gloriam
1431 2220 1463 2251 in
1491 2220 1580 2261 dicta
1616 2221 1753 2254 ccclesia

1011 2273 1143 2305 Aretina
1155 2273 1365 2316 amplificare,
1381 2278 1412 2306 ct
1432 2274 1600 2306 beatorum
1619 2275 1750 2314 cultum,

1011 2337 1149 2369 quorum
1176 2327 1219 2358 ibi
1243 2336 1335 2359 sacra
1352 2335 1491 2368 corpora
1507 2325 1751 2368 religiosissime

1010 2385 1241 2419 asservantur,
1281 2379 1472 2422 praesertim
1508 2380 1645 2421 praefati
1674 2381 1752 2414 bea—

1011 2432 1031 2464 ti
1058 2432 1173 2464 Donati
1199 2438 1232 2465 et
1255 2432 1402 2474 Gregorii
1427 2432 1530 2474 Papae
1557 2432 1581 2464 X
1614 2435 1750 2476 praede-

1009 2486 1150 2518 cessoris
1177 2486 1299 2524 nostri,
1327 2496 1407 2528 quos
1431 2486 1625 2529 praecipuos
1651 2487 1751 2520 habet

1010 2544 1041 2571 et
1067 2539 1145 2571 colit
1169 2539 1304 2570 ecclesia
1329 2538 1384 2571 illa
1408 2544 1563 2581 patronos
1579 2566 1586 2580 ‚
1611 2550 1748 2583 augere,

1045 2602 1055 2627 Ι
1078 2600 1193 2627 Videtur
1213 2599 1358 2635 legendum
1378 2602 1534 2628 nonnullas
1552 2602 1591 2635 (n.
1608 2603 1645 2637 τ).
