2182 3137
150 222 192 246 Aa
222 222 248 245 e.
268 220 339 247 ¹730
384 211 450 244 214

203 546 335 565 ululantium

155 572 271 596 derogatio.

348 270 443 302 etiam
461 279 629 302 causarum
648 269 756 312 palatii
774 268 941 312 apostolici
967 268 1090 300 audito-

349 333 410 361 res,
436 322 573 355 iudicari
600 328 631 355 et
659 322 786 355 definiri
823 322 964 363 debere,
990 332 1025 354 ac
1050 321 1091 353 ir-

348 376 442 407 ritum
481 380 512 408 et
549 376 644 408 inane
676 375 701 407 si
735 385 829 408 secus
861 385 962 418 super
998 375 1048 407 his
1073 386 1090 407 a

347 439 531 472 quoquam,
563 429 676 471 quavis
710 428 917 468 auctoritate,
950 428 1092 461 scienter

350 482 400 514 vel
422 482 627 524 ignoranter,
649 481 824 524 contigerit
838 481 1000 514 attentari.

393 535 409 577 ἓ
433 534 465 567 5.
491 534 561 567 Non
594 534 800 567 obstantibus
832 535 1008 578 praedictis
1034 535 1092 567 Be-

353 587 472 620 nedicti
499 587 764 630 praedecessoris
795 587 927 626 litteris,
954 588 1090 630 aliisque

352 641 550 682 praemissis,
578 651 614 673 ac
638 640 925 673 constitutionibus
950 646 980 672 et
1006 640 1092 673 ordi-

352 693 539 726 nationibus
564 693 765 736 aposlolicis,
792 703 920 726 necnon
937 722 944 733 ,
973 699 1092 734 quate-

351 756 410 779 nus
451 756 532 789 opus
570 746 630 784 sit,
673 746 777 779 dictae
814 745 1089 787 Congregationis,

352 798 461 831 aliisve
486 798 668 841 quibusvis,
688 799 783 831 etiam
810 799 1002 838 iuramento,
1021 809 1092 831 con·

355 852 537 884 firmatione
563 852 753 894 apostolica,
781 857 832 883 aut
857 851 968 894 quavis
995 851 1092 883 [irmi-

358 911 421 938 tate
447 905 508 937 alia
542 905 718 944 roboratis,
749 905 875 937 statutis
902 911 932 937 et
957 915 1092 938 eonsue-

358 958 546 996 inclinibus,
574 957 750 1001 privilegiis
775 968 927 1000 quoquc,
956 957 1091 990 indultis

352 1016 383 1043 et
408 1011 525 1043 litteris
542 1010 728 1053 apostolicis
743 1010 774 1042 in
789 1009 987 1042 contrarium
1006 1020 1092 1052 prae·

351 1063 526 1096 missorum
554 1063 804 1106 quomodolibet
827 1063 998 1101 concessis,
1018 1073 1092 1094 cou-

352 1115 486 1148 firmatis
511 1122 543 1148 et
567 1115 749 1154 innovatis;
789 1115 908 1158 quibus
942 1114 1092 1147 omuibus

349 1174 380 1201 et
405 1169 552 1210 singulis,
572 1168 699 1201 illorum
720 1173 846 1201 tenores
865 1168 1092 1211 praesentibus

351 1232 411 1264 pro
437 1222 533 1264 plene
568 1227 598 1254 et
633 1221 831 1253 sufficienter
863 1221 1023 1264 expressis
1056 1231 1091 1252 ac

354 1274 392 1307 ad
416 1275 547 1307 verbum
574 1274 702 1307 insertis
727 1274 896 1313 habentes,
923 1273 988 1306 illis
1013 1273 1092 1306 alias

351 1329 382 1360 in
410 1338 468 1360 suo
494 1328 613 1360 robore
631 1327 862 1370 permansuris,
882 1328 920 1359 ad
939 1327 1091 1370 praemis-

353 1392 466 1414 sorum
491 1380 647 1419 effectum,
668 1381 728 1414 liae
746 1381 811 1414 vice
830 1381 1005 1419 dumtaxat,
1023 1391 1092 1423 spe-

354 1434 478 1467 cialiter
503 1439 535 1467 et
568 1444 720 1477 expresse
754 1435 966 1476 derogamus·‚
1005 1438 1092 1465 cete-

351 1487 457 1530 risque
483 1486 655 1519 contrariis
681 1486 956 1529 quibuscumque.

391 1539 508 1572 Datum
533 1539 666 1578 Romae,
684 1539 770 1582 apud
795 1538 827 1571 S.
847 1539 978 1571 Mariam
998 1538 1092 1571 Maio-

349 1603 435 1632 rem,
473 1593 533 1625 sub
566 1593 689 1625 annulo
728 1591 926 1631 piscatoris,
954 1592 1007 1625 die
1040 1602 1092 1624 xiv

349 1645 532 1679 decembris
561 1655 723 1684 unccxxx,
751 1645 960 1687 pontificatus
988 1646 1090 1678 nostri

350 1709 434 1731 anno
460 1708 482 1731 L

383 1760 445 1785 Dat.
468 1759 512 1786 die
538 1760 567 1785 ¹4
588 1760 744 1786 decembris
766 1760 843 1793 1730,
863 1761 960 1794 pontif.
983 1768 1090 1787 annot.

617 1812 650 1844 F.
677 1813 766 1846 card.
793 1812 978 1846 OLIVERIUS.

383 1874 431 1901 Ex
451 1875 497 1901 lib.
522 1875 628 1901 mensis
648 1875 813 1908 decembris,
836 1878 899 1902 lass.
923 1882 974 1902 xvr.

680 2035 759 2067 xtx.

347 2123 502 2157 Extensio
527 2123 756 2166 indulyenliae
779 2129 952 2167 perpetuae
976 2124 1012 2156 in
1025 2123 1092 2156 die-

396 2177 454 2209 bus
480 2176 702 2210 Conversionis
719 2180 747 2209 et
765 2176 1091 2210 commemorationis

391 2230 422 2263 S.
450 2230 555 2262 Pauli
578 2230 718 2272 apostoli
735 2240 794 2272 pro
812 2230 952 2262 ecclesiis
969 2230 1092 2262 mom'a-

395 2283 477 2316 lium
486 2283 724 2326 Anyelicarum
734 2289 1001 2326 nuncupalarum
1016 2284 1092 2317 Con-

392 2338 594 2381 9re9ationis
618 2338 651 2371 S.
675 2338 790 2377 Pauli,
813 2337 947 2371 Ordinis
971 2338 1004 2370 S.
1024 2337 1092 2370 Au-

391 2392 529 2434 qustini,
555 2395 627 2430 etc..
648 2390 917 2429 Barnabstarum,
939 2390 1092 2423 Mediola-

391 2445 502 2477 nensis
526 2444 670 2477 civilatis
685 2445 704 2477 ¹.

386 2526 395 2549 1
421 2522 495 2550 Hanc
514 2523 708 2558 indulgentiam
736 2523 860 2550 ecclesiis
880 2522 995 2550 huiusce
1018 2523 1090 2549 (Jon-

347 2567 513 2603 gregationis
532 2567 667 2595 concessit
686 2567 861 2595 Innocentius
881 2567 913 2594 xl
938 2567 981 2594 die
1000 2567 1016 2593 2
1040 2567 1090 2594 de-

348 2610 466 2638 cembris
484 2617 647 2645 nncnxxvn,
673 2614 760 2638 const.
791 2611 962 2638 Caelestum:
990 2618 1091 2638 mune-

935 219 1119 245 nnLLAfflUM
1143 220 1296 244 ROMANUM

1338 270 1476 296 Clemens
1499 271 1578 304 Papa
1598 270 1651 297 XII
1666 291 1672 303 ‚

1245 313 1282 340 ad
1306 317 1488 347 perpetuam
1510 315 1556 340 rei
1576 314 1761 341 memoriam.

1177 373 1344 408 Commissi
1370 376 1465 408 nobis
1502 376 1636 409 caelitus
1675 378 1874 419 apostolatus

1133 426 1229 459 officii
1256 427 1339 459 ratio
1365 427 1476 470 exigit,
1504 432 1555 467 ut,
1581 435 1749 471 paternam
1774 440 1877 462 sacra-

1134 489 1202 511 rum
1229 479 1408 521 virginum,
1436 491 1539 523 quae,
1567 482 1688 514 oblitae
1714 483 1874 525 populum

1134 542 1225 564 suum
1250 538 1281 565 et
1306 533 1435 565 domum
1461 534 1561 576 patris
1595 535 1644 566 sui
1680 535 1796 568 divinis
1823 536 1877 569 ob-

1134 585 1253 627 sequiis
1289 595 1324 617 se
1366 586 1426 617 sub
1464 586 1549 618 suavi
1591 587 1759 630 religionis
1799 588 1875 631 iugo

1135 637 1351 676 devoverunt,
1392 649 1501 679 euram
1539 645 1706 681 gerentes,
1745 641 1877 674 illarum

1135 690 1307 732 religiosae
1344 690 1445 733 quieti
1483 697 1513 724 et
1554 692 1637 725 felici
1675 694 1874 736 progressui,

1135 747 1290 785 quantum
1315 743 1410 775 nobis
1435 754 1471 776 ex
1494 746 1558 777 alto
1585 745 1784 786 conceditur,
1803 756 1878 779 con-

1135 796 1243 828 sulere
1271 795 1390 838 iugiter
1414 797 1616 831 studeamus.

1179 850 1193 892 ἓ
1219 849 1249 881 1.
1278 849 1403 881 Dudum
1435 849 1597 892 siquidem
1628 852 1731 885 felicis
1769 863 1878 887 recor-

1135 902 1277 934 dationis
1303 902 1510 936 Innocentius
1536 904 1594 937 PP.
1623 905 1661 937 xt
1687 907 1878 948 praedeces-

1134 965 1189 987 sor
1215 961 1326 987 noster
1351 956 1502 988 omnibus
1530 963 1562 990 et
1587 958 1722 999 singulis
1760 960 1877 994 utrius-

1135 1019 1198 1051 que
1225 1018 1319 1040 sexus
1355 1009 1623 1043 christifidelibus
1659 1022 1734 1045 vere
1761 1014 1878 1055 poeni-

1135 1061 1276 1093 tentibus
1303 1067 1335 1092 et
1359 1062 1520 1094 confessis
1547 1074 1582 1096 ac
1608 1068 1699 1097 sacra
1735 1076 1874 1099 commu-

1134 1114 1233 1146 uione
1260 1113 1402 1154 resectis,
1423 1115 1476 1157 qui
1504 1115 1644 1159 aliquam
1667 1128 1702 1150 ex
1731 1120 1878 1153 eeclesiis

1135 1168 1331 1200 clericorum
1372 1169 1569 1210 regularium
1610 1171 1878 1215 Congregationis

1134 1221 1165 1254 S.
1204 1220 1292 1253 Pauli
1323 1221 1478 1253 Decollati
1517 1223 1762 1258 Barnabitarum
1794 1237 1880 1259 nun·

1135 1279 1348 1317 eupatorum,
1375 1279 1438 1306 tam
1466 1280 1601 1308 eatenus
1638 1278 1754 1310 erectis
1781 1290 1877 1322 quam

1135 1328 1348 1370 imposterum
1389 1327 1663 1372 quandocumque
1700 1331 1875 1373 erigendis,

1136 1386 1167 1414 et
1191 1380 1388 1423 ubicumque
1414 1380 1563 1413 locorum
1594 1383 1818 1424 existentibus,
1846 1385 1878 1418 in

1136 1433 1362 1466 Conversionis
1389 1439 1420 1467 et
1439 1432 1770 1470 Commemorationis
1795 1437 1879 1470 eius-

1137 1479 1209 1520 dem
1235 1488 1267 1522 S.
1294 1488 1383 1521 Pauli
1417 1489 1556 1532 apostoli
1595 1489 1683 1522 sestis
1720 1489 1834 1522 diebus
1860 1501 1878 1523 a

1136 1541 1248 1583 prIniis
1273 1542 1418 1584 vesperis
1440 1553 1541 1585 usque
1561 1542 1599 1574 ad
1620 1553 1771 1575 occasum
1798 1543 1879 1576 solis

1136 1594 1261 1626 dierum
1289 1594 1477 1628 huiusmodi
1496 1595 1589 1627 annis
1608 1594 1744 1636 singulis
1763 1595 1878 1628 devote

1135 1647 1328 1686 visitassent,
1344 1652 1375 1680 et
1388 1647 1431 1679 ibi
1448 1658 1506 1690 pro
1522 1648 1776 1680 christianorum
1791 1648 1877 1691 prin-

1137 1701 1244 1742 cipum
1259 1700 1445 1738 concordia,
1460 1701 1634 1733 haeresum
1649 1701 1877 1743 extirpatione,

1137 1765 1173 1784 ac
1198 1753 1228 1785 S.
1258 1753 1366 1785 Matris
1393 1753 1559 1786 Ecclesiae
1586 1754 1781 1786 exaltatione
1808 1754 1877 1796 pias

1113 1801 1114 1804 ¹
1137 1805 1175 1837 ad
1203 1806 1300 1838 Deum
1328 1817 1442 1848 preces
1469 1806 1676 1846 effudissent,
1696 1807 1879 1850 plenariam

1136 1858 1280 1890 omnium
1309 1865 1515 1900 peccatorum
1548 1870 1679 1892 suorum
1705 1859 1878 1902 indulgen-

1137 1911 1213 1943 tiam
1239 1917 1269 1944 et
1295 1912 1523 1944 remissionem
1556 1912 1725 1955 perpetuis
1761 1912 1879 1944 suturis

1137 1965 1336 2007 temporibus
1380 1964 1633 1998 misericorditer
1669 1965 1702 1997 in
1740 1965 1879 1999 Domino

1136 2017 1311 2058 concessit,
1331 2028 1365 2049 ac
1383 2017 1520 2050 subinde
1540 2019 1735 2051 recolendae
1754 2028 1878 2050 memo-

1135 2071 1200 2103 riae
1226 2071 1436 2104 Innocentius
1470 2071 1528 2104 PP.
1556 2071 1608 2103 XII
1643 2072 1878 2114 praedecessor

1136 2124 1234 2156 etiam
1275 2129 1414 2163 noster,
1460 2124 1755 2167 supplicationibus
1801 2129 1877 2157 tunc

1136 2177 1304 2209 existentis
1329 2177 1552 2219 procuratoris
1577 2177 1740 2219 generalis
1772 2176 1877 2209 dictae

1134 2229 1407 2272 Cougregationis
1444 2229 1504 2261 sibi
1530 2239 1630 2273 super
1654 2230 1718 2263 hoc
1743 2229 1878 2263 humili-

1135 2289 1185 2315 ter
1217 2283 1376 2326 porrectis
1408 2282 1600 2321 inclinatus,
1627 2283 1809 2326 plenariam
1842 2294 1876 2316 o-

1135 2335 1256 2368 mnium
1283 2341 1489 2378 peccatorum
1516 2335 1754 2377 indulgentiam
1781 2341 1812 2368 et
1831 2346 1876 2369 re·

1136 2389 1323 2422 missionem
1351 2400 1368 2421 a
1401 2394 1580 2421 memorato
1620 2389 1811 2422 Innocentio
1835 2388 1878 2421 xt

1111 2469 1113 2475 Ι
1133 2487 1197 2506 rum
1210 2499 1216 2511 ,
1237 2482 1302 2512 etc.,
1323 2486 1439 2513 eamque
1459 2478 1492 2504 ad
1513 2477 1672 2504 monialium
1693 2478 1813 2504 eiusdem
1833 2478 1877 2504 in-

1133 2522 1219 2549 stituti
1240 2523 1369 2549 ecclesias
1397 2522 1517 2549 extendit
1542 2530 1684 2549 successor
1707 2522 1802 2548 Innoc.
1828 2521 1878 2548 XII

1134 2566 1176 2592 die
1195 2567 1226 2592 14
1245 2566 1399 2593 decembris
1414 2572 1540 2593 uncxcvn
1552 2586 1559 2600 ,
1576 2574 1645 2601 quae
1661 2566 1688 2592 in
1707 2569 1798 2592 nostro
1813 2564 1879 2591 Bul-

1134 2610 1201 2637 lario
1221 2618 1275 2636 non
1295 2610 1443 2646 reperitur.

1884 221 1936 248 An,
1954 221 1982 245 (ἶ.
2002 220 2073 248 1730

1912 385 2036 407 Exordium.

1940 859 2072 885 Indulgentia

1887 885 2009 906 huiusmodi
2043 885 2072 905 ab

1887 912 2009 932 innocentio
2044 911 2074 932 xt

1887 944 1991 959 concessa
2006 940 2028 959 et
2043 938 2072 958 ab

1887 965 2009 985 innocentio
2035 963 2073 985 xu

1888 994 1983 1012 extensa.
