2182 3137
185 233 235 259 An.
256 232 283 258 c.
311 231 373 259 ¹731
423 223 487 257 262

383 282 466 314 tibus
486 282 723 325 exponentibus
755 283 946 326 praedictis,
983 283 1035 326 qui
1053 310 1060 322 ,
1086 288 1121 314 ut

381 335 567 367 constitutio
594 335 782 368 huiusmodi
808 346 920 368 omnes
946 341 978 367 et
1009 335 1120 377 singu-

381 389 426 420 las
452 398 608 430 personas
645 388 800 430 legationi
828 389 1023 422 Bononiensi
1049 390 1120 421 sub-

381 440 480 472 iectas
506 441 625 472 arctius
650 441 777 482 ligaret,
797 452 813 473 a
838 441 1034 474 recolendae
1055 452 1119 474 mc-

380 493 502 525 moriae
539 493 705 526 Clemente
739 494 824 536 Papa
857 495 894 526 xl
927 494 1118 537 praedeces-

380 556 453 579 sore
479 552 590 579 nostro
616 547 866 590 postulaverant,
892 553 1052 590 ‹ptatcuus
1081 547 1118 580 il-

380 600 442 631 lam
460 599 660 642 apostolicae
679 600 935 632 confirmationis
954 599 1117 642 praesidio

380 652 533 684 roborare
560 652 768 693 dignaremr;
795 663 921 693 verum,
949 652 1024 695 quia
1062 652 1116 685 tali
1138 667 1140 677 t

379 704 618 738 confirmationi
634 716 667 738 se
685 716 718 738 se
731 706 1116 748 opposueratcollegium

380 758 593 791 tabellionum
615 769 671 791 scu
691 759 891 791 notariorum
912 759 1115 801 publicorum

379 811 484 844 dictae
510 811 671 851 civitatis,
707 812 762 855 qui
793 822 851 844 sua
885 812 1055 854 privilegia
1086 817 1117 844 ct

379 865 620 907 praerogativas
646 865 762 897 exinde
782 865 864 898 laedi
884 865 1114 905 causabantur,

379 924 577 950 memoratus
602 918 749 951 Clemens
776 918 1011 961 praedecessor
1035 918 1116 950 Con-

378 970 598 1012 gregationem
617 971 846 1013 particularem
866 971 960 1002 trium
983 971 1116 1003 dilecto-

379 1033 448 1054 rum
486 1023 581 1055 etiam
622 1023 761 1056 [illorum
803 1023 968 1056 Romanae
1004 1023 1115 1055 Curiae

377 1076 610 1118 praelatorum,
631 1081 665 1107 ut
684 1076 829 1108 eamdem
851 1076 1115 1108 constitutionem

378 1128 529 1170 illiusque
556 1134 701 1162 tenorem
729 1129 953 1161 examinarent
984 1140 1022 1161 ac
1048 1129 1116 1161 iura

378 1181 508 1224 collegii
526 1181 713 1214 eorumdem
732 1182 941 1214 tabellionum
957 1181 1116 1221 audirent,

378 1234 587 1277 deputasset;
614 1234 759 1277 dictique
793 1235 929 1278 praelati
965 1240 1038 1278 post
1063 1245 1118 1267 ne-

378 1287 501 1329 gotium
528 1294 651 1320 mature
685 1288 866 1320 discussum
902 1287 1117 1327 censuissent,

377 1351 414 1373 ac
439 1340 499 1384 ipsi
525 1341 682 1374 Clementi
712 1341 952 1384 praedecessori
989 1341 1117 1374 retulis-

377 1400 461 1434 sent„
489 1394 751 1427 constitutionem
778 1395 976 1437 praedIctam
1003 1405 1117 1437 appro-

376 1447 446 1479 bari
473 1458 584 1490 posse,
611 1458 683 1480 cum
717 1447 815 1480 certis
841 1453 946 1480 tamen
973 1447 1118 1480 declara-

377 1501 523 1533 tionibus
538 1505 568 1533 et
582 1500 886 1540 modificationibus,
899 1512 993 1544 quae,
1006 1507 1116 1543 utpote

378 1553 522 1586 eiusdem
549 1553 791 1586 constitutionis
818 1554 1046 1594 destructivae,
1075 1554 1118 1586 di-

378 1604 437 1638 ctis
464 1606 699 1648 exponentibus
736 1606 822 1639 haud
859 1612 1009 1649 acceptae
1046 1617 1117 1649 pro-

377 1658 537 1701 bataeque
571 1659 716 1699 suerant;
751 1659 943 1702 interimque
975 1660 1115 1692 cnarrati

378 1712 499 1744 abusus
521 1711 624 1754 magis
642 1711 674 1743 in
693 1711 760 1744 dies
779 1711 1026 1751 invalescerent,
1045 1723 1117 1755 pro-

378 1770 490 1808 pterea
510 1765 595 1808 quod
614 1765 759 1808 praefata
776 1765 966 1798 constitutio
985 1765 1116 1798 minime

379 1817 632 1861 observaretur)
659 1818 855 1850 venerabilis
882 1818 980 1850 frater
1009 1823 1118 1851 noster

378 1869 519 1903 Thomas
553 1871 727 1913 episeopus
759 1871 988 1903 Praenestinus
1014 1871 1140 1904 ‹lictaef

379 1922 411 1956 S.
432 1923 468 1956 R.
496 1923 532 1956 E.
555 1923 728 1956 cardinalis
755 1923 865 1956 Rull'us
902 1929 1115 1967 nuncupatus,

379 1976 453 2009 dum
472 1976 568 2018 legati
591 1976 774 2010 huiusmodi
795 1987 928 2012 munere
944 1978 974 2009 in
995 1977 1116 2010 eisdem

379 2030 505 2062 civitate
531 2036 562 2062 et
587 2030 740 2062 comitatu
768 2030 1024 2063 Bononiensibus
1050 2030 1140 2062 sun-,

380 2082 526 2125 gebatur,
553 2083 817 2116 constitutionem
850 2083 1049 2126 praedictam
1076 2083 1140 2116 ita:

387 2135 578 2174 reformare,
603 2135 764 2168 moderari
791 2147 826 2168 ac
854 2137 1026 2179 temperari
1053 2141 1119 2169 stu-

383 2188 506 2229 duerat,
533 2194 567 2221 ut
591 2188 732 2231 collegio
757 2190 945 2223 eorumdem
973 2190 1118 2223 tabellio-

383 2252 461 2274 num
487 2252 706 2285 quaecumque
736 2242 913 2285 quaerendi
950 2247 982 2274 et
1019 2244 1118 2275 recla-

380 2294 489 2327 mandi
514 2294 639 2327 occasio
666 2295 842 2334 tolleretur,
868 2300 966 2338 prout
991 2305 1024 2327 re
1049 2295 1117 2338 ipsa

381 2347 599 2390 praestiterat,
625 2347 887 2380 constitutionem
920 2348 1140 2391 praedictamt

381 2401 519 2433 subinde
538 2401 750 2444 approbante,
766 2406 860 2444 atque
876 2411 935 2444 per
952 2401 1118 2444 publicum

381 2454 632 2486 instrumentum
651 2459 839 2497 acceptante
860 2454 999 2496 collegio
1017 2454 1119 2487 dicto·
1139 2467 1141 2473 ’

383 2517 453 2539 rum
478 2507 710 2547 tabellionum;
735 2513 766 2540 et
791 2507 822 2540 in
853 2507 964 2540 eadem
995 2507 1119 2550 exposi-

383 2560 470 2592 tione
484 2559 666 2600 subiuncto,
679 2560 778 2604 quod,
792 2565 940 2593 cessante
956 2567 1030 2593 tunc
1045 2571 1118 2604 qua-

382 2621 520 2657 cumque
547 2612 752 2656 oppositioue
780 2618 811 2646 et
838 2613 1118 2655 contradictione,

954 233 1134 259 numanum
1159 233 1315 259 ROMANUM

1163 283 1337 327 supradicti
1352 287 1550 326 exponentes
1564 282 1827 316 constitutionem
1839 282 1901 316 hu·

1164 336 1302 369 iusmodi
1335 336 1533 378 apostolicae
1569 335 1823 369 confirmationis
1849 346 1900 369 ro-

1163 389 1242 421 bore
1268 390 1382 422 muniri
1403 389 1648 422 desiderabant:
1675 389 1745 432 ipsc
1767 390 1901 422 Benedi-

1162 447 1231 473 ctus
1257 442 1498 484 praedecesmr,
1526 441 1819 485 supplicationibus
1846 452 1900 475 co-

1163 496 1307 527 rumdem
1334 495 1584 538 exponentium,
1611 495 1670 526 sibi
1707 505 1805 538 super
1837 496 1901 529 hoc

1163 548 1329 581 humiliter
1354 548 1511 591 porrectis
1537 548 1719 588 inclinatus,
1745 559 1805 591 per
1826 559 1899 581 suas

1163 601 1192 633 in
1221 602 1317 634 simili
1346 602 1447 633 l'orma
1472 601 1582 633 Brevis
1604 601 1654 633 die
1673 611 1744 634 xxvi
1764 601 1900 634 ianuarii

1162 664 1321 686 iinccxxix
1350 654 1516 696 expeditas
1547 654 1669 686 litteras
1698 654 1899 696 praedictam

1162 707 1426 740 constitutionem
1459 718 1476 739 a
1509 706 1663 749 praelatis
1693 707 1900 740 Fordinando

1163 760 1293 798 editan‘t,
1308 765 1338 791 et
1356 759 1479 792 Tlioma
1498 759 1665 802 episcopo,
1679 759 1900 792 cardinalibus

1162 818 1193 845 et
1208 813 1329 854 legatis,
1350 813 1566 851 reformatam,
1583 817 1647 845 toto
1673 812 1760 845 illius
1787 817 1900 846 tenore

1138 875 1140 899 1
1162 866 1192 898 in
1210 866 1329 898 eisdem
1349 865 1414 897 suis
1431 865 1545 898 litteris
1564 865 1695 904 inserto,
1708 865 1899 899 auctoritate

1162 919 1340 961 apostolica
1361 918 1551 961 approbavit
1572 923 1603 950 et
1628 918 1847 958 confirmavit;
1870 924 1901 951 et

1162 973 1258 1011 alias,
1284 979 1382 1015 prout
1402 973 1433 1004 in
1455 972 1548 1004 dictis
1574 972 1740 1004 Benedicti
1767 971 1902 1014 praede-

1162 1025 1301 1057 cessoris
1327 1025 1442 1057 litteris
1469 1024 1603 1057 uberius
1628 1025 1825 1057 continetur.

1205 1079 1219 1120 g
1245 1078 1276 1110 l.
1303 1077 1379 1110 Cum
1407 1083 1527 1116 autern,
1555 1077 1637 1109 sicut
1654 1078 1751 1110 iidem
1777 1078 1834 1110 viri
1854 1088 1900 1111 re-

1161 1130 1353 1163 formatores
1369 1130 1462 1162 nobis
1481 1140 1588 1172 nuper
1605 1130 1722 1172 exponi
1742 1131 1899 1171 fecerunt,

1161 1193 1220 1226 per
1259 1184 1379 1215 clerum
1421 1184 1617 1216 saecularem
1650 1188 1681 1215 et
1714 1184 1900 1225 regularem

1161 1235 1344 1278 praedictae
1368 1235 1540 1277 legationis
1564 1246 1600 1268 ac
1624 1235 1767 1269 notarios
1786 1235 1898 1270 Curiae

1162 1289 1452 1332 archiepiscopalis
1470 1289 1688 1322 Bononiensis
1707 1289 1793 1322 varia
1812 1295 1901 1332 post-

1161 1342 1292 1375 modum
1319 1342 1403 1374 circa
1428 1352 1542 1374 eorum
1575 1341 1607 1374 in
1640 1342 1800 1374 eiusmodi
1824 1352 1904 1382 con-2

1161 1395 1330 1427 stitutione
1376 1394 1708 1438 comprehensionem
1752 1400 1900 1438 promota

1162 1449 1298 1481 fuissent
1323 1448 1439 1488 dubia;
1475 1448 1549 1480 dicti
1576 1458 1652 1480 vero
1678 1453 1897 1491 exponentes,

1161 1507 1196 1534 ut
1235 1502 1296 1534 hoc
1335 1511 1451 1534 novum
1483 1501 1749 1544 impedimentum
1766 1528 1774 1541 ,
1813 1502 1899 1544 quod

1161 1555 1321 1598 praefatae
1347 1554 1590 1588 constitutionis
1617 1554 1802 1587 executioni
1822 1554 1900 1587 obii-

1161 1608 1326 1649 ciebatur,
1352 1613 1562 1647 amoverent,
1590 1608 1694 1641 denuo
1729 1618 1898 1641 recursum

1162 1661 1336 1694 habuerint
1353 1662 1390 1694 ad
1412 1661 1559 1694 eumdem
1579 1661 1789 1694 Benedictum
1811 1672 1900 1704 prae-

1162 1714 1380 1753 decessorem,
1407 1725 1424 1746 a
1450 1725 1513 1757 quo
1549 1713 1609 1756 ipsi
1646 1713 1899 1756 Congregationi

1161 1767 1351 1811 particulari
1378 1768 1597 1810 praelatorum
1630 1767 1785 1800 committi
1818 1767 1901 1801 obti-

1162 1826 1311 1860 nuerunt,
1334 1825 1380 1859 ut,
1398 1820 1501 1853 citatis
1520 1820 1609 1863 prius
1627 1821 1716 1853 clero
1742 1819 1900 1853 eiusmodi

1161 1874 1298 1917 aliisque
1339 1873 1604 1917 oppositoribus,
1641 1878 1899 1916 cognoscerent,

1163 1937 1237 1959 num
1265 1926 1311 1959 illi
1338 1927 1396 1959 sub
1423 1927 1508 1959 dicta
1540 1926 1786 1968 constitutione,
1819 1936 1906 1969 apo··

1162 1979 1275 2012 stolica
1310 1980 1519 2019 auctoritate,
1545 1979 1628 2012 sicut
1667 1979 1903 2022 praemittitur,

1162 2032 1362 2073 confirmata,
1378 2032 1745 2075 comprehenderentur,
1761 2042 1821 2065 nec
1839 2042 1898 2072 ne;

1162 2090 1193 2118 et
1217 2085 1291 2128 quia
1316 2085 1473 2128 praedicti
1501 2085 1660 2129 praelati,
1686 2085 1824 2118 durante
1849 2095 1902 2118 re-

1163 2139 1252 2181 liquo
1279 2144 1427 2181 tempore
1448 2138 1655 2181 pontificatus
1675 2138 1818 2170 eiusdem
1842 2138 1903 2172 Be-

1164 2191 1281 2224 nedicti
1307 2191 1590 2234 praedecessoris,
1616 2191 1748 2225 insimul
1782 2201 1902 2224 conve-

1162 2244 1232 2277 nire
1251 2244 1473 2287 nequiverant,
1493 2244 1590 2276 huius
1607 2242 1809 2287 quaestionis
1826 2254 1900 2276 exa-

1163 2307 1236 2330 men
1261 2307 1318 2340 per
1342 2307 1401 2329 nos
1432 2306 1562 2339 quoque
1594 2296 1713 2329 remitti
1745 2296 1902 2339 impetra·

1162 2350 1228 2382 rint
1253 2349 1357 2382 dictae
1382 2348 1631 2392 Congregationi
1666 2350 1898 2392 praelatorum,

1163 2402 1229 2445 qui,
1248 2407 1320 2445 post
1339 2412 1406 2435 rem
1425 2407 1574 2434 accurate
1597 2402 1781 2441 discussam,
1801 2401 1901 2434 animi

1163 2455 1210 2488 sui
1237 2454 1376 2498 desuper
1406 2454 1603 2487 sententiam
1626 2454 1799 2488 novissime
1824 2464 1901 2498 pro-

1164 2507 1326 2547 tulerunt,
1354 2507 1550 2550 cupiantque
1576 2513 1777 2550 exponentes
1808 2517 1902 2550 prae-

1164 2560 1242 2593 dicti
1276 2560 1540 2594 constitutionem
1575 2560 1777 2602 huiusmodi,
1802 2571 1900 2604 quam

1163 2613 1251 2647 bono
1276 2613 1407 2656 publico
1433 2613 1593 2658 imprimis
1626 2613 1903 2658 neeessariamaq

1903 235 1954 261 An.
1975 234 2005 262 C.
2023 235 2088 264 1731

1910 1089 2084 1118 :Confirmata
