2182 3137
31 248 83 278 An.
102 246 130 273 C.
148 243 215 272 ¹733

56 308 200 331 Confirmaiur.

59 1591 179 1615 clausulae.

103 2342 218 2369 verozano

12 2389 19 2396 ,
40 2371 197 2392 contrariorum.

843 243 988 268 CLEMENS
1013 243 1058 268 ΧΠ
1082 245 1130 269 ΡΡ.

263 292 277 335 ,ξ
304 292 336 326 2.
364 292 441 326 Cum
469 298 590 334 autem,
616 293 697 326 sieut
715 292 901 336 praedictus
919 292 961 325 lo-

219 346 340 390 sephus
366 346 460 379 nobis
487 346 624 380 subinde
651 345 768 390 exponi
788 345 871 387 fecit,
890 345 960 389 ipse

221 400 385 433 decretum
411 400 618 442 huiusmodi,
645 410 709 443 quo
736 398 859 432 firmius
885 400 960 432 sub

220 454 311 487 sistat
335 465 369 487 ac
394 460 539 487 servetur
564 454 716 493 exactius,
744 452 962 486 confirmatio·

220 507 269 540 nis
295 513 424 540 nostrae
451 507 615 550 praesidio
652 506 845 539 communiri
879 517 961 538 sum-

220 571 354 604 mopere
382 561 563 594 desideret:
590 571 666 600 nos,
694 559 842 592 eumdem
868 559 962 592 lose-

221 615 321 658 pbnm
358 614 560 658 specialibus
599 614 762 647 favoribus
796 618 827 645 et
851 613 983 655 gratiis,

221 667 373 711 prosequi
392 668 548 707 volentes,
568 672 599 700 et
617 678 632 699 a
655 666 825 710 quibusvis
839 676 963 698 excom-

221 719 702 763 municationis,suspensionis
725 724 755 752 et
785 719 961 757 interdicti,

221 774 359 818 aliisque
377 773 607 807 ecclesiasticis
621 772 802 813 sententiis,
818 771 961 805 censuris

221 834 254 861 ct
271 828 405 872 poenis,
423 839 439 861 a
461 828 529 860 iure
549 828 596 860 vel
624 827 662 859 ab
689 827 835 867 bomine,
852 826 962 870 quavis

222 881 393 915 occasione
408 882 455 914 vel
467 883 561 914 eausa
572 881 652 921 latis,
663 881 686 913 si
699 881 817 924 quibus
832 891 961 924 quomo-

222 934 963 978 dolibetinnodatusexistit,adell'ectumprae-

223 990 364 1023 sentium
403 989 566 1023 dumtaxat
592 990 880 1033 consequendum,
908 989 964 1021 ha-

222 1054 294 1077 rum
313 1044 399 1077 serie
421 1043 629 1077 absolventes
651 1049 681 1076 et
695 1044 880 1077 absolutum
896 1043 963 1076 sore

223 1097 718 1141 censentes,supplicationibus
748 1096 815 1130 eius
832 1096 963 1129 nomine

223 1151 318 1184 nobis
355 1162 455 1195 super
492 1151 553 1184 hoe
599 1151 768 1184 humiliter
803 1150 962 1194 porrectis

223 1204 382 1246 inclinati,
400 1205 564 1238 decretum
588 1205 842 1249 praeinsertum‚
860 1209 964 1237 aucto-

224 1259 321 1291 ritate
348 1259 550 1302 apostolica,
579 1265 691 1292 tenore
723 1258 962 1302 praesentium,

226 1313 449 1356 approbamus
474 1318 505 1345 et
530 1312 766 1352 confirmamus,
785 1312 896 1356 illique
917 1311 965 1344 in-

224 1366 384 1400 violabilis
425 1366 623 1410 apostolieae
665 1366 825 1399 firmitatis
865 1365 966 1399 robur

225 1420 412 1454 adiicimus:
438 1421 526 1454 salva
553 1426 659 1454 tamen
680 1431 809 1464 semper
826 1420 856 1452 in
876 1430 965 1463 prae-

225 1475 332 1508 missis
358 1476 550 1508 auctoritate
570 1480 766 1508 memoratae
786 1473 964 1517 Congrega-

226 1528 323 1561 tionis
350 1528 574 1563 cardinalium.

269 1582 284 1625 ἓ
309 1581 341 1615 3.
368 1582 594 1622 Decet-nentes,
622 1582 752 1615 easdem
779 1586 965 1625 praesentes

228 1635 353 1670 litteras
380 1635 498 1676 firmas,
525 1635 645 1668 validas
671 1642 703 1668 et
727 1635 875 1668 efficaces
901 1634 966 1667 exi-

226 1695 311 1723 stere
337 1695 368 1722 et
394 1690 474 1730 sore,
502 1699 645 1732 suosque
670 1689 836 1733 plenarios
863 1694 894 1722 et
919 1688 966 1720 in-

227 1749 336 1786 tegros
362 1742 496 1776 effectus
522 1743 633 1776 sortiri
667 1748 698 1776 et
730 1743 902 1782 obtinere,
931 1753 966 1775 ae

226 1797 300 1839 illis,
325 1797 364 1830 ad
387 1807 468 1840 quos
494 1802 618 1840 spectat
642 1801 674 1830 et
694 1796 854 1840 spectabit
874 1796 905 1828 in
925 1796 967 1828 su-

228 1856 345 1891 turum‚
372 1851 564 1894 plenissime
589 1849 772 1893 suffragari,
799 1856 831 1883 et
855 1850 894 1883 ab
920 1850 966 1883 eis

227 1904 407 1949 respective
423 1903 657 1938 inviolabiliter
671 1903 845 1943 observari,
858 1903 967 1947 sieque

227 1958 259 1992 in
286 1958 476 2002 praemissis
501 1968 561 2002 per
586 1968 810 2001 quoscumque
845 1957 967 1990 iudices

227 2012 410 2045 ordinarios
429 2017 460 2045 et
479 2012 660 2054 delegatos,
681 2011 777 2044 etiam
797 2021 966 2044 causarum

227 2066 337 2110 palatii
362 2065 536 2110 apostolici
563 2065 738 2105 auditores,
765 2064 902 2097 iudicari
937 2069 969 2097 et

228 2119 355 2155 definiri
382 2119 522 2160 debere,
548 2130 584 2152 ac
607 2119 733 2151 irritum
761 2124 793 2152 et
818 2118 913 2151 inane
942 2118 966 2151 si

228 2183 321 2207 secus
348 2183 447 2217 super
472 2173 523 2206 liis
550 2184 565 2205 a
591 2183 769 2217 quoquam,
788 2172 898 2216 quavis
919 2183 969 2204 au-

229 2228 391 2269 ctoritate,
419 2228 561 2261 scienter
586 2229 635 2261 vel
655 2228 853 2271 ignoranter,
871 2228 969 2261 conti-

229 2282 313 2327 gerit
337 2282 501 2315 attentari.

273 2337 288 2381 5
313 2336 345 2369 4.
372 2336 441 2370 Non
463 2337 663 2370 obstantibus
682 2335 969 2370 constitutionibus

231 2395 262 2424 et
287 2390 549 2423 ordinationibus
575 2390 763 2435 apostolicis
781 2417 788 2431 ‚
817 2400 967 2429 necnon,

231 2449 389 2489 quatenus
415 2455 497 2488 opus
522 2444 582 2484 sit,
609 2443 738 2477 Ordinis
776 2450 808 2477 et
840 2443 971 2487 provin-

231 2499 353 2532 ciarum
391 2498 603 2538 huiusmodi,
638 2497 747 2531 aliisve
786 2497 967 2540 quibusvis,

232 2553 329 2585 etiam
350 2552 546 2591 iuramento,
572 2551 819 2584 confirmatione
845 2557 971 2595 aposto-

231 2607 303 2646 lica,
331 2606 379 2639 vel
405 2605 516 2648 quavis
542 2604 693 2638 firmitate
712 2605 774 2638 alia
791 2605 968 2646 roboratis,

232 2660 358 2694 statutis
385 2665 416 2693 et
451 2658 763 2700 consuetudinibus,
789 2658 968 2702 privilegiis

1005 303 1157 336 quoque,
1183 293 1319 326 indultis
1345 298 1375 326 et
1400 293 1516 327 litteris
1541 291 1739 336 apostolicis,

1005 346 1035 378 in
1062 347 1264 380 contrarium
1291 347 1541 391 praemissorum
1563 344 1743 390 quomodo-

1004 399 1084 433 libet
1108 401 1286 441 concessis,
1307 400 1504 434 confirmatis
1521 406 1551 434 et
1570 400 1742 439 innovatis·‚

1005 454 1122 496 quibus
1148 455 1297 487 omnibus
1325 461 1357 488 et
1382 455 1530 498 singulis,
1550 455 1681 487 illorum
1701 460 1745 486 te-

1005 517 1101 540 nores
1128 508 1357 551 praesentibus
1382 519 1441 551 pro
1468 509 1565 552 plene
1598 514 1629 540 ct
1659 507 1746 540 sufli-

1005 559 1130 592 cienter
1166 560 1330 603 expressis
1355 571 1390 593 ac
1417 561 1456 594 de
1482 561 1580 593 verbo
1606 560 1644 592 ad
1670 571 1744 591 rer-

1006 612 1082 644 bum
1110 613 1243 645 insertis
1271 613 1440 653 hahentes,
1460 614 1522 646 illis
1540 613 1619 646 alias
1641 613 1670 645 in
1690 624 1746 646 suo

1006 667 1123 699 robore
1150 667 1393 709 permansuris,
1427 668 1463 700 ad
1492 668 1746 711 praemissorum

1006 718 1177 760 ellectum,
1204 720 1265 752 liae
1292 720 1359 754 vice
1386 721 1548 753 dumtaxat
1565 748 1572 759 ,
1599 720 1747 764 speciali-

1007 778 1056 805 ter
1081 779 1113 805 et
1137 780 1289 816 expresse
1317 774 1535 817 derogamus3
1563 773 1746 817 ceterisque

1006 827 1180 860 contrariis
1207 827 1477 870 quibuscumque.

1051 881 1163 914 Datum
1191 881 1323 922 Romae,
1343 881 1429 924 apud
1446 881 1477 914 S.
1501 881 1630 914 Mariam
1651 880 1749 914 Maio-

1007 945 1087 974 rem,
1113 935 1173 968 sub
1199 935 1321 969 annulo
1348 935 1533 976 rimamus,
1559 935 1610 968 die
1635 945 1680 968 vn
1698 945 1750 967 au-

1007 988 1090 1031 gusti
1134 998 1324 1022 uncexxxut
1344 1015 1351 1030 ,
1393 987 1600 1032 pontificatus
1646 987 1748 1021 nostri

1006 1052 1091 1075 anno
1109 1052 1151 1075 iv.

1043 1103 1100 1130 Dat.
1123 1103 1166 1131 die
1187 1104 1201 1131 7
1222 1104 1329 1139 augusti
1352 1104 1434 1140 1733,
1457 1104 1553 1140 pontif.
1575 1112 1646 1131 anno
1668 1110 1703 1131 tv.

1258 1158 1291 1191 F.
1317 1159 1494 1193 cardinalis
1519 1158 1703 1193 Omvemus.

1343 1312 1414 1347 CIV.

1007 1392 1221 1436 Inclulqentz'a
1235 1393 1389 1437 plenaria
1402 1398 1559 1437 perpetua
1574 1403 1634 1437 pro
1651 1393 1750 1426 omni-

1053 1448 1110 1481 bus
1146 1452 1174 1480 cl
1206 1448 1350 1491 sinyulis
1386 1447 1655 1490 christifidelibus
1680 1458 1750 1480 vere

1048 1502 1289 1545 poem'lenlz'bus
1326 1506 1354 1535 et
1391 1502 1542 1545 confessis
1589 1512 1624 1534 ac
1656 1501 1750 1534 sac-rii

1051 1555 1274 1588 communione
1298 1555 1434 1598 resectis,
1455 1555 1514 1598 qui
1538 1554 1687 1598 aliquam
1713 1565 1751 1587 ex

1052 1608 1191 1642 eeclesiis
1232 1608 1367 1642 Ordinis
1403 1610 1548 1651 fratrum
1582 1608 1751 1641 Minorum

1051 1662 1157 1695 sancii
1192 1662 1364 1696 France'sci
1392 1662 1686 1702 Convemualae'mn,
1715 1662 1752 1694 in

1053 1716 1085 1749 S.
1123 1715 1243 1749 Didaci
1278 1716 1467 1759 confessoris
1503 1720 1531 1748 et
1566 1715 1599 1749 S.
1637 1715 1752 1750 Clarae

1058 1770 1205 1813 Virginis
1230 1769 1426 1804 Assisiensis
1450 1769 1539 1813 seslis
1564 1768 1683 1809 diebus,
1709 1769 1752 1801 vi-

1053 1823 1237 1857 silaverinl.

1221 1896 1357 1923 clemens
1379 1895 1459 1929 Papa
1478 1895 1549 1930 XII,

1129 1940 1166 1967 ad
1185 1943 1367 1975 perpetuam
1385 1939 1433 1967 rei
1452 1939 1636 1967 memoriam.

1056 2012 1284 2056 Redemptoris
1322 2017 1354 2045 ct
1390 2012 1514 2045 domini
1552 2011 1655 2045 nostri
1681 2011 1753 2045 lesu

1011 2065 1147 2107 Christi,
1175 2066 1228 2110 qui
1262 2067 1423 2110 gloriosos
1449 2064 1751 2107 saluberrimorum,

1011 2131 1094 2163 quae
1120 2120 1214 2153 nobis
1239 2120 1381 2164 reliquit,
1409 2120 1633 2164 exemplorum
1651 2125 1752 2154 secta-

1013 2179 1098 2207 tores
1124 2174 1194 2207 altis
1220 2174 1388 2208 decoravit
1412 2174 1604 2214 honoribus,
1622 2180 1653 2207 et
1677 2184 1751 2207 cae-

1012 2228 1101 2261 lestis
1120 2227 1330 2261 beatitudinis
1345 2233 1514 2261 consortes
1533 2227 1651 2269 esfieit¹‚
1667 2227 1753 2261 vices

1012 2283 1088 2316 licet
1114 2281 1268 2314 immeriti
1295 2285 1446 2324 gerentes
1474 2282 1505 2315 in
1532 2282 1638 2322 terris,
1659 2281 1754 2325 spiri-

1015 2336 1148 2369 tualium
1171 2345 1339 2368 munerum
1366 2336 1558 2376 thesauros,
1584 2335 1753 2379 dispensa-

1014 2390 1091 2424 tioni
1117 2395 1250 2423 nostrae
1277 2390 1420 2423 creditos
1438 2417 1445 2430 ‚
1474 2390 1614 2423 libenter
1639 2400 1753 2432 croga-

1014 2455 1093 2485 mus,
1120 2444 1200 2477 sieut
1225 2444 1264 2477 ad
1292 2444 1465 2477 fovendam
1488 2443 1751 2487 incitandamque

1014 2497 1157 2531 fidelium
1185 2508 1261 2540 erga
1287 2497 1420 2530 cosdem
1455 2497 1571 2530 beatos
1596 2496 1676 2529 caeli
1702 2496 1750 2529 in-

1013 2553 1100 2585 colas
1126 2551 1330 2585 devotionem
1356 2550 1532 2584 salubriter
1557 2551 1588 2583 in
1615 2550 1753 2584 Domino

1013 2605 1166 2649 expedire
1192 2604 1402 2638 arbitramur.

1051 2670 1059 2695 1
1083 2667 1174 2704 Aptius
1194 2667 1252 2704 lege
1272 2667 1360 2702 effecit
1380 2666 1418 2702 (a.
1436 2667 1486 2703 iu).

1643 233 1708 267 5⁶23
1754 242 1801 268 An.
1824 239 1939 267 c.1733

1789 2019 1930 2041 Prooemium.
