2182 3137
251 177 301 204 An.
321 176 351 203 c.
368 176 437 203 ¹730
481 168 545 201 ‘1702

315 238 434 260 cathedrae

253 267 370 291 exemptae.

300 871 437 897 Earumquao

256 898 376 918 distributio
405 904 437 918 re-

485 226 643 255 Cathedrae
676 226 747 255 artis
780 226 988 264 grammaticae
1022 226 1077 265 (ad
1114 236 1187 264 quas

445 273 617 303 obtinendas
634 274 732 303 nullus
748 275 855 312 gradus
871 275 1049 313 requiritur)
1073 283 1186 303 necnon

445 323 651 352 humaniorum
675 323 851 360 litterarum,
875 323 1087 362 philosophiae,
1106 323 1187 352 theo-

446 371 540 408 logiae
562 375 590 400 et
613 380 762 401 sacrorum
786 371 956 409 bibliorum,
975 381 1049 411 quae
1068 381 1187 401 conces-

446 420 527 449 sione
550 420 629 458 regia
653 420 869 459 professoribus
897 431 930 450 ex
962 421 1071 451 Ordine
1093 421 1186 450 sancti

446 468 602 505 Dominici,
631 469 725 498 sancti
758 469 908 498 Francisci
940 469 974 498 de
997 469 1119 507 Assisio,
1154 479 1186 498 ac

446 516 599 546 Societatis
623 517 685 547 lesu
709 517 737 546 in
762 522 934 556 perpetuum
959 518 1073 547 addicta
1107 522 1185 554 sunt,

446 565 594 595 consuetis
613 565 648 595 ad
672 566 824 595 cathedras
852 566 990 605 petendas
1020 566 1186 595 academiae

445 614 646 643 sanctionibus
659 624 717 644 non
729 614 932 644 subiacebunt.
953 615 1072 650 Quoties
1090 619 1185 644 autem

446 662 480 691 ad
504 672 552 691 eas
576 662 669 702 primo
692 667 894 701 assumuntur,
919 663 1066 693 cathedris
1092 672 1186 701 gram-

447 711 568 741 maticae
592 721 624 740 ac
641 712 846 742 humaniorum
864 713 1028 742 litterarum
1045 712 1185 750 exceptis,

447 760 676 798 praelectionem
692 761 808 800 publice
821 762 938 797 saciant,
956 762 1105 791 doctrinae
1118 770 1187 790 suae

447 809 595 847 specimen
619 809 792 848 praebituri.

487 857 650 887 Cathcdrae
685 858 851 896 praedictae
880 858 1067 896 regularibus
1099 858 1187 887 desti-

255 924 336 949 hgiosis
355 925 437 945 Ordini·
448 910 532 935 natae
555 906 636 943 regio
658 906 815 945 diplomate
847 907 893 936 die
927 915 962 935 xv
989 907 1089 945 aprilis
1112 915 1188 935 anno

255 952 302 972 bus.

447 962 595 983 MDCCXMV
629 954 803 983 distributae
836 959 905 984 sunt
936 959 968 984 ut
1001 955 1095 984 iufra:
1131 955 1190 993 pri-

449 1003 539 1031 maria
564 1003 727 1039 theologiae
749 1003 886 1032 cathedra
909 1003 967 1032 divi
989 1003 1116 1032 Thomae
1142 1004 1190 1032 (10·

449 1051 540 1080 010115
573 1050 725 1089 Angelici,
750 1055 778 1080 et
799 1061 855 1081 uua
889 1052 994 1081 artium
1028 1061 1063 1081 ex
1096 1052 1190 1081 tribus

448 1099 614 1128 academiae
647 1109 698 1138 pro
731 1100 861 1129 eiusdem
895 1101 1051 1137 sententia,
1089 1100 1189 1130 Ordini

448 1149 541 1177 sancti
563 1149 725 1184 Dominici3
751 1149 888 1187 primaria
924 1150 1085 1187 theologiae
1109 1149 1191 1179 Ioan-

448 1198 493 1227 nis
516 1198 594 1227 Duns
618 1199 696 1227 Scoti
720 1198 848 1227 doctoris
870 1197 1004 1237 subtilis,
1022 1203 1050 1228 et
1072 1208 1128 1228 una
1145 1208 1191 1228 ar-

449 1246 523 1276 tium
546 1256 598 1285 pro
621 1246 752 1276 eiusdem
776 1247 934 1284 sententia,
959 1248 1116 1286 Seraphico
1139 1247 1191 1278 Or-

449 1295 528 1332 dini3
553 1296 694 1335 primaria
732 1296 895 1334 theologiae
918 1296 1044 1326 doctoris
1066 1296 1189 1334 Suarez,

449 1353 515 1373 cum
540 1346 599 1373 una
632 1345 744 1383 pariter
777 1345 883 1374 artium
916 1355 949 1374 ex
975 1344 1067 1374 tribus
1090 1345 1192 1374 acade-

449 1392 524 1422 miae
550 1403 602 1432 pro
625 1393 755 1423 eiusdem
779 1393 907 1423 doctoris
923 1394 1078 1428 sententia,
1096 1394 1191 1424 Socie-

449 1442 501 1472 tati
524 1442 600 1471 Iesu.

489 1491 686 1521 Provinciales
725 1491 754 1521 S.
793 1491 937 1521 Dominici
974 1496 1001 1522 et
1039 1492 1192 1522 Societatis

450 1538 514 1568 Iesu
536 1540 662 1569 lectores
682 1549 716 1568 ex
740 1540 858 1578 propria
892 1540 999 1569 familia
1023 1540 1058 1570 ad
1081 1542 1193 1580 praefa-

451 1592 494 1617 tas
517 1588 671 1617 cathedras
694 1588 756 1626 regi
780 1593 955 1627 proponant,
972 1593 1000 1618 et
1022 1598 1071 1618 eos
1101 1590 1193 1619 unde-

451 1646 567 1676 quaque
589 1637 730 1673 eruditos,
756 1637 886 1675 politiori
902 1637 1038 1667 doctrina
1061 1642 1190 1676 ornatos,

451 1690 480 1716 et
502 1686 680 1724 magisteriis
710 1686 786 1725 apud
821 1686 938 1725 propria
971 1686 1093 1724 collegia
1127 1697 1191 1716 eum

451 1734 537 1764 laude
554 1735 733 1773 perfunctos.
751 1734 781 1764 Si
800 1735 892 1773 gradu
907 1735 1093 1764 convenienti
1111 1745 1194 1774 prae-

451 1783 504 1812 diti
533 1793 591 1813 11011
623 1783 753 1820 fuerint,
787 1783 832 1812 vel
865 1783 949 1812 illum
980 1783 1010 1813 in
1042 1784 1193 1813 academia

451 1832 616 1871 suscipiant
638 1832 683 1861 vel
706 1832 735 1861 111
759 1832 908 1871 eamdem,
942 1833 966 1862 si
999 1832 1069 1862 alibi
1097 1842 1194 1862 susce-

451 1880 558 1919 perint,
583 1884 767 1919 cooptentur.

490 1928 633 1963 Quoniam
658 1938 725 1958 vero
747 1929 793 1957 vel
816 1929 963 1967 generalis
992 1929 1020 1959 S.
1045 1930 1194 1960 Francisci

451 1977 495 2007 vel
518 1977 649 2006 eiusdem
672 1977 891 2006 commissarius
913 1978 1023 2016 iugiter
1046 1979 1195 2018 1111115113-

451 2025 503 2054 nia
526 2025 668 2063 resident,
688 2025 829 2055 alteruter
848 2035 900 2064 pro
917 2030 1046 2065 tempore
1063 2027 1192 2056 eamdem

452 2074 572 2103 omnino
588 2083 688 2105 curam
706 2078 734 2103 et
750 2074 930 2112 vigilantiam
947 2075 977 2103 in
996 2076 1194 2114 proponendis

452 2122 487 2151 ad
510 2122 626 2152 easdem
649 2122 802 2152 cathedras
829 2123 875 2152 sui
903 2123 1020 2152 Ordinis
1046 2124 1195 2161 magistris

453 2179 505 2210 per
527 2180 557 2200 se
579 2170 735 2208 adhibeat3
759 2170 866 2210 quibus
888 2172 1006 2209 gradus,
1030 2172 1054 2201 si
1087 2172 1195 2211 quibus

453 2220 614 2258 indigeant,
639 2221 729 2258 gratis
752 2221 958 2256 conferantur,
982 2230 1047 2251 cum
1072 2225 1101 2250 et
1138 2222 1194 2260 ipsi

452 2269 543 2306 gratis
566 2269 595 2298 id
618 2273 784 2308 praestent;
809 2279 910 2299 eorum
939 2279 1008 2299 vero
1041 2271 1196 2301 cathedrae

452 2317 591 2347 salarium
615 2319 751 2357 syndicus
774 2318 890 2348 Ordinis
913 2319 1048 2358 accipiet,
1074 2324 1104 2349 ut
1127 2320 1195 2349 inde

454 2376 539 2396 omne
562 2367 601 2405 id,
626 2369 696 2406 quo¹
719 2367 865 2405 regularis
889 2368 1036 2406 professor
1053 2368 1193 2406 indigeat,

454 2415 653 2454 expendatur;
694 2416 841 2455 reliquum
877 2416 1078 2455 eleemosynae
1110 2417 1195 2447 titulo

454 2463 549 2493 eidem
571 2463 675 2494 Ordini
698 2465 874 2503 assignetur.

492 2566 501 2590 t
525 2564 596 2591 Edit.
618 2565 698 2592 Main.
721 2566 786 2600 legit
805 2567 882 2601 quod
900 2566 939 2599 (n.
955 2567 1004 2595 1.).

1029 179 1209 202 BULLARIUM
1235 180 1252 202 R
1259 179 1391 203 OMANUM

1269 227 1507 258 Praedicatormn
1531 232 1559 257 et
1582 228 1733 267 Seraphici
1765 229 1891 259 instituti
1924 239 1967 259 re—

1229 276 1343 312 gulares
1366 276 1400 305 ad
1424 277 1553 315 reliquas
1575 277 1728 306 cathedras
1750 277 1879 316 aspirare
1909 287 1966 307 non

1230 324 1363 360 valeant;
1398 325 1546 354 auditores
1577 329 1672 354 autem
1706 325 1887 362 saeculares,
1917 327 1966 365 qui

1229 372 1305 402 Scoti
1340 377 1464 402 mentem
1498 374 1589 403 secuti
1612 374 1739 410 suerint,
1772 374 1806 403 ad
1829 375 1968 413 petendas

1230 420 1430 460 philosophiae
1453 427 1481 451 et
1495 422 1658 460 theologiae
1673 422 1826 451 cathedras
1842 426 1899 451 tarn
1916 432 1968 461 pro

1229 468 1258 498 S.
1283 469 1409 498 Thomae
1432 480 1517 509 quam
1541 480 1591 509 pro
1614 471 1760 500 sententia
1782 470 1888 500 Suarez
1919 471 1969 501 ad-

1231 518 1307 547 mitti
1330 522 1478 557 poterunt.

1247 591 1309 621 TlT.
1333 591 1407 621 Xlll.
1431 610 1460 613 -
1480 592 1520 622 De
1539 594 1743 631 gymnasiorum
1765 594 1955 624 ‹lz'sn-ibutfone

1515 646 1540 670 et
1562 642 1678 680 optione.

1271 712 1424 750 Gymnasia
1457 721 1508 741 seu
1541 712 1656 741 scholae
1688 713 1727 741 ita
1759 712 1883 749 singulis
1908 721 1970 742 aca-

1230 761 1343 790 demiae
1366 760 1578 800 professoribus
1608 760 1821 790 distribuantur
1835 784 1843 798 ,
1866 765 1898 790 ut
1920 761 1969 791 siat

1231 810 1259 838 in
1284 810 1390 839 classes
1422 809 1561 848 partitio,
1585 809 1815 847 grammaticae,
1843 809 1970 848 philoso-

1232 858 1328 896 phiae,
1347 858 1522 895 theologiae,
1548 858 1708 887 medicinae
1724 862 1752 887 et
1767 858 1840 887 iuris
1862 858 1971 888 utrius-

1232 916 1309 944 que,
1341 906 1421 935 iuxta
1454 907 1595 945 aptiorem
1623 906 1678 935 loci
1709 906 1969 945 opportunitatem,

1233 964 1372 984 concesso
1417 954 1633 994 antiquioribus
1676 955 1832 984 cuiuslibet
1870 955 1971 985 classis

1234 1003 1450 1041 professoribus
1472 1004 1600 1042 optionis
1622 1004 1702 1041 iure3
1722 1004 1760 1033 ita
1781 1008 1876 1033 tamen
1892 1008 1924 1033 ut
1938 1005 1970 1033 011

1233 1051 1268 1080 (10
1292 1061 1324 1080 re
1347 1052 1541 1081 scholasticus
1564 1053 1672 1082 certior
1695 1053 1755 1091 fiat,
1779 1053 1829 1091 qui
1855 1053 1970 1083 demum

1233 1099 1322 1128 dubia
1345 1104 1374 1129 et
1396 1101 1620 1138 controversias,
1644 1101 1668 1130 si
1691 1111 1765 1140 quae
1787 1101 1971 1140 oboriantur,

1235 1153 1321 1187 prout
1343 1150 1468 1179 suaserit
1491 1150 1624 1189 aequitas
1647 1155 1674 1180 et
1697 1151 1820 1189 utilitas,
1851 1151 1973 1181 arbitrio

1234 1207 1286 1227 5110
1308 1198 1439 1227 iudicare
1462 1199 1580 1238 poterit.

1254 1273 1317 1304 T1T.
1335 1274 1406 1304 xlv.
1425 1291 1463 1295 —
1477 1275 1517 1304 De
1532 1275 1619 1313 modo,
1635 1277 1726 1313 forma
1745 1281 1770 1304 et
1789 1277 1954 1315 temporibus

1526 1323 1683 1353 lectionum.

1276 1393 1460 1423 Professores
1496 1394 1705 1431 grammaticae
1723 1418 1730 1432 ,
1768 1395 1975 1425 humaniorum

1236 1442 1402 1472 litterarum
1418 1467 1424 1476 ‚
1460 1442 1659 1481 philosophiae
1673 1466 1680 1479 ,
1715 1444 1910 1474 astronomiae
1946 1449 1974 1475 et

1236 1490 1285 1529 qui
1309 1490 1484 1528 temporales
1501 1490 1651 1520 cathedras
1667 1491 1857 1521 decretalium
1880 1495 1908 1522 et
1928 1492 1974 1522 in-

1236 1539 1424 1569 stitutionum
1447 1539 1476 1568 in
1499 1543 1623 1578 utroque
1645 1539 1708 1569 iure
1731 1539 1884 1579 obtinent,
1908 1541 1976 1571 viva

1237 1596 1308 1616 voce
1341 1591 1370 1616 et
1404 1588 1542 1617 continua
1579 1588 1710 1617 oratione
1747 1589 1883 1618 materias
1915 1589 1975 1619 sin-

1236 1635 1296 1672 guli
1319 1635 1354 1664 ad
1376 1644 1443 1664 suas
1470 1636 1623 1665 cathedras
1655 1640 1820 1674 spectantes
1848 1637 1976 1676 explica-

1236 1684 1329 1720 hunt;
1365 1685 1436 1714 adeo
1470 1694 1538 1714 vero
1578 1689 1709 1714 exactam
1741 1685 1798 1715 sibi
1830 1685 1976 1724 praefiniti

1237 1733 1377 1772 temporis
1414 1733 1558 1763 rationem
1589 1733 1762 1770 habebunt,
1799 1738 1831 1764 ut
1860 1735 1975 1773 singula

1236 1783 1367 1819 omnino,
1391 1792 1465 1822 quae
1487 1783 1522 1812 de
1539 1783 1669 1812 eiusdem
1686 1783 1894 1813 distributione
1912 1793 1977 1814 aca-

1236 1832 1349 1861 demiae
1372 1831 1572 1861 sanctionibus
1605 1833 1783 1872 praescripta
1810 1837 1888 1869 sunt,
1911 1833 1976 1862 sine

1237 1880 1336 1909 fraude
1358 1884 1542 1909 conservent.

1277 1929 1392 1958 Artium
1416 1930 1614 1968 professores,
1648 1930 1763 1959 tametsi
1798 1934 1977 1968 postremum

1238 1987 1342 2007 cursus
1364 1987 1473 2007 aunum
1503 1978 1664 2016 attigerint,
1692 1978 1727 2008 ad
1761 1979 1849 2008 finem
1884 1988 1977 2018 usque

1238 2026 1347 2056 mensis
1370 2026 1456 2065 iunii,
1481 2030 1513 2056 ut
1534 2027 1635 2064 ceteri,
1659 2036 1726 2056 suas
1748 2027 1889 2057 lectiones
1911 2037 1978 2067 pro-

1237 2076 1357 2105 ducant.

1278 2124 1310 2153 In
1333 2124 1478 2153 cathedris
1502 2124 1651 2163 perpetuis
1673 2124 1846 2161 medicinae,
1867 2125 1978 2155 utrius—

1239 2182 1295 2211 que
1331 2173 1404 2202 iuris
1418 2196 1425 2210 ,
1454 2176 1482 2202 et
1511 2172 1694 2210 theologiae,
1717 2173 1864 2211 integrum
1887 2173 1977 2203 horae

1239 2221 1377 2259 spatium,
1402 2221 1476 2250 itaut
1497 2220 1596 2249 nullus
1632 2225 1803 2259 praetextus
1834 2221 1978 2260 impedire

1239 2269 1284 2298 vel
1307 2269 1498 2308 interpellare
1521 2269 1625 2303 valeat,
1643 2269 1821 2299 lectionibus
1839 2270 1899 2299 suis
1914 2279 1978 2309 pro-

1238 2318 1362 2347 fessores
1384 2317 1572 2356 impendant,
1601 2318 1685 2347 cuius
1712 2322 1887 2357 postremam
1913 2327 1979 2358 par—

1239 2370 1307 2402 tem,
1331 2375 1406 2405 quae
1429 2370 1563 2404 quartam
1596 2375 1654 2395 non
1687 2366 1817 2405 excedat,
1847 2366 1978 2406 explica-

1237 2416 1316 2445 tione
1339 2424 1451 2453 eorum,
1476 2424 1550 2454 quae
1573 2415 1679 2454 scripta
1712 2415 1859 2445 scholares
1893 2425 1978 2445 exce-

1239 2465 1346 2504 perint,
1370 2464 1438 2493 viva
1460 2474 1528 2494 voce
1551 2468 1580 2494 01
1602 2466 1744 2503 perpetua
1758 2464 1891 2494 oratione
1906 2473 1976 2494 con-

1237 2514 1368 2544 cludant.

1278 2563 1385 2593 Sedulo
1400 2567 1504 2593 curent
1526 2568 1675 2602 praeterea
1687 2585 1695 2600 ‚
1715 2566 1747 2592 ut
1764 2571 1866 2593 omnes
1883 2562 1978 2592 omni-

1981 182 2031 209 An.
2051 182 2080 210 C.
2095 183 2166 212 1730
