2182 3137
207 182 257 208 Αιι.
278 182 308 209 c.
330 181 400 208 1730
443 173 509 205 1611

278 438 389 459 1110111011115

209 466 321 486 servanda.

400 231 505 260 matica
529 240 595 259 mox
620 231 797 270 praescripta
821 239 923 260 rursus
947 229 1139 268 praefigitur,

401 278 535 318 idemque
569 279 707 308 feriarum
742 283 770 308 et
803 278 938 308 lectionis
971 282 1086 316 tempus
1114 280 1142 306 et

401 328 493 364 orde,
528 328 648 366 dempta
680 327 773 357 solum
807 326 985 356 semihorula
1018 325 1143 364 pomeri-

400 375 499 404 diana.

441 425 522 454 Mane
546 425 635 462 igitur
659 429 812 463 praecepta
837 423 1001 453 rhetoricae
1034 432 1068 451 ex
1091 421 1143 450 ali-

401 483 458 512 quo
481 473 600 512 probato
622 477 741 502 auctore
764 473 937 508 doceantur,
962 471 1090 501 adbibita
1108 470 1142 499 ad

402 523 523 552 selectas
546 522 581 551 M.
599 522 631 551 T.
644 522 794 551 Ciceronis
808 522 956 551 orationes
972 520 1144 560 quotidiana

402 571 641 609 interpretatione
656 594 663 606 ,
688 570 718 599 in
741 570 849 609 quibus
871 570 1008 608 discipuli
1033 573 1141 607 tropos,

403 619 511 656 figuras
533 623 561 648 et
584 619 698 657 reliqua
722 618 793 647 artis
817 622 987 647 ornamenta
1015 617 1049 646 ad
1080 616 1145 645 imi-

403 667 542 696 tationem
557 667 658 696 sedulo
672 666 926 703 animadvertant3
945 664 1144 704 pomeridiano

405 719 500 744 autem
525 720 654 754 tempore
677 714 855 754 syllabarum
879 713 1039 753 quantitas,
1064 722 1096 741 ac
1114 722 1145 741 11-

402 763 519 793 niversa
543 767 663 802 poeseos
685 763 837 802 suppellex
869 762 902 792 ad
937 761 1050 799 Virgilii
1074 769 1145 799 opus

402 816 503 841 exacta
528 813 710 841 enucleetur.

444 861 627 900 Unoquoque
662 860 782 889 sabbato
818 858 1066 888 antemeridianae
1107 858 1146 886 le-

407 910 495 940 ctioni
519 921 552 940 ex
576 910 658 939 libris
673 909 920 948 epigrammatum
937 906 1077 935 Martialis
1094 906 1147 934 ali-

405 959 474 998 quid
497 959 675 996 adiungatur
690 982 697 995 ,
722 962 750 986 et
772 966 807 986 ex
831 955 930 995 lyricis
947 954 1058 983 Horatii
1083 958 1147 992 post

406 1008 569 1037 meridiem.

445 1057 466 1085 A
500 1056 594 1094 prima
627 1059 724 1084 autem
757 1054 803 1083 die
836 1052 909 1082 iunii
943 1052 978 1081 ad
1003 1051 1146 1081 decimam

403 1105 536 1144 quintam
571 1104 655 1138 iulii,
679 1102 810 1133 Caesaris
842 1101 1043 1130 Commentario
1060 1123 1067 1135 ,
1099 1104 1148 1128 aut

405 1154 530 1189 Quintus
552 1152 680 1188 Curtius,
705 1155 755 1180 ant
778 1150 911 1179 Valerius
928 1149 1081 1186 Maximus,
1105 1148 1148 1177 Ci-

405 1212 511 1232 cerone
534 1201 751 1241 praetermisso,
776 1199 971 1238 explicentur.
1006 1198 1061 1227 Pro
1085 1197 1148 1227 Vir-

403 1252 493 1290 gilio,
517 1250 636 1280 Ovidius
658 1250 686 1279 in
716 1249 798 1278 libris
826 1249 988 1285 Fastorum,
1011 1251 1059 1276 aut
1087 1247 1149 1276 Tri-

404 1302 498 1338 stiam,
523 1300 566 1329 vel
586 1299 774 1336 Claudianus,
792 1298 853 1327 sive
874 1297 987 1327 Horatii
1006 1295 1060 1325 Ars
1082 1296 1148 1325 Poe*-

408 1351 471 1380 lica.

445 1398 587 1429 Omnibus
610 1406 725 1436 quoque
749 1396 908 1425 lectionum
933 1394 1048 1432 diebus,
1066 1403 1149 1433 prae-

407 1452 450 1478 ter
472 1447 637 1483 sabbatum,
664 1445 801 1484 discipuli
825 1453 946 1483 pensum
971 1443 1089 1481 aliquod
1106 1452 1149 1472 so-

405 1497 468 1526 luta
490 1496 620 1525 oratione
642 1499 708 1524 ante
731 1493 895 1529 meridiem,
913 1492 1080 1521 metricisve
1099 1491 1148 1520 ad<

406 1546 542 1575 strictum
565 1544 697 1573 numeris
721 1546 785 1581 post
801 1542 965 1577 meridiem,
983 1541 1061 1570 domi
1081 1550 1150 1570 con-

410 1594 519 1632 ficiant,
544 1593 672 1623 scholam
697 1592 841 1625 adlaturi;
867 1600 958 1628 eaque
978 1589 1149 1629 plerumque

411 1643 573 1681 magister,
597 1645 693 1670 errata
727 1639 914 1675 adnotando,
937 1637 1093 1673 recitabit,
1118 1642 1150 1667 ut

408 1692 451 1722 sic
485 1691 636 1721 auditores
658 1690 692 1719 de
715 1689 825 1728 optimo
848 1687 996 1717 scribendi
1019 1696 1148 1725 genere,

408 1741 443 1770 de
476 1739 619 1770 sermonis
653 1739 748 1768 nitore
781 1741 810 1767 et
833 1737 1012 1776 proprietate
1035 1744 1149 1774 promo-

407 1794 541 1819 veantur.

446 1837 570 1877 lnsuper
593 1845 628 1866 ex
652 1835 820 1865 huiusmodi
843 1834 942 1873 pensis
965 1834 1003 1864 ita
1027 1833 1151 1871 castiga—

409 1888 466 1922 tis,
491 1887 568 1926 quod
601 1885 784 1915 emendatius
812 1884 949 1921 magistro
983 1883 1150 1918 videbitur,

409 1936 541 1973 sabbato,
559 1934 702 1964 absolutis
723 1932 932 1972 pomeridianis
949 1932 1126 1962 lectionibus
1140 1957 1147 1971 ,

410 1985 582 2014 memoriter
605 1983 742 2012 alumnus
766 1982 795 2010 in
825 1981 976 2020 gpnnasio
1006 1981 1100 2020 palam
1124 1990 1152 2010 e-

410 2033 586 2068 nunciabit,
613 2032 682 2061 illuc
712 2030 955 2060 convenientibus
982 2030 1151 2068 grammati-

410 2091 459 2111 cae
482 2085 510 2111 et
532 2080 738 2110 humaniorum
762 2079 926 2108 litterarum
944 2078 1116 2108 cultoribus.

450 2129 615 2168 Tyronibus
638 2128 673 2157 ad
707 2128 778 2156 baec
808 2127 937 2156 nondum
966 2127 1082 2156 idoneis
1108 2127 1152 2156 vel

410 2179 610 2210 narrationem
622 2178 749 2216 aliquam
764 2177 901 2214 magister
913 2176 1045 2213 dictabit,
1064 2186 1151 2215 quam

411 2233 581 2266 extenipore
604 2226 693 2256 latine
716 2225 861 2261 reddent,
889 2225 1079 2264 eamdemque
1106 2235 1152 2264 po-

412 2277 515 2306 stridie
534 2275 652 2305 cultiori
669 2283 803 2303 sermone
819 2274 998 2311 contexerit,
1020 2274 1064 2303 vel
1081 2274 1153 2313 ipsis

412 2330 553 2365 proponet
575 2325 770 2362 fragmentum
794 2323 910 2362 aliquod
932 2323 1081 2353 Ciceronis
1103 2328 1152 2353 aut

412 2374 537 2412 Virgilii,
562 2373 638 2412 qnod
662 2373 795 2402 versione
825 2373 883 2401 alia
912 2372 1002 2401 latinii
1026 2381 1077 2411 pro
1100 2382 1152 2401 suo

413 2423 537 2461 quisque
570 2422 687 2460 ingenio
710 2426 738 2452 et
761 2422 897 2451 facultate
920 2421 1090 2451 illustrabit.

453 2471 665 2500 Humaniorum
695 2471 859 2501 litterarum
889 2471 1038 2510 professor
1070 2475 1154 2510 quot-

413 2521 499 2550 annis
532 2525 595 2559 post
628 2520 783 2550 dimidium
812 2520 921 2549 mensis
943 2519 1007 2549 iulii
1030 2519 1154 2559 optimos

414 2578 544 2608 quosque
573 2573 601 2598 et
623 2569 844 2608 praestantioris
876 2569 986 2608 ingenii
1018 2569 1154 2599 alumnos

990 181 1175 204 BULLARIUM
1203 181 1360 204 ROMANUM

1185 228 1315 266 legitime
1338 228 1477 267 delectos,
1502 233 1589 268 atque
1612 228 1713 258 ordine
1738 232 1868 267 paratos,
1893 228 1923 257 111

1185 277 1282 315 ipsum
1304 277 1470 307 academiae
1495 277 1640 306 theatrum
1672 276 1788 316 publice
1818 276 1924 314 produ-

1186 330 1240 362 cet,
1263 330 1305 361 111,
1330 330 1472 364 qnantum
1495 326 1524 355 in
1548 325 1676 354 oratori-:i
1699 329 1727 354 et
1751 325 1861 364 poetica
1885 325 1926 354 fa-

1187 374 1295 403 cultate
1319 375 1515 413 profecerint,
1542 384 1573 404 re
1596 375 1660 413 ipsa
1681 379 1849 412 extempore
1879 383 1926 413 pa-

1186 423 1337 458 tefaciant,·
1368 428 1455 463 atque
1489 429 1520 453 111
1542 424 1729 453 umbratilem
1753 424 1827 453 banc
1849 423 1927 461 inge-

1188 472 1304 505 niorum
1328 472 1404 501 inter
1427 482 1457 501 se
1481 473 1681 502 velitationem
1705 472 1851 501 candidati
1884 472 1928 501 iu-

1189 529 1276 549 venes
1299 520 1424 549 alacrius
1448 521 1678 558 aggrediantur,
1707 521 1735 549 in
1760 520 1927 550 huiusmodi

1189 567 1323 598 litterarii
1356 569 1524 597 certaminis
1547 569 1709 607 praemium
1732 569 1927 606 insigniorum

1189 621 1337 646 oratorum
1361 622 1389 646 et
1412 620 1562 656 poetarum
1586 617 1665 653 libri,
1684 618 1729 654 iis,
1743 618 1929 656 quidiligen-

1189 665 1278 694 tiores
1300 666 1441 703 comperti
1465 666 1594 700 fuerint,
1619 666 1653 695 ad
1676 667 1805 695 omnium
1828 666 1929 695 incita-

1189 717 1319 742 mentum
1337 718 1547 752 proponentur.
1563 714 1645 743 Hunc
1661 718 1758 744 autem
1775 719 1872 743 actum
1888 714 1930 744 di-

1190 762 1304 799 rimere,
1318 767 1346 792 et
1358 763 1393 791 de
1416 763 1576 793 victoribus
1593 763 1736 793 iudicium
1755 764 1926 802 praeferre¹,

1190 811 1224 840 ad
1249 821 1298 840 eos
1322 811 1500 850 pertinebit,
1528 812 1577 850 qui
1601 821 1652 851 pro
1675 811 1873 849 grammaticis
1894 812 1929 841 ad

1189 860 1357 898 superiores
1373 860 1480 889 classes
1497 861 1702 899 promovendis
1715 861 1930 891 examinatores

1190 909 1317 938 fuerunt.

1231 957 1267 986 Ut
1289 962 1385 987 autem
1410 957 1599 987 humaniores
1623 958 1748 995 litterae,
1773 967 1847 997 quae
1869 958 1932 987 diu-

1191 1010 1277 1035 turno
1300 1006 1446 1044 squallore
1473 1006 1676 1036 obsoleverant
1690 1007 1710 1045 ²,
1735 1007 1765 1036 in
1790 1008 1842 1036 hac
1864 1007 1932 1037 Cer-

1191 1054 1319 1083 variensi
1343 1054 1493 1083 academia
1516 1055 1713 1090 revirescant,
1737 1055 1793 1085 duo
1824 1056 1931 1095 publici

1193 1104 1372 1141 professores
1406 1103 1530 1141 singulis
1564 1103 1715 1141 sabbatis,
1750 1103 1793 1133 vel
1827 1104 1932 1143 quibus

1192 1151 1313 1181 libuerit
1346 1151 1470 1188 diebus,
1495 1152 1631 1182 universa
1667 1153 1836 1191 diligentius
1868 1162 1933 1192 per-

1192 1204 1387 1237 scrutentur,
1421 1204 1449 1230 et
1472 1210 1545 1240 quae
1569 1201 1655 1238 digna
1680 1201 1933 1231 animadversione

1191 1249 1451 1288 deprehenderint,
1475 1249 1511 1278 ad
1535 1249 1741 1278 scholasticum
1765 1249 1906 1279 deferent.

1231 1298 1273 1327 Ad
1297 1307 1398 1327 omnes
1421 1298 1629 1335 grammaticae
1661 1302 1690 1327 et
1726 1298 1932 1327 humaniorum
1956 1308 1987 1328 Ad
2004 1309 2126 1333 gramman-
2156 1323 2157 1326 ,

1192 1347 1355 1376 litterarum
1379 1347 1533 1376 cathedras
1551 1347 1707 1377 Societatis
1730 1347 1794 1376 Iesu
1818 1340 1981 1386 provin-&22³
1997 1335 2127 1382 eiaiiiffiffg
2152 1354 2159 1363 ‘

1191 1395 1274 1425 cialis
1297 1396 1474 1434 professores
1497 1405 1532 1424 ex
1556 1397 1676 1434 propria
1697 1395 1851 1433 Societate,
1868 1393 1955 1425 eos—a
1998 1387 2123 1413 pf⁰v³⁰⁰³³¹i
2151 1401 2157 1413 ·“

1941 1414 2057 1434 societatis
2077 1414 2124 1435 Iesu

1193 1453 1249 1482 que
1272 1444 1449 1480 eruditione,
1476 1444 1593 1480 virtute,
1620 1444 1775 1483 prudentia
1799 1443 1931 1481 eximios,
1941 1446 1966 1461 ⁶¹
1982 1441 2068 1467 propria
2085 1440 2125 1461 ⁵⁰·

1942 1467 2020 1488 eietate
2062 1467 2127 1488 desti-

1192 1492 1227 1521 ad
1250 1492 1367 1522 libitum
1390 1492 1561 1522 destinabit.
1598 1493 1678 1528 Quod
1702 1492 1725 1522 si
1748 1501 1834 1532 quem
1857 1492 2015 1522 1111161131)ᾰί-

1192 1551 1228 1570 ex
1250 1541 1295 1570 his
1319 1542 1417 1570 minus
1436 1541 1574 1571 idoneum
1591 1550 1654 1570 esse
1666 1541 1833 1578 contigerit,
1851 1541 1934 1570 scho-

1192 1590 1312 1619 lasticus
1335 1591 1369 1619 ea
1401 1590 1435 1619 de
1458 1600 1489 1619 re
1512 1590 1725 1629 provincialem
1753 1589 1931 1627 admonebit,

1193 1640 1242 1678 qui
1264 1640 1288 1669 si
1312 1643 1475 1678 opportune
1498 1640 1566 1669 huic
1588 1640 1631 1669 rei
1650 1639 1819 1679 prospicere
1836 1639 1934 1677 negle-

1193 1688 1281 1725 xerit,
1312 1688 1505 1718 scholasticus
1538 1689 1601 1727 ipse
1633 1688 1746 1726 regium
1779 1687 1933 1718 consilium

1192 1737 1294 1767 adibit.

1267 1814 1330 1843 ΤΠ.
1349 1814 1407 1843 Vll.
1438 1832 1455 1834 -·
1479 1814 1517 1843 De
1533 1814 1680 1843 matheseos
1696 1815 1861 1852 professore.

1235 1886 1371 1916 Utiliores
1401 1885 1556 1924 pleraeque
1588 1885 1807 1914 mathematicae
1837 1888 1934 1923 partes
1958 1897 2132 1919 rai-iesmatiie-
2148 1913 2155 1921 ,

1194 1935 1323 1965 breviori
1345 1939 1373 1964 et
1396 1934 1488 1972 magis
1511 1934 1678 1973 perspicua,
1698 1943 1784 1972 quam
1804 1933 1867 1963 fieri
1887 1926 2045 1972 po-mancae.

1195 1984 1273 2021 terit,
1296 1984 1434 2014 methodo
1457 1983 1575 2012 biennio
1598 1983 1761 2013 tradantur.

1234 2033 1319 2062 Anno
1343 2032 1476 2061 videlicet
1498 2032 1594 2071 primo
1613 2032 1800 2069 geometrica,
1819 2041 1936 2071 perspe-

1195 2082 1282 2119 ctiva,
1307 2081 1493 2110 arithmetica
1517 2084 1545 2109 et
1567 2080 1782 2118 agrimensura,
1806 2080 1936 2110 Euclidis

1195 2131 1308 2168 itidem,
1333 2134 1362 2160 et
1384 2129 1563 2159 astronomia
1594 2137 1660 2158 cum
1692 2129 1860 2166 almageste,
1885 2137 1936 2158 seu

1196 2183 1257 2209 arte
1290 2180 1397 2216 magna
1430 2178 1611 2214 Ptolomaei,
1636 2187 1668 2207 ac
1701 2178 1838 2216 deinceps
1870 2187 1935 2207 cum

1195 2227 1404 2266 Christophoro
1431 2226 1543 2256 Clavio.
1569 2227 1653 2255 Anno
1676 2226 1803 2255 secundo
1825 2226 1938 2263 gnomi-

1195 2285 1264 2311 cae,
1289 2275 1529 2314 cosmographia,
1555 2274 1764 2311 astrolabium,
1788 2274 1886 2304 radius
1909 2284 1938 2304 a·

1195 2324 1403 2354 stronomicus.
1419 2323 1516 2352 Lectio
1533 2327 1630 2352 autem
1648 2323 1775 2352 ineunda
1793 2327 1938 2362 postremo

1196 2377 1328 2412 tempore
1352 2373 1554 2412 pomeridiano
1587 2373 1621 2402 ad
1655 2372 1843 2412 sesquihorae
1874 2381 1938 2411 spa-

1197 2423 1282 2460 tium,
1300 2426 1328 2451 et
1343 2421 1481 2451 cathedra
1499 2421 1569 2451 baec
1588 2421 1755 2451 vacationes
1777 2430 1828 2451 seu
1850 2421 1938 2451 ferias

1196 2470 1311 2508 babeat,
1336 2475 1367 2500 ut
1386 2470 1516 2509 reliquae
1540 2473 1708 2509 perpetuae.

1235 2530 1243 2554 l
1269 2527 1360 2554 Potius
1381 2529 1442 2562 lege
1458 2529 1594 2562 proferre
1614 2530 1652 2559 (a.
1670 2529 1718 2558 1.).

1232 2573 1250 2600 2
1270 2573 1344 2599 Edit.
1365 2572 1444 2600 Main.
1467 2572 1533 2607 legit
1551 2573 1750 2600 absoleverant
1768 2572 1809 2604 (n.
1826 2573 1875 2604 T.).

2162 89 2167 132 l

1932 183 1979 206 An.
2002 182 2031 206 G.
2052 181 2118 208 1730
2162 151 2168 225 1

2166 320 2170 338 ι

2151 1831 2182 1879 *i
