2182 3137
204 289 252 313 An.
269 287 296 314 c.
324 286 390 313 1734
436 277 500 310 590

395 333 554 366 communi
594 333 739 365 oninium
766 343 947 373 consensu,
975 338 1134 376 perpetuo

394 388 442 419 vel
460 386 498 419 ad
519 392 645 429 tempus
664 397 848 426 concessas,
871 387 995 419 etiamsi
1017 387 1046 419 id
1066 386 1133 419 sine

394 441 460 472 ullo
497 439 649 472 Gamerae
686 440 890 483 Apostolicae
929 440 1047 473 damno
1080 446 1135 472 ant

394 492 595 534 praeiudicio
624 493 738 525 sactum
765 493 871 531 suerit,
899 498 1066 536 ratamque
1087 493 1134 536 ip-

394 555 459 577 sam
486 546 618 578 eaedem
646 546 893 579 communitates
923 552 953 578 et
978 546 1134 579 universi-

396 602 474 629 tates
502 598 531 630 in
559 609 591 631 se
618 599 834 642 susceperint.

437 651 618 684 Districtius
654 652 843 685 inhibentes
880 663 919 685 ne
958 653 1032 696 quid
1073 653 1133 685 talc

394 705 604 748 imposterum
647 706 828 738 concedere
873 711 927 738 aut
972 711 1133 739 attentare

394 763 624 800 praesumant,
650 769 686 791 ac
710 764 900 791 revocantes
927 770 962 791 ex
990 770 1076 792 nunc
1101 759 1132 791 in

394 811 518 843 irritum
545 811 699 855 quicquid
725 812 809 844 clrca
834 812 940 844 omnia
958 817 986 844 et
1006 812 1133 854 singula

394 864 582 906 praemissa,
607 871 733 907 praeter
751 870 804 897 aut
824 871 937 898 contra
963 865 1044 898 baec
1070 876 1131 898 no-

394 921 459 948 stra
484 916 678 957 interdicta,
706 918 969 960 prohibitiones,
995 924 1109 951 statuta
1124 947 1131 961 ,

394 969 630 1011 ordinationes,
650 970 749 1011 iussa,
768 973 963 1011 voluntates,
983 972 1130 1012 decreta,

394 1023 543 1055 mandata
569 1028 624 1055 aut
652 1029 840 1066 praecepta,
868 1024 1009 1057 scienter
1035 1026 1081 1058 vel
1109 1026 1134 1058 i-

395 1082 582 1117 gnoranter,
607 1077 782 1119 contigerit
807 1078 969 1111 attentari.
1069 1075 1086 1096 ⁴

438 1128 526 1166 Quod
565 1129 590 1161 si
629 1130 699 1172 quis
724 1130 922 1163 coniunctim
955 1141 1026 1164 cum
1053 1137 1134 1165 cete-

395 1181 459 1221 ris,
484 1192 539 1214 seu
565 1182 712 1223 divisim,
739 1189 921 1216 nostrarum
947 1184 1132 1218 huiusmodi

394 1235 655 1277 prohibitionum
675 1262 681 1276 ,
708 1241 899 1269 statutorum
918 1264 924 1276 ,
953 1238 1132 1271 ordinatio-

394 1299 482 1329 num,
509 1289 702 1330 iussionum,
731 1290 945 1331 decretorum,
972 1292 1133 1326 mandato-

394 1352 475 1384 rum,
501 1343 700 1374 voluntatum
727 1348 780 1375 aut
800 1349 1051 1386 praeceptorum
1072 1346 1133 1378 vio-

365 1434 367 1436 ·
394 1396 477 1428 lator
502 1406 556 1429 seu
585 1401 810 1439 transgressor
835 1397 995 1439 extiterit,
1021 1399 1133 1431 statui-

394 1459 490 1489 mus,
519 1455 574 1489 ut,
599 1446 727 1492 praeter
764 1450 912 1494 superius
949 1461 1132 1494 expressam

393 1502 633 1535 restitutionem
659 1508 713 1535 aut
733 1503 930 1536 solutionem
950 1514 1005 1536 seu
1026 1505 1131 1537 damni

395 1555 623 1595 resectionem,
650 1555 687 1595 ii,
714 1555 766 1598 qui
795 1556 1054 1599 praeeminentia
1081 1563 1134 1590 aut

393 1607 494 1650 gradu
513 1608 622 1651 aliquo
647 1608 764 1641 ceteris
790 1609 977 1652 superiores
1005 1610 1131 1652 suerint,

393 1660 454 1693 nisi
480 1671 538 1704 pro
563 1661 701 1701 viribus,
728 1662 759 1694 id
798 1662 885 1705 quod
912 1668 1024 1695 contra
1050 1664 1132 1696 lianc

394 1714 659 1747 constitutionem
678 1719 869 1748 attentatum
887 1722 1054 1758 gestumve
1074 1723 1131 1755 est,

393 1767 551 1810 impedire
578 1767 790 1808 tentaverint,
818 1779 977 1813 suumque
1017 1780 1133 1803 assen—

393 1829 461 1851 sum
497 1819 629 1852 omnino
665 1825 851 1854 constanter
876 1822 1129 1865 denegaverint,

394 1872 543 1905 omnibus
562 1877 593 1905 et
611 1873 747 1916 singulis
765 1884 825 1917 per
843 1885 897 1907 eos
925 1875 1067 1908 obtentis
1087 1877 1134 1908 di-

394 1925 579 1966 gnitatibus,
605 1926 770 1967 gradibus,
797 1927 996 1967 muneribus,
1020 1929 1133 1961 officiis

394 1983 424 2009 et
448 1978 689 2020 magistratibus
715 1990 754 2012 eo
775 1979 845 2023 ipso
864 1981 997 2024 privati;
1017 1992 1052 2014 ac
1071 1988 1132 2014 tam

393 2030 455 2073 ipsi
481 2042 576 2074 quam
602 2031 655 2064 alii
682 2031 864 2073 inferioreS,
890 2033 943 2076 qui
970 2034 1001 2066 id
1028 2045 1134 2068 suase-

393 2083 470 2121 rint,
489 2084 750 2126 procuraverint,
764 2090 818 2117 aut
836 2086 968 2128 ipsimet
983 2087 1130 2127 fecerint,

393 2137 441 2169 vel
468 2138 506 2168 ab
524 2137 595 2169 aliis
613 2136 682 2170 lieri
703 2137 869 2179 iusserint,
888 2140 927 2172 ad
949 2139 1001 2172 illa
1023 2145 1053 2173 et
1072 2141 1132 2173 alia

393 2189 509 2223 similia
544 2192 592 2224 vel
630 2191 799 2225 dissimilia
823 2192 855 2225 in
883 2193 1022 2226 futurum
1050 2194 1133 2226 obti-

394 2244 499 2276 nenda
524 2244 686 2278 inhabiles
711 2251 871 2288 perpetuo
897 2252 929 2279 et
948 2246 1130 2290 incapaces,

394 2307 430 2329 ac
453 2299 611 2340 perpetua
637 2297 767 2330 infamia
803 2304 835 2332 et
867 2300 1049 2342 ignominia
1075 2311 1133 2333 no-

395 2348 458 2391 tati,
484 2355 516 2382 et
539 2349 656 2392 singuli
684 2361 804 2391 eorum,
831 2351 855 2384 si
883 2353 1040 2386 solvendo
1066 2353 1135 2386 sne-

393 2402 490 2443 rint¹,
519 2404 602 2436 ultra
637 2404 836 2446 praedictam
872 2405 1132 2445 restitutionem,

395 2455 432 2488 ad
451 2456 583 2500 duplum
611 2458 681 2489 eius
707 2457 830 2498 damni,
858 2459 943 2501 quod
970 2459 1132 2492 communi

395 2516 518 2542 massae
544 2520 601 2542 seu
626 2520 759 2543 mensae
796 2510 921 2544 illatum
955 2511 1071 2552 suerit,
1094 2512 1133 2544 de

395 2570 453 2593 suo
485 2561 697 2595 reficiendum
732 2562 867 2605 obligati
902 2563 1057 2605 existant,
1084 2563 1134 2596 sin

396 2613 510 2654 minus,
535 2616 640 2657 poena
667 2615 753 2648 exilii
780 2621 833 2649 aut
858 2617 997 2650 carceris
1022 2618 1133 2651 saltem

432 2677 441 2703 l
466 2675 544 2704 Deest
560 2685 649 2712 paros
668 2678 708 2713 (n.
729 2679 776 2713 T.).

978 284 1165 309 BULLARIUM
1191 284 1351 311 ROMANUM

1179 334 1348 368 triennalis
1376 335 1579 378 plectantur;
1606 334 1659 367 alii
1686 344 1770 376 vero,
1796 334 1849 377 qui
1870 344 1918 368 so-

1178 388 1341 421 lummodo
1368 398 1563 420 consensum
1583 387 1675 420 tacite
1693 388 1744 421 vel
1763 397 1916 430 expresse

1178 440 1413 483 praestiterint,
1440 441 1464 473 si
1490 441 1646 474 solvendo
1672 439 1818 481 suerint¹,
1847 446 1916 474 tan-

1178 494 1320 526 tumdem
1340 493 1732 537 pecuniarum,'quantum
1752 499 1916 536 erogatum

1178 547 1330 585 extiterit,
1358 547 1396 579 de
1423 557 1480 579 suo
1507 547 1708 589 persolvant3
1735 546 1783 578 sin
1809 552 1916 579 autem

1179 599 1208 631 id
1235 605 1369 642 propter
1406 599 1548 643 inopiam
1574 604 1739 642 praestare
1765 599 1918 642 nequive-

1179 652 1267 692 rint,
1300 654 1404 696 poeusi
1442 653 1549 696 aliqua
1586 653 1733 695 corporis
1770 651 1918 685 afflictiva

1179 706 1384 749 superiorum
1407 706 1541 738 arbitrio
1567 705 1767 749 puniantur,
1788 710 1820 738 et
1838 705 1919 739 eius-

1178 759 1263 791 modi
1291 760 1483 791 mulctarum
1511 764 1624 802 quarta
1650 769 1723 802 pars
1756 758 1839 792 inter
1864 768 1918 792 eos

1179 812 1361 851 dividatur,
1387 813 1461 855 qui,
1489 817 1644 855 quantum
1670 812 1702 844 in
1730 811 1775 844 eis
1800 811 1918 852 suerit,

1179 864 1437 897 contradixerint
1462 875 1562 907 seque
1589 864 1822 907 opposuerint,
1847 865 1915 904 vel,

1179 923 1251 960 post
1270 928 1464 950 consensum
1487 918 1685 961 praestitum,
1705 917 1823 951 erroris
1845 928 1920 960 poe-

1178 971 1318 1003 nitentes
1335 997 1342 1011 ,
1369 971 1596 1014 superioribus
1622 970 1652 1003 id
1679 971 1773 1013 primi
1800 971 1920 1003 denun-

1178 1023 1347 1056 ciaverint.

1221 1076 1281 1109 Sed
1308 1082 1338 1110 et
1363 1077 1610 1110 constitutiones
1644 1077 1717 1120 piae
1742 1077 1918 1110 memoriae

1179 1130 1333 1162 Bonisacii
1355 1130 1418 1162 Vlll
1445 1136 1477 1162 et
1501 1129 1648 1172 Gregorii
1666 1129 1733 1162 Xlll
1759 1129 1919 1163 Romano·

1178 1194 1248 1216 rum
1267 1183 1457 1216 Pontificum
1476 1184 1770 1227 praedecessorum
1788 1188 1919 1217 nostro-

1178 1247 1264 1276 rum,
1292 1243 1406 1269 contra
1431 1237 1648 1280 paciscentes,
1674 1236 1917 1280 promittenteS,

1178 1290 1307 1331 dantes,
1335 1295 1390 1322 aut
1414 1290 1609 1333 recipientes
1637 1290 1830 1333 quicquam,
1855 1301 1915 1333 pa-

1179 1354 1248 1376 rum
1266 1345 1315 1376 vel
1333 1353 1495 1385 magnum,
1512 1353 1570 1386 pro
1589 1343 1692 1385 gratia
1716 1344 1764 1376 vel
1786 1342 1918 1383 iustitia,

1178 1407 1237 1439 pro
1275 1407 1307 1429 se
1345 1397 1392 1428 vel
1432 1396 1502 1428 aliis
1532 1396 1726 1436 obtinenda,
1752 1399 1783 1430 et
1807 1401 1919 1429 eontra

1176 1450 1354 1493 complices
1380 1451 1429 1482 vel
1457 1450 1569 1482 dantes
1595 1450 1627 1482 in
1652 1449 1844 1493 praemissis
1864 1460 1919 1482 au-

1177 1504 1296 1543 xilium,
1312 1503 1482 1536 consilium
1497 1504 1546 1536 vel
1564 1503 1716 1543 savorem,
1732 1514 1802 1536 cum
1821 1503 1920 1536 omni-

1175 1557 1235 1590 bus
1259 1557 1291 1589 in
1318 1557 1364 1590 eis
1390 1557 1552 1589 contentis
1579 1556 1703 1599 poenis,
1722 1556 1867 1589 censuris
1888 1561 1919 1589 et

1176 1609 1419 1643 extensionibus
1439 1637 1446 1648 ,
1474 1620 1554 1653 quae
1580 1609 1774 1652 supradictis
1799 1619 1916 1652 aggra-

1178 1669 1266 1696 vatae
1304 1669 1334 1696 et
1370 1663 1499 1696 additae
1519 1690 1526 1704 ‚
1557 1673 1619 1695 non
1646 1668 1756 1696 autem
1782 1673 1840 1706 per
1865 1673 1918 1695 eas

1177 1717 1367 1749 imminutae
1394 1721 1448 1748 aut
1477 1716 1664 1749 immutatae
1697 1721 1892 1749 censeantur
1909 1743 1916 1757 ,

1178 1770 1290 1802 barum
1316 1770 1399 1802 serie
1426 1769 1645 1812 approbamus
1671 1774 1703 1801 et
1719 1769 1916 1810 innovamus,

1177 1833 1211 1855 ac
1233 1822 1270 1854 ad
1298 1832 1411 1855 omnes
1439 1821 1589 1865 superius
1616 1832 1787 1865 expressas
1808 1831 1919 1865 perso-

1177 1886 1258 1916 nas,
1286 1876 1381 1908 etiam
1408 1875 1538 1918 speciali
1567 1877 1639 1908 nota
1666 1875 1779 1917 dignas
1800 1902 1808 1916 ,
1835 1885 1917 1918 quae

1176 1934 1292 1961 contra
1332 1928 1554 1961 ultimodictas
1596 1927 1846 1961 constitutiones
1886 1928 1919 1960 in

1177 1981 1342 2025 quibusvis
1368 1981 1515 2020 casibus,
1542 1991 1602 2024 per
1639 1991 1691 2013 eas
1728 1980 1890 2024 expressis
1909 2008 1916 2021 ,

1178 2034 1300 2075 dando,
1328 2034 1536 2077 recipiendo,
1563 2034 1806 2077 promittendo,
1832 2034 1919 2077 paci-

1177 2089 1297 2121 scendo
1313 2115 1320 2128 ,
1344 2087 1580 2121 consentiendo
1607 2092 1661 2120 aut
1686 2087 1916 2130 permittendo,

1177 2152 1241 2175 non
1278 2143 1380 2175 solum
1421 2141 1504 2184 apud
1535 2141 1649 2174 Sedcm
1674 2140 1918 2184 Apostolieam‚

1176 2195 1232 2227 sed
1260 2195 1291 2226 in
1318 2194 1485 2237 quibusvis
1512 2193 1736 2234 tribunalibus,
1759 2198 1917 2227 eteorum

1176 2247 1432 2290 quibuscumque
1470 2246 1649 2286 iudicibus,
1675 2246 1771 2279 etiam
1806 2246 1916 2286 laicis,

1176 2300 1278 2332 almae
1304 2299 1419 2339 Urbis,
1449 2310 1484 2332 ac
1511 2304 1573 2332 tam
1598 2299 1630 2331 in
1656 2299 1800 2332 Romana
1825 2299 1917 2332 Curia

1177 2363 1273 2395 quam
1300 2358 1388 2385 extra
1415 2363 1484 2385 cam
1502 2379 1509 2391 ‚
1536 2352 1567 2384 in
1604 2352 1805 2395 quibuslibet
1839 2357 1916 2385 tem-

1176 2406 1279 2449 porali
1306 2405 1418 2438 ditioni
1445 2410 1575 2438 nostrae
1601 2405 1739 2438 mediate
1775 2406 1825 2438 vel
1859 2405 1917 2438 im-

1177 2459 1313 2492 mediate
1338 2459 1492 2491 subiectis
1514 2458 1699 2502 provinciis,
1721 2458 1916 2498 civitatibus,

1176 2512 1314 2555 oppidis,
1343 2512 1436 2544 terris
1462 2517 1493 2544 ct
1518 2511 1597 2545 locis
1624 2510 1831 2555 deliquerint,
1857 2521 1917 2555 per

1177 2565 1306 2598 easdem
1332 2569 1519 2608 praesentes
1545 2564 1749 2597 extendimus
1783 2569 1814 2597 et
1845 2575 1916 2597 am-

1177 2617 1334 2661 pliamus:
1370 2617 1487 2660 poenis
1521 2617 1610 2658 aliis,
1637 2628 1654 2651 a
1679 2617 1749 2651 iure
1787 2618 1835 2651 vel
1862 2627 1920 2662 per

1215 2682 1224 2707 1
1249 2679 1331 2707 Deest
1348 2687 1434 2715 pares
1455 2679 1492 2715 (n.
1514 2679 1564 2715 τ.).

1928 287 1977 313 An.
1992 286 2021 313 C.
