2182 3137
247 289 298 315 An.
314 288 345 315 C.
360 289 430 315 1733

259 1092 340 1111 Alumm
352 1093 428 1110 etenn-

247 1121 336 1137 uictores
345 1118 427 1141 collegi·

245 1150 264 1163 in
291 1143 427 1163 concursibus

244 1171 271 1190 δᾶ
282 1171 385 1190 beneficia
395 1177 427 1189 ev-

245 1197 366 1216 etesiasuca
395 1202 426 1215 cr-

246 1226 295 1243 turis
309 1223 428 1249 praesciat:-

245 1252 285 1269 turs

280 2258 425 2278 Praesentium

243 2286 358 2305 litterarum
393 2285 424 2304 lir-

242 2314 311 2331 uitlaS.

476 280 541 313 480

443 338 502 377 rit,
527 348 564 370 ae
587 337 627 371 de
644 339 796 372 omnibus
821 339 859 372 ad
886 339 983 381 digne
1001 340 1181 383 suscipien-

442 390 516 424 dum
542 396 575 424 et
600 391 660 424 rite
685 392 900 425 exercendum
939 393 1085 426 ordinem
1123 394 1182 426 hu-

443 443 579 477 iusmodi
607 444 752 477 eruditus
780 445 892 484 suerit,
920 451 951 478 ct
976 445 1014 478 dc
1043 446 1103 479 hoc
1128 446 1180 479 lit-

445 502 528 530 teras
545 498 778 530 testimoniales
794 498 1058 542 presbyterorum
1078 499 1181 532 dictae

441 550 711 592 Congregationis
735 551 896 583 Missionis
929 552 967 584 ad
998 552 1102 594 ipsum
1124 552 1180 585 Or-

441 603 601 635 diuarium
629 604 796 643 detulerit,
821 605 880 637 sub
906 606 1009 647 poena
1027 605 1180 637 adversus

440 657 710 690 contrafacientes
735 658 960 701 suspensionis
994 658 1032 690 ab
1067 669 1181 691 execu-

441 709 529 742 tione
567 710 717 743 ordinum
752 711 847 744 aliter
877 718 1125 754 susceptorum,
1152 717 1181 743 et

439 762 519 795 alias
538 769 634 805 prout
647 774 662 795 a
677 763 863 806 supradicto
885 764 1069 796 Alexandro
1089 774 1186 806 prae-

442 816 629 856 decessore,
655 817 760 859 quoad
787 816 960 849 initiandos
987 817 1109 849 eisdem
1132 828 1181 849 sa-

441 870 503 902 cris
535 870 706 902 ordinibus
739 870 772 902 in
798 870 882 902 Urbe
908 881 943 902 ac
968 881 1020 902 sex
1054 871 1180 913 episco-

439 922 569 965 patibus
594 922 825 955 suburbicariis
841 949 848 961 ‚
874 933 934 966 per
958 933 1031 955 suas.
1060 923 1181 965 pariter

438 975 471 1007 in
499 976 600 1007 forma
626 975 735 1008 Brevis
761 975 812 1007 die
837 986 878 1008 vn
904 975 1030 1017 augusti
1048 985 1180 1008 MDCLxu

439 1029 608 1070 expeditas
634 1028 757 1061 litteras
782 1029 940 1061 sancitum
959 1029 1133 1071 reperitur.

484 1082 546 1124 57.
576 1081 732 1121 Ceterum,
759 1093 823 1125 quo
851 1087 911 1114 tam
938 1083 1060 1114 alumni
1086 1093 1178 1124 quam

440 1134 641 1167 convictores
656 1135 782 1177 collegii
802 1135 934 1178 praefati
955 1145 1012 1178 pro
1032 1142 1179 1177 tempore

439 1188 634 1227 existentes,
671 1188 767 1220 etiam
792 1188 928 1230 praemii
954 1188 1100 1220 laborum
1125 1188 1182 1221 ali-

439 1241 569 1283 quando
610 1241 831 1284 consequendi
869 1251 926 1284 spe
964 1241 1113 1279 excitati,
1141 1251 1179 1273 eo

439 1294 579 1326 alacrius
605 1294 791 1326 memoratis
817 1294 927 1326 studiis
952 1294 1118 1337 sacrisque
1149 1299 1180 1326 et

438 1347 667 1380 ecclesiasticis
700 1347 880 1390 disciplinis
909 1347 1069 1379 assiduam
1104 1357 1179 1390 ope-

439 1409 505 1432 ram
546 1400 757 1443 impendant,
795 1401 926 1433 eosdem
964 1401 1113 1433 alumnos
1149 1406 1180 1433 et

438 1453 640 1487 convictores
659 1480 666 1492 ‚
691 1455 744 1496 qui
770 1464 830 1496 per
854 1454 977 1497 aliquot
1007 1464 1109 1486 annos
1147 1454 1178 1486 in

439 1506 526 1540 dicto
552 1508 691 1550 collegio
717 1508 927 1541 laudabiliter
951 1508 1089 1548 versati,
1115 1514 1179 1540 stu-

439 1560 499 1593 diis
525 1565 557 1592 et
582 1560 763 1603 disciplinis
800 1561 957 1604 praefatis
993 1561 1108 1594 sedulo
1144 1572 1179 1593 ac

438 1624 510 1646 cum
546 1623 725 1656 progressu
763 1614 993 1653 incubuerint,
1035 1621 1066 1648 et
1102 1614 1179 1647 alias

438 1667 548 1700 idonei
576 1667 717 1706 suerint,
745 1667 776 1700 in
802 1668 978 1701 collatione
1006 1668 1179 1701 beneficio-

440 1731 509 1753 rum
535 1721 855 1761 ecclesiasticorum,
884 1722 999 1764 quibus
1031 1722 1180 1754 imminet

438 1784 516 1807 cura
530 1775 726 1815 animarum,
746 1786 782 1807 ac
796 1776 988 1818 praesertim
1004 1776 1043 1808 de
1062 1777 1178 1819 quibus

437 1838 497 1870 per
521 1838 713 1860 concursum
740 1829 828 1861 iuxta
853 1828 983 1861 decreta
1008 1829 1083 1861 dicti
1102 1829 1180 1862 Cou-

437 1880 502 1914 cilii
539 1880 719 1914 Tridentini
757 1882 994 1924 providendum
1021 1888 1090 1920 est,
1128 1893 1179 1915 ee-

439 1935 516 1967 teris
542 1935 694 1978 paribus,
723 1946 759 1967 ac
786 1935 816 1967 in
844 1936 1042 1979 aequalitate
1068 1936 1180 1968 suffra-

437 1989 578 2031 giorum,
600 1989 671 2021 aliis
691 1988 845 2021 anteferri
872 1991 1019 2022 volumus
1044 1995 1075 2023 et
1093 1987 1180 2022 man-

438 2042 574 2074 damus:
602 2042 688 2073 salva
725 2052 759 2073 ac
796 2044 940 2082 servata,
975 2043 1007 2075 in
1045 2043 1179 2086 reliquis

437 2095 591 2127 omnibus
617 2100 649 2128 et
673 2095 810 2138 singulis
837 2106 919 2138 quae
950 2097 1178 2138 praesentibus

436 2157 502 2180 non
529 2147 769 2187 adversantur,
801 2148 1018 2191 praefatarum
1056 2149 1179 2182 littera-

437 2211 507 2233 rum
534 2205 714 2234 nostrarum
741 2202 842 2234 forma
868 2207 899 2234 et
923 2202 1148 2246 dispositione.

479 2253 550 2298 §8-
586 2254 828 2295 Decernentes,
864 2255 951 2297 ipsas
987 2261 1178 2298 praesentes

438 2307 562 2341 litteras
588 2314 619 2340 et
643 2308 675 2340 in
702 2309 748 2340 eis
774 2314 928 2341 contenta
953 2319 1177 2353 quaecumque
1198 2323 1200 2347 ς

437 2370 571 2404 semper
588 2371 624 2394 ac
640 2361 801 2405 perpetuo
816 2361 907 2393 firma
921 2366 952 2394 et
969 2361 1111 2395 efficacia
1131 2373 1178 2395 ex-

438 2413 536 2446 istere
562 2420 594 2447 et
619 2414 704 2455 sore,
722 2425 863 2457 suosque
883 2414 1047 2457 plenarios
1073 2421 1105 2448 et
1129 2415 1177 2448 in·
1197 2419 1199 2449 1

439 2472 546 2509 [egros
579 2466 711 2500 effectus
735 2467 844 2500 sortiri
879 2472 912 2500 et
946 2467 1114 2508 obtinere,
1140 2480 1177 2502 ac

438 2519 519 2559 illis,
546 2520 585 2553 ad
610 2531 690 2564 quos
717 2525 842 2564 spectat
873 2525 905 2553 et
937 2531 995 2564 pro
1028 2526 1176 2565 tempore

438 2573 709 2617 quandocumque
727 2573 897 2617 spectabit,
918 2573 950 2606 in
968 2574 1118 2607 omnibus
1146 2581 1177 2608 et

438 2635 496 2667 per
520 2626 629 2659 omnia
652 2626 842 2669 plenissime
867 2626 1054 2670 suffragari,
1080 2633 1112 2660 et
1136 2629 1175 2661 ab

438 2678 483 2709 eis
523 2680 702 2721 respective
743 2680 934 2714 inconcusse
979 2681 1145 2714 observari
1166 2709 1174 2722 ,

1029 292 1207 315 BULLARIUM
1234 293 1337 316 noim
1344 294 1384 316 mi

1226 341 1336 384 sicque
1366 341 1398 373 in
1432 341 1619 384 praemissis
1647 352 1706 384 per
1742 352 1963 385 quoscumque

1226 394 1348 426 iudices
1385 394 1568 426 ordinarios
1594 399 1625 426 et
1651 394 1840 436 delegatos,
1868 395 1962 427 etiam

1225 457 1391 479 causarum
1427 446 1539 490 palatii
1577 447 1750 489 apostolici
1775 448 1963 488 auditores,

1225 510 1261 532 ac
1286 499 1426 532 eiusdem
1452 499 1483 532 S.
1510 499 1547 531 R.
1575 499 1609 532 E.
1638 500 1818 533 cardinales
1835 528 1842 539 ,
1868 501 1963 534 etiam

1225 552 1265 585 de
1304 553 1406 586 latere
1447 553 1573 595 legatos
1590 579 1597 592 ,
1637 553 1756 586 aliosve
1799 553 1964 596 quoslibet

1225 615 1429 647 quacumque
1454 605 1712 648 praeeminentia
1741 611 1771 638 et
1805 611 1963 648 potestate

1226 658 1393 699 fungentes
1418 663 1450 690 et
1475 658 1640 692 suncturos
1657 685 1664 697 ,
1690 659 1817 692 sublata
1850 659 1896 692 eis
1933 664 1965 691 et

1225 721 1336 743 eorum
1362 711 1496 744 cuilibet
1526 711 1635 754 quavis
1673 713 1766 744 aliter
1802 712 1962 745 iudicandi

1225 769 1256 795 et
1281 764 1516 807 interpretandi
1545 764 1694 797 facultate
1716 766 1963 803 etauctoritate,

1225 815 1360 849 iudicari
1387 823 1418 849 et
1443 816 1569 849 definiri
1597 817 1740 855 debere,
1769 828 1805 850 ac
1836 817 1962 850 irritum

1225 873 1256 901 et
1282 869 1377 902 inane
1403 869 1427 902 si
1454 880 1547 902 secus
1565 880 1666 912 super
1684 870 1732 902 his
1751 881 1768 902 a
1788 880 1962 913 quoquam,

1225 922 1337 964 quavis
1363 922 1561 961 auctoritate,
1581 923 1719 955 scienter
1737 924 1785 956 vel
1810 923 1964 965 ignoran-

1226 980 1284 1015 ter,
1309 975 1484 1017 contigerit
1508 976 1672 1008 attentari.

1268 1028 1282 1070 ἓ
1306 1027 1336 1060 6.
1364 1027 1433 1060 Non
1459 1028 1662 1061 obstantibus
1697 1028 1900 1071 praemissis,
1927 1039 1964 1061 ac

1225 1081 1505 1113 constitutionibus
1538 1086 1570 1112 et
1603 1081 1860 1114 ordinationibus
1888 1092 1964 1124 apo-

1224 1132 1360 1173 stolicis,
1388 1144 1433 1172 ac,
1463 1134 1589 1176 quoties
1615 1145 1695 1177 opus
1720 1134 1778 1174 sit,
1804 1134 1964 1177 praefatae

1224 1185 1491 1229 Congregationis
1517 1187 1676 1219 Missiouis
1695 1214 1702 1227 ,
1730 1186 1866 1230 aliisque
1896 1187 1965 1230 qui-

1223 1239 1353 1280 busvis,
1380 1240 1475 1272 etiam
1500 1239 1692 1278 iuramento,
1719 1239 1964 1273 confirmatione

1224 1293 1399 1335 apostolica
1421 1320 1428 1331 ‚
1454 1294 1503 1325 vel
1529 1293 1640 1336 quavis
1666 1293 1814 1326 firmitate
1840 1292 1902 1326 alia
1915 1304 1962 1326 ro-

1224 1346 1367 1386 boratis,
1403 1346 1529 1379 statutis
1568 1352 1601 1379 et
1640 1347 1932 1380 consuetudinibus
1955 1374 1962 1386 ,

1224 1398 1402 1441 privilegiis
1429 1409 1583 1442 quoque,
1609 1399 1743 1432 indultis
1781 1404 1813 1431 et
1845 1399 1963 1433 litteris

1223 1452 1407 1495 apostolicis
1427 1452 1458 1484 in
1484 1453 1686 1485 contrarium
1711 1453 1963 1496 praemissorum

1223 1505 1472 1548 quomodolibet
1500 1505 1661 1538 concessis
1679 1533 1686 1545 ,
1711 1506 1908 1539 confirmatis
1933 1512 1964 1539 et

1224 1558 1399 1598 innovatis,
1431 1569 1558 1591 necnon
1583 1559 1731 1591 omnibus
1758 1563 1788 1593 et
1827 1560 1963 1603 singulis

1222 1611 1286 1644 ilus
1320 1622 1401 1654 quae
1435 1611 1466 1644 in
1499 1612 1665 1655 prioribus
1690 1612 1806 1645 litteris
1844 1613 1962 1645 nostris

1222 1665 1395 1707 praedictis
1421 1676 1576 1698 concessa
1601 1669 1674 1698 sunt
1703 1676 1768 1698 nen
1805 1666 1960 1706 obstare;

1222 1718 1405 1761 ceterisque
1431 1719 1599 1751 contrariis
1626 1718 1898 1761 quibuscumque.

1265 1772 1376 1804 Datum
1405 1771 1538 1810 Romae,
1559 1772 1644 1814 apud
1664 1771 1696 1803 S.
1716 1771 1846 1803 Mariam
1866 1771 1963 1804 Maio-

1222 1837 1309 1865 rem,
1332 1825 1390 1857 sub
1409 1826 1530 1857 annulo
1561 1824 1752 1863 Pis-catoris,
1785 1825 1891 1858 diem
1917 1825 1962 1858 fe-

1222 1879 1342 1911 bruarii
1368 1888 1581 1918 mccxxxm,
1610 1878 1821 1921 pontificatus
1856 1879 1962 1911 nostri

1222 1943 1306 1965 anno
1330 1943 1378 1965 tu.

1257 1991 1315 2018 Dat.
1333 1991 1377 2017 die
1397 1991 1413 2017 3
1434 1991 1566 2017 februarii
1587 1991 1671 2025 1733,
1693 1991 1788 2026 pontis.
1804 2000 1874 2018 anno
1895 1998 1936 2018 111.

1512 2043 1546 2075 F.
1571 2044 1658 2076 card.
1686 2042 1872 2076 Omvanms.

1508 2168 1668 2201 LXXXIII.

1221 2239 1386 2272 Statuitur
1420 2243 1456 2271 ue
1493 2243 1686 2282 procurator
1718 2243 1747 2271 et
1778 2239 1962 2271 assistentes

1263 2291 1429 2335 qenerales
1462 2291 1597 2324 Ordinis
1635 2292 1779 2334 fratrum
1811 2292 1961 2324 eremila-

1263 2355 1338 2376 rum
1363 2344 1394 2376 S.
1421 2344 1605 2386 Augyuseini
1636 2343 1715 2386 elz‘gyi
1745 2355 1809 2376 non
1835 2344 1961 2387 possint

1265 2398 1300 2428 in
1324 2398 1466 2440 priorem
1497 2397 1682 2440 yeneralem
1707 2401 1782 2430 ante
1805 2407 1961 2430 sexenna-

1265 2451 1327 2483 lem
1351 2452 1551 2484 vacationem
1577 2452 1615 2484 ab
1641 2451 1757 2494 officio.

1427 2523 1562 2549 Clemens
1585 2523 1664 2556 Papa
1682 2523 1752 2554 ΧΠ,

1333 2569 1368 2593 ad
1390 2570 1574 2600 perpetuam
1594 2567 1639 2594 rei
1659 2566 1846 2595 memoriam.

1263 2630 1277 2672 ᾖ
1302 2629 1331 2662 l.
1359 2629 1456 2662 Felici
1484 2639 1708 2672 prosperoque
1738 2628 1867 2662 Ordinis
1902 2629 1962 2662 fra-

1221 2687 1303 2715 trum
1317 2681 1530 2715 Eremitarum
1550 2683 1649 2715 sancti
1665 2681 1845 2724 Augustini,
1863 2692 1960 2725 quem

1975 1064 2096 1090 derogatio.

1967 295 2017 320 An.
2034 293 2064 321 C.
2084 294 2154 324 ¹733

2024 1038 2135 1058 Obstantiu

1998 2634 2105 2665 Decretum
2115 2653 2122 2659 ,,

1971 2667 2013 2688 quo
2024 2667 2046 2682 m
2059 2658 2095 2681 rub
2119 2680 2129 2687 ,v
2173 2668 2177 2680 ,-
