2182 3137
203 195 251 219 An.
268 193 297 219 c.
326 193 399 219 1730
447 184 510 218 0210

284 2311 396 2336 Der-ogatio

213 2341 377 2359 contrariorum

402 242 442 275 de
467 242 666 284 quibuslibet
692 243 862 283 molestiis,
889 241 1028 280 iniuriis,
1046 247 1144 284 atque

402 296 538 333 damnis,
563 296 747 338 ceterisque
786 302 848 328 tam
882 295 1022 328 realibus
1048 305 1144 337 quam

401 347 628 390 personalibus
654 347 838 380 actionibus
859 347 1088 390 praesentibus
1114 352 1145 380 et

402 400 528 439 futuris,
547 400 579 432 in
598 400 660 433 illis
681 400 831 433 videlicet
849 411 932 443 quae
958 400 1143 433 iudicialem

401 453 572 495 requirunt
598 453 792 494 indaginem,
819 452 1005 491 summarie,
1023 452 1144 495 simpli·

402 505 484 538 citer
509 511 541 537 et
567 505 605 537 de
632 506 740 547 plano,
767 516 803 537 ac
839 505 908 538 sine
946 504 1082 547 strepitu
1113 509 1144 536 et

402 557 506 599 figura
531 557 671 595 iudicii',
698 557 728 589 in
755 557 825 589 aliis
842 568 933 596 vero,
951 563 1048 600 prout
1067 568 1144 600 qua-

402 611 474 644 litas
499 622 609 644 eorum
637 612 794 653 exegerit,
821 611 964 643 iustitiae
1001 611 1144 652 comple-

403 670 546 696 mentum
561 664 581 704 ²,
608 670 821 707 occupatores
847 675 905 696 seu
931 664 1118 696 detentores
1134 689 1141 702 ,

403 723 676 760 praesumptores,
704 718 928 749 molestatores
955 722 986 748 ct
1011 715 1143 747 iniuria-

403 776 500 809 tores,
527 781 654 803 necnon
686 770 949 803 contradictores
977 768 1144 812 quoslibet

403 830 434 856 et
455 824 606 863 rebelles
625 824 860 866 cuiuscumque
879 822 1059 864 dignitatis,
1079 827 1143 854 sta-

404 882 465 916 tuS,
486 877 617 919 gradus,
639 876 763 908 ordinis
789 876 837 907 vel
866 874 1063 907 conditionis
1081 874 1145 906 sue-

402 930 479 969 rint,
507 931 779 973 quandocumque
812 934 842 960 et
874 928 1143 971 quotiescumque

403 983 577 1025 expediens
604 982 711 1020 suerit,
738 980 929 1013 auctoritate
962 979 1145 1021 apostolica

402 1046 462 1077 per
486 1045 638 1067 censuras
675 1034 818 1076 aliasque
844 1043 967 1076 poenas
994 1032 1145 1064 ecclesia-

403 1089 507 1127 sticas,
534 1087 754 1130 appellatione
789 1086 978 1128 postposita,
1005 1095 1141 1127 compe-

401 1141 535 1180 scendo,
564 1141 713 1172 invocato
739 1140 778 1171 ad
806 1140 877 1178 hoe,
897 1139 922 1171 si
940 1149 1021 1181 opus
1039 1137 1144 1177 suerit,

403 1194 522 1227 auxilio
547 1193 674 1225 brachii
700 1193 894 1225 saecularis:
913 1203 986 1224 cuin
1013 1191 1074 1224 hoc
1101 1197 1146 1223 ta-

403 1258 487 1285 men,
507 1247 593 1289 quod
614 1247 644 1278 in
664 1257 739 1278 casu
758 1246 1054 1278 controversiarum
1075 1255 1147 1277 cum

403 1300 580 1342 episcopis,
606 1300 631 1331 si
658 1299 695 1331 ad
722 1309 877 1331 censuras
909 1298 1146 1331 deveniendum

404 1352 456 1392 sit,
487 1357 678 1385 sarctatecta
704 1362 773 1384 esse
801 1351 918 1383 debeat
943 1356 975 1383 et
999 1351 1031 1382 in
1056 1351 1146 1393 praxi

403 1406 583 1438 retineatur
604 1405 775 1448 dispositio
802 1410 908 1437 textus
940 1404 972 1436 in
1006 1404 1148 1446 capitulo

406 1459 493 1499 Quia
516 1458 723 1502 pontificali,
751 1458 796 1490 De
813 1458 895 1501 offic.
917 1458 1017 1490 indic.
1038 1457 1149 1500 deley„

405 1513 442 1545 in
467 1523 512 1552 V1,
539 1513 627 1550 alias
654 1511 800 1544 eiusdem
827 1516 935 1544 textus
956 1511 1058 1543 forma
1083 1521 1148 1543 non

406 1565 585 1604 observata,
604 1575 760 1597 censurae
780 1565 869 1607 ipsae
888 1564 998 1596 nullae
1020 1563 1085 1596 sint
1110 1574 1148 1597 eo

405 1618 496 1661 ipso;
517 1619 672 1660 quodque
689 1618 719 1649 in
739 1617 825 1649 omni
845 1618 1046 1660 processura,
1066 1627 1148 1659 quae

406 1676 495 1703 extra
513 1669 758 1702 universitatem
785 1680 802 1701 a
827 1670 973 1712 praelato
995 1669 1148 1712 Philippo

405 1734 482 1766 rege
508 1730 542 1755 ut
568 1723 752 1766 praefertur
776 1727 916 1754 erectam
935 1727 965 1754 et
984 1722 1148 1754 fundatam

406 1782 438 1808 et
455 1788 471 1809 a
490 1776 585 1808 uobis
604 1786 661 1818 per
679 1780 866 1818 praesentes
884 1775 978 1807 etiam
1008 1781 1042 1807 ut
1060 1785 1150 1818 prae-

405 1829 509 1861 fertur
534 1828 745 1870 approbatam
772 1828 950 1869 praefatam
977 1828 1044 1860 lieri
1075 1839 1150 1860 con-

408 1881 527 1923 tigerit,
547 1887 719 1923 antequam
745 1881 782 1912 ad
808 1881 1039 1923 cuiuscumque
1065 1892 1151 1912 man-

406 1933 471 1966 dati
498 1933 721 1966 executionem
744 1934 950 1976 procedatur,
969 1934 999 1966 id
1018 1933 1150 1966 Ordina-

406 1988 455 2020 rio
495 1987 558 2020 loci
596 1987 802 2026 notilicetur3
831 1987 985 2030 quodque
1019 1987 1148 2019 deinum

407 2093 503 2124 nibus
528 2103 564 2124 ac
589 2092 875 2123 constitutionibus
902 2092 1090 2134 apostolicis
1119 2098 1151 2124 et

408 2156 424 2177 a
461 2145 605 2177 Concilio
631 2144 821 2176 Tridentino
858 2146 1004 2188 praefato
1043 2146 1149 2188 quoad

407 2197 596 2232 huiusmodi
616 2202 883 2230 conservatorum
902 2198 1070 2231 facultates
1088 2204 1149 2230 sta-

407 2255 472 2282 tuta
498 2255 582 2288 sunt,
609 2250 837 2282 observentur.

452 2305 466 2347 ᾗ
493 2303 546 2335 16.
574 2303 643 2335 Non
669 2303 874 2335 obstantibus
893 2310 954 2335 tarn
974 2304 1076 2338 felicis
1099 2314 1151 2336 re-

407 2355 606 2389 cordationis
632 2356 790 2388 Bonisaeii
826 2356 929 2399 Papae
955 2356 1018 2388 Vlll
1055 2368 1149 2399 prae-

408 2409 587 2442 decessoris
621 2408 745 2448 nostri,
783 2409 900 2451 quibus
938 2415 1069 2442 cavetur
1109 2421 1149 2442 ne

408 2463 524 2505 aliquis
549 2468 639 2494 extra
671 2462 833 2494 civitatem
862 2473 953 2495 suam
988 2464 1036 2495 vel
1063 2463 1151 2496 dioe-

444 2533 457 2558 1
481 2531 549 2558 Edit.
573 2532 655 2558 Μαίη.
677 2532 742 2566 tegit
761 2532 868 2559 iudicis
887 2538 926 2564 (R.
943 2532 992 2565 T.).

444 2576 461 2601 2
482 2576 590 2610 Aliquid
606 2576 692 2610 deest,
709 2584 740 2602 ex
754 2584 780 2611 g.
797 2576 965 2604 adhibentes
980 2577 1019 2611 (a.
1034 2577 1084 2612 T.).

1000 193 1180 217 BULLARIUM
1204 193 1359 217 ROMANUM

1187 241 1287 273 cesim
1312 241 1372 273 nisi
1407 241 1438 274 in
1473 242 1568 274 certis
1603 243 1764 285 expressis
1799 243 1929 276 casibus

1188 299 1220 327 et
1255 294 1287 326 in
1324 295 1389 328 illis
1426 296 1511 328 ultra
1543 306 1638 328 unam
1679 296 1799 329 dietam
1824 308 1842 329 a
1866 295 1930 329 sine

1187 358 1263 380 suae
1296 348 1453 380 dioecesis
1489 348 1529 381 ad
1565 348 1719 382 iudicium
1756 353 1926 389 evocetur,

1187 411 1244 433 seu
1271 411 1310 434 ne
1332 401 1455 434 iudices
1478 407 1510 433 et
1534 407 1778 434 conservatores
1804 413 1821 435 a
1845 402 1929 435 Sede

1187 454 1329 496 praefata
1370 454 1534 496 deputati,
1572 460 1659 487 extra
1695 455 1856 487 civitatem
1898 461 1930 487 et

1187 505 1372 545 dioecesim,
1397 506 1428 538 in
1464 507 1583 548 quibus
1617 507 1763 549 deputati
1797 507 1927 546 suerint,

1187 564 1302 591 contra
1342 569 1567 602 quoscumque
1609 561 1790 603 procedere
1812 587 1818 599 ,
1862 560 1929 593 sive

1187 611 1240 643 alii
1266 612 1315 643 vel
1334 611 1406 643 aliis
1433 611 1519 644 vices
1546 623 1617 644 suas
1636 613 1852 652 committere,
1873 618 1930 645 aut

1187 663 1312 706 aliquos
1341 665 1427 696 ultra
1453 675 1547 696 unam
1570 665 1689 698 dietam
1711 677 1728 697 a
1753 666 1816 698 tine
1843 665 1931 698 dioe-

1187 716 1271 749 cesis
1306 718 1497 749 eorumdem
1534 718 1661 750 trabere
1696 724 1927 761 praesumant,

1187 780 1222 801 ac
1243 769 1283 802 de
1302 770 1426 802 duabus
1447 770 1543 803 dietis
1564 770 1596 802 in
1616 771 1754 804 concilio
1773 771 1931 813 generali,

1187 823 1363 855 dummodo
1390 824 1473 856 ultra
1508 829 1646 866 quatuor
1680 823 1782 857 dietas
1815 824 1932 867 aliquis

1188 876 1381 908 auctoritate
1408 878 1631 918 praesentium
1666 888 1731 910 non
1766 877 1930 915 trabatur,

1187 938 1242 960 seu
1281 929 1367 971 quod
1394 929 1432 961 de
1458 930 1530 962 aliis
1564 941 1660 972 quarn
1688 931 1727 963 de
1752 930 1932 963 manifestis

1188 981 1315 1013 iniuriis
1341 994 1376 1014 ac
1402 983 1442 1015 de
1475 983 1641 1015 violentiis
1679 989 1710 1015 et
1746 983 1817 1015 aliis
1850 993 1932 1026 quae

1188 1035 1373 1067 iudicialem
1399 1036 1571 1078 requirunt
1589 1036 1785 1078 indaginem,
1813 1035 1930 1079 poenis

1189 1087 1221 1118 in
1247 1097 1311 1127 eaS,
1337 1087 1362 1119 si
1390 1098 1485 1120 secus
1512 1089 1647 1131 egerint,
1679 1094 1710 1122 et
1735 1089 1766 1121 in
1792 1089 1823 1121 id
1856 1100 1932 1132 pro-

1189 1145 1348 1179 curanteS,
1375 1141 1520 1181 adiectis,
1540 1147 1788 1174 conservatores
1809 1152 1842 1175 se
1860 1143 1934 1175 nnl-

1190 1193 1318 1225 latenus
1354 1193 1592 1233 introinittant.;
1629 1205 1724 1237 quam
1758 1193 1830 1227 aliis
1864 1194 1934 1237 qui-

1190 1245 1391 1288 buscumque
1417 1246 1706 1279 constitutionibus
1732 1259 1750 1280 a
1776 1247 1932 1280 Romanis

1190 1298 1401 1331 Pontificibus
1413 1299 1719 1342 praedecessoribus
1734 1299 1853 1333 nostris
1868 1306 1932 1333 tam

1191 1352 1230 1384 de
1256 1351 1421 1384 iudicibus
1455 1352 1612 1395 delegatis
1638 1359 1669 1385 et
1693 1353 1931 1386 conservatori-

1191 1405 1271 1445 bus,
1299 1414 1394 1447 quam
1427 1405 1576 1447 personis
1609 1406 1693 1438 ultra
1725 1411 1847 1438 certum
1873 1416 1933 1438 nu-

1191 1468 1316 1489 merum
1343 1458 1382 1489 ad
1408 1457 1563 1490 iudicium
1588 1469 1652 1491 non
1685 1458 1859 1497 vocandis,
1879 1464 1934 1491 aut.

1191 1510 1274 1550 aliis,
1300 1510 1406 1550 editis,
1432 1521 1515 1553 quae
1540 1511 1756 1544 iurisdictioni
1783 1523 1799 1544 a
1825 1512 1933 1552 nobis,

1191 1569 1227 1595 ut
1250 1564 1433 1606 praefertur
1448 1590 1455 1603 ,
1480 1563 1658 1603 traditae¹,
1678 1571 1733 1597 aut
1756 1565 1932 1608 potestati,

1192 1617 1306 1660 iusque
1343 1616 1449 1650 libero
1491 1618 1647 1650 exercitio
1684 1617 1934 1660 quomodolibet

1191 1676 1329 1712 possent
1353 1669 1385 1702 in
1416 1670 1476 1703 hae
1498 1676 1591 1713 parte
1618 1672 1764 1711 obstare;
1792 1670 1932 1714 aliisque

1169 1722 1392 1765 .apostolicis,
1419 1723 1516 1755 etiarn
1542 1723 1573 1755 in
1607 1723 1864 1766 provincialibus
1903 1728 1935 1756 et

1169 1809 1171 1813 ¹
1192 1776 1402 1817 synodalibus
1427 1775 1575 1808 conciliis
1601 1777 1707 1813 editis,
1734 1775 1934 1818 specialibus

1170 1829 1240 1875 ,vel
1268 1829 1487 1869 generalibus,
1513 1827 1801 1860 constitutionibus
1827 1833 1859 1860 et
1885 1838 1935 1861 or-

1170 1883 1171 1917 }
1193 1880 1413 1912 dinationibus
1438 1881 1640 1922 apostolicis,
1666 1891 1794 1914 necnon
1821 1880 1936 1913 Tarra-

1193 1932 1354 1972 conensis,
1365 1933 1708 1973 llerde11sis‚Vicensis‚
1720 1933 1934 1976 Urgellensis,

1170 1981 1171 2018 ἶ
1193 1985 1410 2025 Dei-trisensis,
1436 1984 1670 2025 Gerundensis,
1693 1986 1937 2019 Barchinonen-

407 2039 516 2072 omnia
542 2044 574 2071 et
598 2039 746 2081 singula,
774 2050 855 2081 quae
881 2051 899 2072 a
928 2040 1027 2071 sacris
1055 2047 1172 2072 cano-¹¹

1193 2039 1247 2077 sis,
1266 2049 1302 2071 ao
1327 2038 1531 2071 Celsonensis
1549 2039 1758 2072 ecclesiarum
1774 2040 1937 2082 praefata-

1193 2102 1273 2131 rum,
1289 2097 1321 2124 et
1335 2092 1593 2131 universitatum,
1610 2102 1645 2124 ac
1660 2093 1886 2135 collegiorum,
1903 2099 1936 2125 ut

1193 2145 1397 2188 praefertur,
1433 2145 1597 2177 unitarum
1637 2151 1668 2177 et
1706 2146 1936 2178 translatorum

1194 2197 1398 2236 huiusmodi,
1424 2197 1520 2230 etiarn
1547 2198 1738 2236 iuramento,
1765 2198 1937 2230 contii-ma-

1194 2252 1280 2283 tione
1299 2250 1490 2293 apostolimi,
1505 2251 1553 2283 vel
1573 2251 1683 2293 quavis
1701 2251 1852 2283 firmitate
1875 2251 1937 2284 alia

1194 2304 1368 2341 roboratis,
1395 2304 1573 2346 respective
1600 2304 1728 2336 statutis
1749 2309 1780 2336 et
1797 2315 1938 2337 consue-

1194 2356 1371 2394 tudinibus,
1392 2356 1572 2398 privilegiis
1591 2367 1734 2399 quoque,
1754 2357 1888 2389 indultis
1906 2363 1938 2389 et

1193 2409 1311 2442 litteris
1337 2408 1526 2452 apostolicis
1552 2409 1732 2451 respective
1757 2410 1804 2441 eis
1829 2415 1860 2441 et
1890 2420 1938 2442 ea·

1171 2473 1264 2495 ‚rum
1289 2473 1325 2494 ac
1351 2473 1464 2495 eorum
1492 2463 1639 2500 cuilibet,
1665 2473 1701 2495 ac
1726 2462 1848 2496 eisdem
1867 2462 1938 2495 Tar-

1197 2515 1382 2555 raconensi,
1398 2515 1566 2554 Ilei-densi,
1580 2515 1720 2552 Vieensi,
1737 2515 1935 2558 Urgellensi,

1235 2579 1245 2604 1
1269 2576 1338 2604 Edit.
1361 2576 1440 2603 Main.
1462 2577 1527 2612 legit
1547 2577 1657 2604 tradita
1677 2583 1778 2610 ι,ιι.τ.).

1935 197 1988 221 An.
2005 197 2034 222 C.
2057 196 2124 224 1730
