2182 3137
66 179 103 207 Ἀιι
132 180 160 205 C.
187 180 251 206 1730

139 2148 251 2175 nepotatio

71 2179 212 2196 executor-um.

891 178 1033 201 CLEMENS
1058 178 1100 200 ΧΗ
1127 179 1173 202 Pr.

262 228 347 268 fatis,
374 228 498 260 etiamsi
537 227 575 260 de
612 227 734 259 eisdem
766 226 1004 269 praesentibus,

263 290 439 324 earumque
458 286 525 313 toto
545 285 661 313 tenore
687 284 719 312 et
743 279 814 312 data
840 279 1003 321 specialis,

264 333 426 377 specifica,
455 344 610 376 expressa
635 338 667 365 et
693 332 861 365 individua
881 332 1005 364 mentio

263 385 325 426 siat,
341 386 596 429 comprehendi·,
611 386 679 425 sed,
696 391 859 428 tamquam
875 385 913 417 ad
930 384 1004 417 fidei

264 439 443 472 catholicae
470 445 501 472 et
527 439 625 471 divini
652 440 759 471 cultus
786 439 941 474 favorem.
969 448 1005 469 ac

263 490 423 532 publicam
455 489 627 522 utilitatem
654 495 684 522 et
709 491 846 522 salutem
874 499 1006 521 conces-

261 554 322 581 sas,
347 553 476 586 semper
500 543 621 575 validas
648 548 680 574 et
704 542 848 575 efficaces
874 552 946 574 esse
973 547 1005 574 et

262 596 342 635 fore,
371 606 511 638 suosque
530 596 697 638 plenarios
717 601 749 627 et
766 595 914 637 integros
934 593 1007 627 etfe·

263 655 332 681 etus
358 649 467 681 sortiri
495 654 526 680 et
551 648 702 680 obtinere
720 648 852 686 debere,
872 658 908 680 ac
927 657 1006 690 quo-

263 702 322 735 ties
343 702 416 735 illae
438 702 647 740 emanabant,
668 702 762 734 toties
779 701 810 733 in
830 701 1005 744 pristinum

263 761 293 788 et
312 766 384 788 eum
404 756 436 788 in
452 766 515 798 quo
533 761 626 786 antea
646 754 893 797 quomodolibet
912 759 1006 786 erant

262 814 381 841 statum
407 809 592 848 restitutas,
620 808 780 851 repositas
802 813 833 840 et
857 807 1005 851 plenarie

262 861 483 904 reintegratas‚
503 872 538 893 ac
564 862 603 893 de
630 871 712 894 novo
739 861 835 893 etiam
855 860 913 892 sub
931 871 1005 903 qua-

261 926 402 959 cumque
446 915 618 958 posteriori
660 915 732 947 data
777 925 834 957 per
877 914 1006 946 schola-

261 968 395 1007 sticum,
421 968 610 1008 scholareS,
643 968 832 1009 magistros,
859 968 1004 1005 lectores,

261 1027 512 1065 praeceptores,
539 1022 702 1056 doctores,
729 1021 888 1059 1111101105,
908 1021 1006 1053 alios-
1027 1018 1029 1025 '

262 1086 324 1119 que
352 1075 517 1108 ministros
544 1075 710 1118 prat-‚fatae
740 1074 961 1106 universitatis
990 1086 1005 1105 a

261 1128 407 1171 praefato
425 1127 577 1170 Philippo
593 1139 669 1170 rege
689 1133 725 1159 ut
743 1128 925 1170 praefertur
942 1137 1006 1159 erc-

263 1187 332 1214 ctae
350 1187 382 1214 et
399 1181 552 1213 fundatae
572 1187 602 1213 et
624 1193 641 1212 a
663 1180 757 1213 nobis
777 1191 834 1223 per
854 1190 1006 1222 praesen-

262 1240 309 1267 tes
327 1235 424 1267 etiam
444 1241 478 1266 ut
500 1234 684 1277 praefertur
701 1234 901 1277 approbatae
920 1244 1007 1265 nunc

262 1293 294 1320 et
314 1298 372 1331 pro
399 1291 546 1330 tempore
572 1288 748 1320 existentes
775 1288 944 1330 praefatos,
971 1297 1007 1319 ae

262 1341 342 1375 alios
368 1351 451 1384 quos
476 1340 626 1373 eaedem¹
654 1346 845 1383 praesentes
870 1351 1007 1372 concer-

262 1400 360 1435 nent,
387 1395 663 1438 quandocumque
690 1394 852 1436 eligenda,
874 1404 1002 1426 eonces-

262 1459 314 1481 sas
337 1459 425 1489 esse;
451 1448 563 1491 sicque
585 1453 617 1480 et
637 1458 700 1480 non
720 1447 799 1480 alias
826 1458 885 1490 per
909 1458 1007 1490 quos-

263 1512 404 1545 cumque
426 1501 548 1534 iudices
575 1500 759 1534 ordinarios
780 1506 809 1533 et
836 1500 1005 1542 delegatos

263 1555 375 1598 quavis
399 1554 594 1587 auctoritate
615 1554 797 1596 fungentes,
815 1553 911 1585 etiam
933 1563 1006 1584 cau-

261 1617 368 1640 sarum
394 1606 504 1650 palatii
537 1606 708 1649 apostolici
745 1606 911 1638 auditores
931 1633 937 1645 ,
972 1616 1007 1637 ae

262 1661 427 1704 praefatae
442 1659 562 1692 S.R.E.
581 1659 774 1695 cardinales,
789 1659 886 1691 etiam
905 1659 943 1692 de
963 1660 1006 1691 13-

263 1720 330 1747 1010
348 1715 481 1756 legatos‚
498 1713 706 1754 vicelegatos,
724 1713 894 1755 dictaeque
913 1712 1005 1745 Sedis·

262 1767 420 1806 nuncios,
448 1767 574 1799 sublata
601 1767 647 1798 eis
673 1771 703 1797 et
729 1776 841 1797 esu-um
872 1765 1030 1798 cuilibet‘

262 1820 375 1863 quavis
394 1820 488 1852 aliter
513 1819 687 1855 iudicandi,
709 1819 884 1851 deliniendi
912 1824 942 1850 et
964 1819 1006 1850 in-
1028 1821 1030 1860 J

263 1873 462 1917 terpretandi
484 1872 642 1911 facultate,
661 1872 806 1908 iudicari,
827 1872 953 1904 definiri
977 1877 1007 1903 et

262 1926 473 1969 interpretari
501 1925 642 1964 debere,
671 1930 701 1956 et
726 1924 885 1967 quidquid
912 1935 1006 1956 secus

263 1989 361 2021 super
388 1979 437 2010 1115
463 1990 479 2010 3
505 1988 690 2021 quoquam,
727 1977 836 2020 quavis
869 1967 1031 2022 auctori-2

262 2038 339 2073 tate,
366 2032 509 2064 scienter
532 2032 579 2064 vel
607 2031 809 2073 ignoranter,
834 2030 1008 2073 eontigerit
1029 2067 1031 2069 ,

1029 2090 1031 2101 ¹
1053 2083 1201 2126 personis·
1217 2082 1429 2125 quibuslibet,
1446 2093 1546 2125 super
1560 2082 1791 2124 assignatione,

263 2085 427 2124 attentari,
457 2085 580 2116 irritum
609 2091 640 2117 et
666 2085 760 2116 inane
787 2084 1004 2117 decernimus.

308 2142 322 2182 g*
354 2139 407 2171 45.
443 2138 598 2176 Quocirca
633 2137 874 2170 venerabilibus
905 2135 1030 2169 113111-1

263 2193 322 2225 bus
347 2192 466 2225 nostris
492 2191 744 2234 archiepiscopo
769 2191 1006 2223 Tarraconensi

265 2252 295 2278 et
321 2245 478 2289 episcopo
510 2244 733 2284 Getwindensi,
767 2255 802 2275 ae
827 2244 948 2276 dilecto
975 2244 1007 2274 fi-

266 2299 309 2331 lio
342 2298 536 2331 scholastico
573 2297 790 2330 universitatis
817 2308 833 2329 a
858 2297 1006 2339 praefato

265 2351 419 2395 Philippo
447 2361 520 2393 rege
546 2357 579 2382 ut
605 2351 787 2393 praefertur
815 2355 941 2383 erectae
975 2355 1008 2382 et

267 2405 420 2437 fundatae
461 2410 493 2436 et
529 2415 545 2436 a
584 2404 677 2436 nobis
717 2414 776 2446 per
815 2409 1005 2446 praesentes

267 2458 364 2490 etiam
386 2464 420 2489 ut
451 2458 634 2500 praefertur
656 2457 855 2500 approbatae
881 2456 1007 2498 praefa-

1686 172 1748 204 0209

1051 236 1109 267 per
1133 228 1314 269 apostolica
1335 228 1456 271 scripta
1482 229 1690 266 mandamus,
1713 239 1791 271 qua-

1051 283 1145 310 tenus
1170 279 1230 322 ipsi
1257 286 1287 312 et
1305 291 1418 313 eorum
1438 282 1585 324 quilibet,
1605 292 1663 324 per
1679 292 1722 320 se,
1741 282 1790 314 vel

1051 331 1162 371 alium,
1186 343 1243 365 seu
1265 333 1358 373 alios,
1376 335 1498 367 etiamsi
1525 335 1589 367 sint
1607 340 1696 368 extra
1721 335 1792 367 loca

1050 383 1082 414 in
1109 384 1226 426 quibus
1259 386 1405 429 deputati
1437 394 1514 419 sunt
1545 393 1791 420 conservatores

1050 442 1082 468 et
1106 437 1254 476 iudices,
1288 439 1367 481 ipsis
1404 440 1622 472 universitatis
1653 451 1669 472 a
1699 451 1791 483 prae-

1051 489 1114 522 fato
1134 490 1287 534 Philippo
1309 499 1438 533 regent
1463 495 1646 535 praefertur
1663 498 1790 526 erectae

1051 548 1082 575 et
1113 543 1262 576 fundatae
1290 550 1321 575 et
1346 555 1362 576 a
1395 546 1489 577 nobis
1519 557 1578 588 per
1603 552 1792 589 praesentes

1051 595 1146 628 etiam
1174 601 1208 628 ut
1233 597 1417 639 praefertur
1443 600 1641 641 approbatae
1679 600 1791 631 docto-

1051 649 1152 689 ribus,
1171 650 1346 692 magistris,
1366 651 1552 692 lectoribus⁷
1574 652 1790 692 scholaribus,

1052 702 1192 742 bidellis,
1227 703 1363 745 aliisque
1396 703 1616 737 universitatis
1647 716 1663 737 a
1699 715 1792 747 prae-

1051 755 1114 787 fato
1132 755 1285 798 Philippo
1306 766 1382 797 rege
1412 762 1444 788 111
1460 757 1640 798 111301011111
1665 762 1791 789 erectae

1050 813 1080 841 et
1106 809 1257 842 fundatae
1290 815 1321 841 et
1346 820 1361 841 a
1387 809 1481 842 nobis
1512 820 1569 852 per
1600 816 1792 852 praesentes

1052 861 1148 894 etiam
1179 867 1213 893 ut
1239 862 1425 905 praefertur
1453 862 1653 905 approbatae
1684 863 1793 895 liuius-

1050 916 1137 947 modi
1163 915 1319 948 ministris
1346 921 1377 947 et
1403 915 1551 958 personis
1578 915 1715 947 efficacis
1741 916 1794 948 de-

1052 969 1209 1002 fensionis
1236 969 1401 1012 praesidio
1420 969 1620 1008 assistentes,
1640 980 1705 1001 non
1724 980 1794 1012 per-

1050 1023 1179 1055 mittant
1204 1034 1259 1055 eos
1285 1033 1383 1065 super
1412 1022 1637 1061 libertatibus,
1662 1023 1792 1065 privile—

1051 1077 1121 1119 giis,
1139 1077 1272 1109 indultis
1294 1081 1325 1108 et
1350 1077 1452 1115 bonis,
1471 1076 1568 1108 rebus
1595 1088 1629 1108 ac
1655 1077 1791 1116 iuribus,

1051 1131 1089 1163 ad
1116 1131 1203 1173 ipsas
1229 1129 1449 1162 communiter
1482 1131 1532 1162 vel
1566 1130 1692 1162 divisim
1719 1141 1793 1173 spe-

1050 1183 1233 1222 ctantibus,
1255 1193 1273 1215 a
1294 1182 1462 1225 quibusvis
1482 1182 1627 1215 indebite
1647 1184 1793 1216 molesta-

1050 1237 1092 1276 ri,
1118 1238 1167 1270 vel
1194 1237 1240 1269 eis
1266 1236 1469 1279 gravamina,
1497 1237 1627 1276 damna,
1653 1237 1719 1269 sive
1745 1238 1790 1269 in-

1051 1291 1150 1323 iurias
1176 1290 1339 1332 irrogari,
1372 1295 1428 1322 aut
1454 1290 1638 1332 privilegia,
1665 1301 1794 1323 conces-

1050 1345 1160 1376 siones
1186 1350 1216 1376 et
1234 1343 1361 1376 indulta
1380 1343 1569 1376 huiusmodi
1591 1343 1725 1386 infringi
1743 1345 1792 1377 vel

1050 1396 1235 1440 impugnari
1268 1406 1399 1439 quoquo
1431 1397 1547 1435 modo,
1577 1397 1691 1428 futuris
1721 1397 1793 1428 nni-

1050 1450 1212 1483 versitatis
1239 1460 1255 1480 a
1281 1449 1427 1492 praefato
1452 1449 1606 1492 Philippo
1645 1460 1720 1492 rege
1757 1455 1794 1481 ut

1051 1502 1234 1544 praefertur
1261 1505 1391 1533 erectae
1419 1505 1449 1531 et
1475 1501 1625 1533 fundatae
1644 1506 1674 1531 et
1697 1512 1714 1533 a
1735 1512 1792 1534 no·

1050 1555 1098 1587 1115
1125 1565 1182 1597 per
1206 1558 1394 1596 praesentes
1428 1553 1522 1585 etiam
1549 1558 1583 1584 ut
1607 1554 1794 1596 praefertur

1050 1607 1248 1650 approbatae
1274 1606 1437 1648 praefatae
1464 1606 1663 1644 doctoribus,
1693 1608 1794 1639 lecto-

1051 1660 1154 1699 ribus,
1181 1659 1364 1701 magistris,
1392 1659 1615 1698 scholaribus,
1641 1660 1790 1700 bidellis,

1051 1714 1189 1756 aliisque
1205 1712 1426 1745 universitatis
1444 1723 1461 1744 a
1478 1713 1621 1755 praefato
1640 1713 1792 1756 Philippo

1053 1776 1129 1808 rege
1155 1771 1190 1797 111
1218 1766 1402 1808 praefertur
1426 1770 1555 1797 erectae
1583 1770 1615 1797 et
1640 1766 1791 1798 fundatae

1051 1824 1080 1851 et
1100 1830 1115 1851 a
1134 1818 1228 1851 nobis
1247 1829 1304 1860 per
1322 1823 1512 1860 praesentes
1532 1818 1627 1849 etiam
1649 1823 1681 1849 ut
1704 1829 1793 1861 prae·

1053 1872 1154 1903 fertur
1180 1871 1378 1914 approbatae
1414 1871 1598 1903 huiusmodi
1636 1871 1792 1902 ministris

1052 1930 1081 1956 et
1107 1924 1278 1967 personis,
1304 1934 1375 1955 cum
1401 1923 1440 1955 ab
1478 1923 1524 1955 eis
1561 1924 1609 1955 vel
1648 1923 1791 1966 ipsorum

1052 1977 1160 2020 aliquo
1186 1982 1241 2008 aut
1266 1987 1378 2008 eorum
1399 1976 1669 2019 procuratoribus
1694 1987 1794 2018 super

1054 2030 1102 2061 1115
1120 2030 1266 2072 requisiti
1287 2029 1401 2061 fuerint
1419 2029 1456 2061 de
1473 2029 1659 2074 praedictis,
1675 2035 1706 2062 et
1723 2029 1792 2062 aliis

1053 2137 1268 2169 translatione
1286 2136 1444 2168 dit-torum
1464 2135 1678 2177 collegiorum
1701 2146 1717 2167 a
1737 2146 1791 2168 no-

1052 2191 1101 2223 bis
1120 2191 1159 2223 ad
1177 2190 1418 2222 universitatem
1438 2200 1454 2221 a
1476 2189 1622 2231 praefato
1642 2188 1791 2230 Philippo

1052 2255 1129 2287 rege
1165 2250 1199 2276 ut
1224 2244 1409 2287 praefertur
1441 2247 1583 2274 erectam
1622 2248 1652 2274 et
1681 2242 1792 2274 funda—

1053 2303 1115 2330 tam
1144 2302 1175 2330 et
1205 2309 1221 2329 a
1255 2296 1348 2328 nobis
1382 2306 1440 2338 per
1472 2300 1663 2338 praesentes
1697 2294 1790 2327 etiam

1050 2357 1083 2383 111
1120 2351 1305 2394 praefertur
1340 2349 1551 2392 approbatam
1589 2347 1790 2389 praefatam,

1050 2404 1248 2446 illorumque
1275 2402 1456 2446 respective
1480 2401 1642 2433 bonorum
1680 2410 1717 2432 ac
1742 2410 1791 2432 re-

1051 2468 1119 2489 rum
1146 2463 1177 2489 et
1203 2457 1321 2488 iurium
1349 2455 1566 2497 praefatorum
1593 2459 1623 2486 et
1653 2453 1791 2486 aliorum

266 2517 327 2552 tae,
353 2520 439 2543 nunc
464 2516 495 2542 et
520 2520 579 2553 pro
606 2515 752 2551 tempore
778 2509 1005 2549 existentibus,
1051 2511 1096 2543 eis
1122 2520 1209 2542 nunc
1234 2518 1464 2541 concessorum
1492 2512 1524 2539 et
1555 2517 1614 2550 pro
1648 2511 1792 2549 tempore

304 2576 312 2600 l
339 2573 408 2600 Edit.
430 2573 502 2599 Main
524 2571 588 2607 legit
607 2571 706 2598 eadem
726 2572 764 2605 (R.
782 2578 830 2597 τ.1.

335 2627 414 2654 Bull.
436 2626 518 2652 Rom.
543 2641 573 2645 —
598 2625 657 2652 Vol.
682 2624 790 2651 XXIII.
954 2624 986 2651 ⁶27

1051 2562 1334 2596 concedendorum
1372 2559 1625 2600 observatione,
1664 2568 1791 2591 necnon

1801 184 1847 203 1111,
1865 182 1891 203 ¹2.
1918 180 1989 205 ¹730
