2182 3137
213 275 260 299 An.
281 271 392 299 <24:32
438 262 501 295 0:30

221 344 224 354 ·
244 342 280 354 m·
313 321 431 360 psalm-S.
456 319 587 349 Casiniiri
610 323 728 349 manent
751 319 880 359 quinque
902 322 1073 355 conventus,
1099 317 1140 347 vi·

260 978 393 998 Cantirnmiio

214 1006 289 1024 «tunsio
306 1008 324 1024 cl
341 1011 385 1024 nov*

256 1038 261 1042 “
283 1039 292 1048 ἸΙ

266 2471 409 2491 Pranzentium

230 2499 344 2518 litterarum
377 2498 410 2517 tir-

230 2528 297 2544 nulus.

405 369 528 398 delicet:
554 368 759 397 Posnaniensis
783 367 836 397 sub
861 367 943 397 titulo
969 366 1013 396 Ss.
1038 366 1140 405 loseph

405 422 431 447 et
453 417 618 453 Tlieresiae,
643 416 789 446 vitm—usis
811 420 930 446 sanctae
961 415 1061 444 matris
1093 425 1142 444 no-

404 471 479 495 strae
502 466 666 501 Tlicresiae‚
701 465 900 495 Yarsaviensis
926 464 1142 503 Assumptionis

405 515 436 544 n.
454 515 560 544 Mariae
577 515 705 553 Virginis
728 519 755 544 et
773 515 802 544 S.
820 514 934 553 loseph,
952 513 1142 543 Glembocen-

405 565 443 592 sis
467 563 683 602 Assuniptionis
706 563 736 592 B.
761 563 866 592 Mariae
889 563 1027 600 Virginis,
1051 562 1141 592 Grod-

405 612 503 641 nensis
535 612 713 647 serat-153
749 612 922 642 residentiae
956 621 1023 641 vero
1056 611 1140 648 duae,

405 661 543 690 nimirum
567 661 724 691 Cannensis
756 661 819 691 lesu
850 661 954 691 Mariae
976 666 1004 691 et
1026 661 1140 700 Ioseph,

404 709 575 739 Laviliensis
591 715 706 740 sanctae
723 712 823 740 matris
840 715 954 740 nostrae
967 710 1140 744 Tlieresiae;

405 759 573 788 monialium
597 764 692 789 autem
717 764 785 798 tres,
809 760 920 790 seilicet
943 759 1142 789 Yarsaviensis
1162 772 1163 775 ¹

405 808 620 846 Assumptionis
636 809 667 838 B.
686 809 790 838 Mariae
807 809 946 847 Virginis,
966 809 1143 839 Posnanien-

405 857 443 886 sis
475 857 506 886 B.
530 857 635 887 Mariae
659 857 785 896 Virginis
818 858 853 888 de
883 858 976 887 Monte
999 857 1140 892 Caruielo,

404 905 551 935 Vilnensis
573 910 690 936 sanctae
714 906 816 936 matris
838 911 953 936 nostrae
975 905 1140 936 Tlieresiae.
1161 904 1164 911 ’

448 956 462 996 ,ξ
486 954 517 986 ἐξ.
545 954 620 987 Cum
647 960 765 995 autem,
793 955 876 987 sicut
901 955 1013 987 eadem
1044 964 1143 997 expo-

405 1006 479 1039 sitio
504 1007 740 1049 subiungebat,
767 1008 835 1051 ipse
861 1012 1056 1050 procurator
1088 1017 1143 1049 ge-

406 1061 525 1093 neralis
541 1061 727 1104 praemissa,
743 1072 807 1104 quo
825 1061 950 1093 firmius
965 1060 1143 1093 subsistant

406 1125 442 1146 ac
467 1122 635 1148 serventur
659 1116 817 1155 exactius,
843 1115 1040 1158 apostolicae
1066 1124 1142 1147 con-

405 1167 596 1200 firmationis
631 1173 761 1201 nostrae
787 1168 970 1211 patrocinio
996 1177 1141 1201 commu-

405 1220 465 1252 niri
492 1231 696 1264 summopere
722 1221 904 1254 desideret:
930 1232 998 1260 nos,
1019 1221 1141 1253 dietum

405 1280 648 1316 procuratorem
671 1276 855 1317 generalem
879 1274 1078 1318 specialibus
1101 1274 1143 1306 sa-

405 1327 536 1360 voribus
562 1333 593 1360 et
616 1329 727 1371 gratiis
753 1329 907 1372 prosequi
933 1329 1092 1368 volentes,
1112 1333 1143 1360 et

406 1392 423 1413 a
448 1381 613 1424 quibusvis
631 1381 988 1422 excommunicationis,
1008 1390 1144 1424 suspen-

407 1434 505 1467 sionis
530 1440 562 1467 et
586 1434 763 1475 interdicti,
791 1434 927 1478 aliisque
950 1434 1145 1468 ecclesiasti-

407 1487 451 1520 cis
477 1487 659 1529 sententiis,
680 1489 828 1521 censuris
847 1494 878 1521 et
894 1488 1021 1532 poenis,
1041 1499 1057 1521 a
1075 1488 1143 1521 iure

407 1542 455 1574 vel
490 1542 528 1574 ab
566 1542 723 1584 homine,
751 1542 860 1586 quavis
898 1542 1069 1576 occasione
1095 1543 1144 1575 vel

408 1597 503 1627 causa
539 1595 611 1628 latis
630 1622 637 1636 ,
676 1596 701 1628 si
742 1595 858 1639 quibus
897 1595 1146 1639 quomodolibet

408 1648 582 1682 innodatus
621 1648 752 1689 existit,
790 1649 830 1681 ad
866 1648 1014 1682 ell'ectum
1052 1658 1147 1691 prae-

409 1702 549 1734 sentium
581 1702 744 1735 dumtaxat
768 1702 1034 1745 consequendum
1052 1729 1059 1742 ‚
1091 1702 1147 1734 lia-

412 1768 480 1789 rum
526 1757 611 1789 serie
649 1757 856 1789 absolventes
895 1761 927 1787 et
961 1756 1146 1788 absolutum

412 1811 480 1843 fore
509 1815 709 1850 censenteS,
750 1809 1042 1853 supplicationibus
1081 1808 1148 1840 eius

411 1864 544 1896 nomine
562 1863 657 1896 nobis
679 1873 778 1907 super
797 1863 858 1896 boc
880 1862 1049 1895 humiliter
1073 1872 1149 1905 por-

412 1917 510 1950 rectis
530 1916 687 1958 inclinati,
716 1917 882 1950 decretum
901 1916 1148 1959 praeinsertum‚

413 1981 429 2003 a
450 1975 625 2003 memorato
651 1970 792 2014 capitulo
810 1969 954 2012 generali
972 1968 1097 2008 sactum,
1117 1974 1152 2001 ut

414 2025 607 2068 praefertur,
630 2035 700 2057 cum
721 2023 872 2057 omnibus
899 2029 930 2057 et
955 2023 1092 2066 singulis
1119 2023 1150 2055 in

416 2090 453 2111 eo
480 2079 653 2119 contentis,
680 2077 873 2111 auctoritate
900 2077 1152 2121 apostolicz⁴1‚te-

415 2142 492 2165 nore
507 2131 739 2175 praesentium,
754 2131 982 2164 confirmamus
994 2135 1026 2163 et
1037 2141 1153 2173 appro-

416 2186 530 2218 bamus
548 2212 556 2225 ‚
583 2185 696 2228 illique
730 2183 924 2217 inviolabilis
955 2183 1154 2227 apostolicae

418 2238 578 2271 firmitatis
607 2239 706 2271 robur
731 2237 915 2278 adiicimus,
934 2247 968 2270 ac
995 2247 1107 2270 omnes
1124 2242 1154 2269 et

418 2293 561 2335 singulos
587 2293 666 2325 iuris
693 2298 724 2325 et
749 2292 822 2324 sacti
849 2292 1020 2331 desectus,
1047 2291 1071 2323 si
1099 2291 1153 2333 qui

419 2346 559 2389 desuper
599 2346 846 2389 quomodolibet
890 2344 1154 2384 intervenerint,

419 2401 621 2443 supplemus.

464 2455 478 2496 ξ
502 2454 534 2486 3.
553 2454 781 2493 Decernentes,
808 2453 938 2485 easdem
964 2458 1155 2496 praesentes

421 2506 543 2539 litteras
567 2517 696 2550 semper
721 2506 839 2545 firmas,
861 2506 982 2540 validas
1001 2511 1033 2539 et
1052 2506 1156 2539 effica-

422 2571 472 2593 ces
498 2560 636 2593 existere
662 2566 693 2593 et
719 2561 799 2601 sore,
824 2570 964 2604 suosque
991 2560 1157 2603 plenarios

423 2620 455 2646 et
478 2614 621 2655 integros
647 2613 778 2647 effectus
804 2614 916 2647 sortiri
941 2619 971 2646 et
996 2614 1156 2654 obtinere,

423 2678 459 2700 ac
480 2667 553 2707 illis,
569 2667 607 2700 ad
618 2678 699 2710 quos
713 2673 836 2711 spectat
863 2673 894 2700 et
920 2678 978 2711 pro
1010 2672 1156 2711 tempore

986 268 1166 292 BULLARIUM
1192 268 1345 292 ROMANUM

1183 316 1364 360 spectabit,
1391 316 1422 348 in
1460 315 1611 348 omnibus
1648 319 1679 348 et
1718 325 1776 358 per
1813 314 1920 348 omnia

1185 370 1372 414 plenissime
1398 367 1577 411 suffragari,
1604 373 1635 401 et
1662 369 1701 401 ab
1727 368 1773 401 eis
1801 378 1916 411 respe-

1184 424 1267 456 ctive
1320 422 1552 455 inviolabiliter
1592 421 1783 461 observari,
1809 421 1920 465 sicque

1161 476 1215 508 *in
1246 475 1431 520 praemissis
1467 486 1525 518 per
1555 485 1774 518 quoscumque
1797 474 1920 507 iudices

1184 529 1368 562 ordinarios
1403 534 1433 561 et
1465 529 1656 571 delegatos,
1682 528 1778 561 etiam
1811 539 1921 561 causa-

1186 593 1255 614 rum
1282 582 1392 624 palatii
1423 581 1592 624 apostolici
1620 581 1805 619 auditores,
1840 581 1922 613 iudi-

1184 635 1247 668 cari
1286 641 1317 668 et
1352 634 1479 667 definiri
1500 635 1644 674 debere,
1674 646 1709 667 ae
1737 634 1863 666 irritum
1890 639 1923 666 et

1185 689 1281 720 inane
1315 689 1340 720 si
1374 699 1465 721 secus
1498 699 1597 731 super
1622 688 1673 720 his
1698 699 1715 720 a
1740 698 1922 731 quoquam,

1186 742 1297 784 quavis
1333 740 1548 781 auctoritate,
1576 740 1721 774 scienter
1749 740 1799 773 vel
1832 740 1921 783 igno-

1185 799 1308 833 ranter,
1334 793 1510 836 contigerit
1536 793 1699 826 attentari.

1229 847 1243 890 ξ
1268 846 1300 879 4.
1321 846 1390 879 Νοη
1409 847 1613 880 obstantibus
1632 846 1923 880 constitutionibus
1936 883 1947 903 a

1187 906 1218 932 et
1242 899 1502 933 ordinationibus
1541 900 1752 944 apostolicis,
1779 910 1922 940 necnon,
1952 890 2054 909 “’““”“’“’“

1186 959 1347 996 quatenus
1365 964 1445 997 opus
1466 954 1519 994 sit,
1538 954 1667 987 Ordinis
1685 965 1721 987 ae
1738 953 1924 998 provinciae

1187 1008 1350 1048 Polonae,
1390 1013 1607 1041 conventuum
1645 1013 1677 1041 et
1713 1008 1925 1041 monasterio·

1186 1072 1255 1094 rum
1294 1062 1559 1105 praedictorum,
1595 1062 1707 1095 aliisve
1747 1061 1924 1105 quibusvis,

1185 1115 1280 1148 etiam
1307 1115 1501 1155 iuramento,
1529 1115 1774 1148 confirmatione
1800 1121 1928 1158 aposto·

1186 1168 1261 1209 lica,
1290 1170 1337 1201 vel
1364 1168 1475 1212 quavis
1499 1168 1649 1202 firmitate
1675 1169 1736 1201 alia
1758 1169 1927 1209 roboratis,

1184 1223 1311 1255 statutis
1348 1228 1380 1255 et
1415 1222 1723 1262 consuetudinibus,
1749 1222 1928 1265 privilegiis

1186 1287 1337 1320 quoque,
1370 1276 1504 1309 indultis
1531 1282 1562 1316 et
1590 1276 1707 1310 litteris
1741 1275 1929 1320 apostolicis

1185 1330 1218 1362 in
1232 1330 1431 1363 contrarium
1447 1330 1703 1373 praemissorum
1725 1330 1930 1374 quomodoli-

1186 1383 1240 1417 bet
1265 1384 1438 1423 concessis,
1458 1383 1656 1417 confirmatis
1683 1389 1713 1417 et
1741 1383 1928 1424 innovatis·,

1186 1438 1305 1481 quibus
1332 1438 1482 1471 omnibus
1506 1443 1537 1471 et
1563 1437 1712 1480 singulis,
1733 1437 1864 1471 illorum
1882 1443 1929 1470 te-

1187 1502 1283 1525 nores
1309 1492 1538 1535 praesentibus
1564 1502 1625 1536 pro
1650 1493 1748 1535 plene
1778 1496 1809 1525 et
1844 1491 1931 1524 suffi-

1187 1546 1312 1579 cienter
1330 1545 1491 1590 expressis
1517 1556 1553 1578 ac
1577 1546 1617 1578 ad
1644 1545 1778 1578 verbum
1802 1545 1932 1579 insertis

1187 1599 1353 1640 habentes,
1380 1599 1443 1632 illis
1467 1599 1547 1632 alias
1572 1598 1605 1631 in
1631 1609 1688 1632 suo
1715 1599 1834 1632 robore
1858 1609 1933 1642 per-

1189 1653 1368 1691 mansuris,
1396 1653 1433 1685 ad
1467 1652 1727 1696 praemissorum
1763 1651 1932 1690 ess'ectum,

1188 1706 1248 1739 hac
1262 1706 1329 1740 vice
1345 1707 1518 1747 dumtaxat,
1533 1707 1721 1750 specialiter
1735 1711 1766 1739 et
1778 1716 1931 1749 expresse

1190 1761 1408 1803 derogamus,
1434 1760 1616 1804 ceterisque
1649 1760 1823 1794 contrariis
1860 1759 1932 1803 qui—

1190 1813 1403 1857 buscumque.

1236 1868 1349 1900 Datum
1376 1868 1511 1907 Romae,
1533 1867 1620 1911 apud
1638 1867 1670 1900 S.
1691 1866 1822 1900 Mariam
1841 1866 1934 1899 Maio-

1193 1932 1268 1961 rem,
1288 1921 1348 1954 sul)
1366 1922 1486 1954 annulo
1510 1920 1694 1961 Piscatoris,
1718 1920 1770 1953 die
1792 1929 1835 1953 vn
1855 1919 1933 1952 iunii

1192 1984 1391 2015 Moccxxxlv,
1418 1974 1632 2018 pontificatus
1649 1973 1755 2007 nostri
1781 1984 1866 2007 anno
1891 1983 1932 2006 iv.

1229 2037 1292 2065 Dat.
1314 2037 1358 2064 die
1381 2037 1394 2064 7
1416 2037 1484 2063 iunii
1505 2037 1587 2072 1734,
1609 2037 1710 2072 pontif.
1733 2045 1805 2064 anno
1825 2043 1862 2063 lv.

1481 2091 1515 2124 F.
1543 2091 1632 2124 card.
1660 2090 1844 2124 Ouvssmus.

1483 2191 1645 2251 cx'xxilx'.

1199 2289 1444 2332 Consirnzanlnr
1466 2288 1631 2322 nonnulla
1654 2287 1780 2321 decreta
1814 2288 1851 2321 in
1886 2298 1937 2323 ca-.

1241 2343 1346 2386 pitulo
1382 2343 1583 2387 provinciali
1621 2341 1759 2375 Ordinis
1793 2342 1937 2385 [rutrum

1243 2397 1461 2430 Ereinilarnm
1493 2396 1599 2429 sancti
1634 2396 1817 2440 Anisuslini
1851 2394 1937 2428 edila

1242 2461 1338 2494 snper
1359 2450 1555 2494 privileyii'3‚
1582 2450 1701 2493 quibus
1719 2449 1788 2492 frui
1804 2448 1938 2482 debeant

1243 2505 1445 2548 antiquiores
1480 2503 1622 2537 doctores
1644 2502 1832 2547 provinciae
1857 2503 1938 2536 Bae-

1245 2559 1325 2590 ticae
1349 2557 1492 2590 eiusdem
1519 2556 1654 2590 Ordinis
1682 2556 1718 2588 in
1747 2554 1939 2599 Hi‘spnlensi

1243 2611 1457 2644 universitate
1478 2610 1631 2654 promoti,
1659 2609 1708 2642 vel
1724 2610 1759 2642 in
1775 2613 1939 2653 posterum

1243 2664 1467 2709 promovendi.

1969 286 1974 291 .
1997 264 2110 291 c.1734
2154 275 2155 281 ¹

1986 857 2071 876 tibuunt
2077 856 2117 876 ium

1966 890 1972 895 “
1990 890 2000 897 «¹
2035 892 2038 900 ι
