2182 3137
217 206 272 241 an.
293 204 322 233 e.
341 206 409 233 ¹733
453 197 517 232 518

247 903 369 926 Concessio.

248 2447 368 2471 clausulae.

416 314 549 348 careret,
577 308 703 352 iurique
721 309 781 342 sibi
801 309 839 341 ad
858 309 944 342 illam
963 309 1158 353 competenti

415 361 549 394 cederet
574 362 681 395 favore
707 362 755 395 sui
790 362 821 394 in
848 363 1080 406 procuratione
1106 374 1160 406 ge-

416 415 517 447 nerali
537 415 641 448 dictae
660 414 934 458 Congregationis
950 416 1160 456 successoris,

415 468 441 500 si
466 473 660 501 statueretur
687 474 720 501 ut
741 468 953 512 Imposterum
987 474 1159 513 utrumque

414 521 555 561 osticium
581 521 706 554 abbatis
744 528 775 554 et
800 523 1022 565 procuratoris
1058 533 1159 566 gene-

415 574 492 607 ralis
519 575 699 608 istiusmodi
726 575 757 607 in
784 577 848 608 una
874 576 1053 619 eademque
1089 587 1160 619 per-

412 630 495 661 sona
512 629 636 662 unitum
656 638 691 661 ac
707 630 944 662 consolidatum
966 635 1158 662 remaneret.

414 680 514 714 Nobis
531 687 707 725 propterea
733 682 899 716 humiliter
920 683 1095 726 supplicari
1116 683 1158 716 se-

415 734 476 775 cit,
504 741 662 778 quatenus
690 735 721 767 in
754 735 941 779 praemissis
976 741 1158 779 opportune

414 787 585 830 providere
611 793 642 821 et
668 793 703 820 ut
728 788 812 821 infra
837 788 1010 831 indulgere
1037 789 1075 821 de
1105 790 1160 822 be-

414 839 573 884 nignitate
599 842 780 886 apostolica
803 842 1022 884 dignaremur.

458 895 473 938 §
498 893 529 926 2.
557 893 620 927 Nos
648 895 755 937 igitur,
783 895 883 938 ipsius
909 894 1057 928 moderni
1085 905 1159 938 pro-

411 947 574 981 curatoris
612 948 775 990 generalis
813 947 895 981 votis
932 948 994 981 hac
1031 949 1064 981 in
1102 959 1158 988 re,

411 1006 569 1044 quantum
595 1011 665 1034 cum
691 1001 828 1034 Domino
853 1011 1043 1044 possumus,
1072 1002 1158 1035 savo-

413 1054 561 1088 rabiliter
592 1065 736 1088 annuere
770 1055 936 1095 volentes,
964 1066 1103 1098 eumque
1140 1066 1157 1088 a

414 1106 581 1150 quibusvis
617 1108 986 1148 excommunicationis,
1021 1118 1158 1151 suspen-

412 1160 513 1194 sionis
539 1165 571 1193 et
595 1160 770 1202 interdicti,
795 1161 931 1205 aliisque
960 1162 1157 1195 ecclesiasti-

412 1213 459 1246 cis
486 1213 668 1253 sententiis,
695 1213 842 1247 censuris
860 1220 891 1248 et
910 1214 1033 1258 poenis,
1052 1226 1069 1247 a
1087 1214 1156 1248 iure

413 1266 462 1299 vel
496 1265 537 1299 ab
573 1266 729 1307 homine,
764 1267 877 1310 quavis
911 1267 1081 1300 occasione
1107 1268 1156 1301 vel

414 1321 509 1352 causa
535 1320 620 1360 latis,
646 1320 670 1353 si
697 1320 813 1363 quibus
839 1321 1085 1364 quomodolibet
1108 1321 1157 1353 in-

412 1373 684 1414 nodatusexistit,
704 1374 743 1407 ad
762 1373 912 1407 effectum
934 1374 1156 1418 praesentium

412 1426 578 1460 vdumtaxat
613 1428 900 1471 consequendum,
926 1427 1038 1462 barum
1070 1430 1157 1463 serie

413 1479 620 1514 absolventes
657 1486 688 1513 et
713 1481 895 1520 absolutum
922 1482 990 1515 sore
1021 1493 1156 1517 censen-

412 1538 485 1574 tes,
511 1533 700 1566 huiusmodi
738 1534 1032 1578 supplicationibus
1064 1536 1157 1569 incli-

412 1586 500 1628 nati,
527 1587 645 1620 auditis
681 1587 771 1621 iussu
804 1594 916 1622 nostro
941 1600 1040 1633 super
1064 1601 1157 1633 prae-

413 1640 519 1674 missis
545 1641 656 1674 dilecti
682 1651 812 1685 quoque
837 1642 893 1675 lilii
920 1643 1045 1676 abbatis
1061 1654 1157 1686 gene-

413 1693 488 1727 ralis
513 1693 658 1727 eiusdem
683 1694 952 1738 Congregationis
980 1696 1094 1730 Montis
1118 1697 1157 1731 O-

413 1747 502 1788 liveti
536 1747 697 1781 relatione
733 1759 770 1782 ac
805 1754 902 1790 voto,
929 1749 1089 1783 abbatiam
1126 1756 1157 1784 et

412 1801 562 1844 regimen
588 1801 665 1835 dicti
692 1802 878 1836 monasterii
905 1802 934 1835 S.
956 1802 1074 1836 Mariae
1099 1804 1157 1838 No-

413 1864 471 1887 vae
495 1854 718 1898 procurationi
738 1855 880 1897 generali
900 1855 1000 1899 ipsius
1018 1856 1157 1900 Congre-

414 1907 555 1950 gationis
570 1907 686 1941 Montis
700 1908 813 1941 Oliveti
829 1919 864 1942 ex
882 1914 966 1950 tunc,
985 1915 1156 1954 postquam

413 1961 592 1994 modernus
610 1961 708 1994 abbas
724 1962 910 1995 monasterii
926 1963 1064 2006 praefati
1081 1969 1157 1997 tem-

409 2024 475 2058 *pus
501 2014 551 2047 sui
578 2014 747 2057 regiminis
766 2015 954 2058 expleverit,
974 2016 1054 2049 itaut
1071 2017 1158 2051 dein-

415 2077 490 2111 ceps
516 2073 710 2111 procurator
732 2069 896 2111 generalis
922 2080 981 2113 pro
1009 2075 1156 2114 tempore

416 2120 556 2153 existens
577 2120 720 2154 eiusdem
740 2121 1008 2165 Congregationis
1027 2123 1157 2158 insimul

411 2173 514 2207 abbas
540 2174 698 2218 praedicti
723 2175 912 2208 monasterii
949 2176 990 2209 sit
1023 2188 1060 2210 ac
1085 2188 1157 2211 esse

415 2227 552 2270 debeat,
577 2228 772 2262 auctoritate
809 2229 1011 2272 apostoliea,
1043 2235 1157 2265 tenore

414 2281 653 2324 praesentium,
679 2287 837 2326 perpetuo
862 2283 990 2317 unimus
1008 2289 1039 2317 et
1057 2295 1157 2318 anne-

412 2335 543 2376 ctimus,
569 2346 606 2369 ac
629 2335 719 2369 unita
744 2342 775 2369 et
798 2347 923 2370 annexa
941 2337 1010 2370 sore
1033 2343 1065 2371 et
1085 2348 1155 2372 esse

411 2389 585 2422 statuimus
609 2394 641 2422 et
666 2389 878 2424 declaramus.

459 2442 474 2486 ἓ
497 2440 529 2476 3.
548 2443 784 2483 Decernentes‚
811 2443 939 2477 easdem
964 2450 1156 2488 praesentes

415 2496 538 2530 litteras
558 2506 687 2540 semper
712 2496 828 2538 sirmas,
846 2496 968 2530 validas
995 2502 1026 2530 et
1050 2497 1156 2531 estlea-

412 2559 469 2582 ces
495 2549 631 2583 existere
656 2552 687 2584 et
710 2550 798 2591 sore,
824 2560 966 2594 suosque
989 2550 1155 2594 plenarios

416 2607 447 2636 et
472 2602 616 2646 integros
642 2602 778 2637 effectus
803 2603 913 2637 sortiri
939 2608 970 2638 et
992 2603 1153 2649 obtinere,

997 206 1180 233 nULLAttttJM
1204 206 1361 233 ROMANUM

416 256 571 298 fungitur,
597 255 657 288 sibi
686 255 874 296 obventura,
902 256 1026 290 lubenti
1052 256 1173 290 animo·

1203 256 1330 301 ipsique
1354 258 1560 301 procuratori
1580 257 1724 300 generali
1742 257 1774 290 in
1792 257 1940 291 omnibus

1203 316 1235 343 et
1259 322 1317 354 per
1345 311 1454 344 omnia
1479 310 1668 354 plenissime
1693 310 1884 354 suffragari,
1910 316 1942 344 et

1203 364 1242 396 ab
1268 364 1324 404 eis,
1350 364 1388 397 ad
1408 373 1490 407 quos
1510 367 1634 407 spectat
1659 369 1690 397 et
1714 375 1773 407 pro
1795 369 1941 407 tempore

1203 417 1471 460 quandocumque
1497 416 1678 460 spectabit,
1711 417 1942 450 inviolabiliter

1203 469 1381 512 respective
1414 469 1597 509 observari,
1634 469 1745 513 sicque
1779 469 1810 503 in
1846 480 1941 514 prae-

1203 521 1309 554 missis
1335 531 1393 564 per
1417 532 1645 565 quoscumque
1665 522 1789 555 iudices
1815 522 1941 555 ordina-

1203 574 1268 607 rios
1293 579 1325 607 et
1349 574 1540 616 delegatos,
1568 574 1663 607 etiam
1689 585 1858 607 causarum
1885 585 1942 618 pa-

1203 627 1269 660 latii
1296 627 1464 670 apostolici
1486 626 1663 668 auditores,
1682 627 1818 661 iudicari
1837 633 1869 661 et
1889 628 1942 661 de-

1203 680 1287 714 finiri
1324 681 1465 720 debere,
1502 692 1538 714 ac
1570 681 1699 715 irritum
1731 687 1762 715 et
1791 682 1888 716 inane
1914 682 1942 715 si

1202 744 1294 767 secus
1319 745 1417 778 super
1443 733 1492 767 liis
1517 745 1534 767 a
1560 745 1738 778 quoquam,
1756 736 1866 778 quavis
1888 746 1942 768 au-

1202 787 1366 827 ctoritate,
1392 787 1533 820 scienter
1558 788 1608 821 vel
1636 787 1839 831 ignoranter,
1867 798 1944 822 con-

1204 839 1312 882 tigerit
1336 840 1499 873 attentari.

1246 893 1260 935 ἓ
1285 892 1318 926 4.
1344 892 1414 926 Non
1432 893 1636 927 obstantibus
1654 893 1944 928 constitutionibus

1202 951 1234 978 et
1262 945 1525 980 ordinationibus
1550 948 1760 991 apostolicis,
1787 959 1841 988 ac,
1867 959 1944 992 qua-

1202 1004 1294 1031 tenus
1320 1010 1403 1043 opus
1428 1000 1478 1040 sit,
1505 1001 1778 1043 primodictorum
1803 1002 1943 1046 Congre-

1201 1052 1362 1094 gationis,
1386 1052 1517 1086 Ordinis
1543 1058 1575 1086 et
1599 1054 1805 1096 monasterii,
1831 1055 1941 1088 aliisve

1202 1105 1393 1148 quibusvis,
1419 1105 1515 1139 etiam
1542 1106 1743 1149 iuramento,
1771 1108 1943 1142 confirma-

1201 1158 1288 1192 tione
1324 1160 1527 1202 apostolica,
1565 1166 1619 1194 aut
1653 1161 1765 1205 quavis
1790 1160 1942 1196 firmitate

1200 1211 1263 1245 alia
1288 1213 1465 1255 roboratis,
1492 1214 1621 1247 statutis
1646 1220 1678 1248 et
1701 1214 1944 1249 consuetudini-

1200 1264 1259 1298 bus
1276 1265 1482 1309 ,prlvilegiis
1509 1277 1651 1311 quoque,
1676 1267 1811 1302 indultis
1837 1273 1869 1301 et
1894 1268 1943 1302 lit-

1202 1318 1279 1351 teris
1298 1320 1488 1362 apostolicis
1514 1321 1545 1353 in
1572 1321 1771 1355 contrarium
1785 1322 1944 1365 praemis-

1201 1382 1310 1405 sorum
1337 1374 1587 1416 quomodolibet
1612 1375 1797 1416 concessis,
1828 1374 1942 1409 confir-

1201 1425 1295 1458 matis
1321 1431 1353 1459 et
1377 1427 1555 1469 innovatis,
1583 1428 1700 1472 quibus
1727 1429 1879 1463 omnibus
1909 1434 1942 1463 et

1200 1479 1359 1522 singulis,
1386 1480 1517 1514 illorum
1555 1487 1686 1515 tenores
1710 1483 1939 1525 praesentibus

1200 1543 1261 1576 pro
1293 1535 1392 1577 plene
1425 1539 1457 1568 et
1481 1535 1683 1568 sufficienter
1714 1536 1875 1580 expressis
1906 1547 1942 1571 ac

1201 1586 1363 1629 dehverbo
1401 1587 1442 1620 ad
1478 1588 1613 1621 verbum
1649 1589 1780 1623 insertis
1818 1590 1942 1624 liaben-

1202 1644 1259 1680 tes,
1280 1639 1344 1673 illis
1369 1640 1449 1673 alias
1475 1640 1507 1673 in
1532 1651 1591 1674 suo
1616 1642 1737 1676 robore
1755 1653 1942 1687 permansu-

1201 1693 1255 1734 ris,
1270 1686 1315 1726 ¹ad
1332 1694 1591 1737 praemissorum
1618 1694 1776 1737 effectum,
1796 1697 1857 1730 hac
1873 1697 1941 1732 vice

1201 1746 1374 1788 dumtaxat,
1397 1748 1587 1791 specialiter
1612 1754 1643 1782 et
1667 1759 1822 1793 expresse
1848 1751 1942 1784 dero-

1200 1810 1336 1842 gamus,
1374 1801 1558 1845 ceterisque
1593 1802 1766 1836 contrariis
1798 1803 1939 1847 quibus-

1201 1863 1352 1897 cumque.

1245 1907 1360 1940 Datum
1388 1908 1520 1950 Romae,
1539 1909 1623 1953 apud
1646 1909 1676 1943 S.
1698 1910 1828 1945 Mariam
1845 1911 1943 1946 Maio-

1202 1970 1283 2002 rem,
1297 1961 1357 1994 sub
1374 1963 1496 1995 annulo
1515 1961 1696 2005 Piscatoris,
1715 1964 1767 1998 die
1784 1975 1854 1999 xxiv
1871 1964 1941 1999 iulii

1202 2023 1401 2055 unccxxxm,
1417 2015 1624 2059 pontificatus
1642 2017 1745 2050 nostri
1762 2028 1848 2052 anno
1866 2027 1907 2054 tv.

1237 2075 1297 2105 Dat.
1317 2076 1362 2104 die
1381 2077 1416 2104 24
1435 2077 1493 2105 iulii
1512 2078 1593 2113 1733,
1614 2078 1711 2114 pontif.
1732 2087 1802 2107 anno
1823 2087 1859 2108 iv.

1528 2131 1563 2165 F.
1592 2133 1680 2166 card.
1709 2132 1893 2168 Omvnmus.
1930 2144 1931 2147 ¹

1538 2302 1598 2336 Cll.

1206 2389 1342 2424 Vicariis
1367 2391 1655 2435 conqreyalionum
1681 2391 1817 2427 Ordinis
1841 2393 1941 2427 Prae-

1230 2443 1437 2485 -diealorum,
1464 2455 1501 2477 ae
1526 2444 1651 2478 duobus
1674 2444 1753 2478 aliis
1769 2445 1939 2488 fratribus,

1241 2507 1355 2541 nempe
1377 2497 1545 2540 definitori
1567 2502 1595 2531 et
1619 2498 1702 2532 socio
1726 2508 1781 2532 seu
1812 2498 1941 2532 electori

1216 2551 1467 2594 nuncupatis,
1493 2551 1530 2584 in
1554 2551 1709 2596 capitulis
1731 2551 1940 2620 qeneialibus

1196 2603 1435 2649 εαῇναρίυυι
1461 2604 1671 2639 comediam.

1993 211 2002 235 s
2021 208 2055 236 c:
2067 209 2134 237 17<ae

2024 907 2136 932 Di-roaatio

1954 935 2116 957 contrariorum.

2168 2614 2173 2633 l

2168 2642 2174 2701 t

2168 2717 2173 2750 l

2168 2755 2173 2776 ῐ

2170 2811 2173 2827 t
