2182 3137
51 256 101 284 Ἁη.
117 255 148 284 C.
168 256 236 284 ¹732

104 1704 162 1729 Quae
190 1704 232 1725 sint

53 1731 144 1754 indulta.

66 1863 168 1885 Audieudi
186 1869 233 1885 con·

53 1891 155 1912 [essiones
163 1891 234 1912 incon-

53 1918 107 1939 sulto
114 1917 233 1939 Ordinatio,

84 2342 204 2366 Absolvendi
222 2350 235 2365 a

58 2370 140 2392 casibus
168 2377 235 2393 reser-

58 2397 119 2418 vatis.

231 182 249 197 Ο

848 256 991 280 CLEMENS
1016 256 1063 281 ΧΠ
1087 258 1136 282 ΡΡ.

245 315 337 339 sexus
361 307 513 350 personis
539 304 757 339 saeculauibus
783 308 814 337 et
830 305 985 347 regulari-

245 357 314 397 bus,
341 359 513 392 cuiuslibet
537 364 645 396 status,
670 357 798 399 gradus,
825 357 985 389 conditio-

247 411 304 451 nis,
319 412 594 454 praeeminentiae
613 421 648 443 ac
665 410 831 452 dignitatis
850 410 915 442 sive
934 421 986 442 ec-

245 464 444 497 clesiasticae
465 464 530 497 sive
550 464 741 506 temporalis
759 463 984 501 existentibus,

244 517 370 550 etiamsi
406 517 445 550 de
482 517 519 549 iis
557 516 707 560 specialis
746 526 781 548 ac
820 515 986 548 individua

244 570 365 603 mentio
398 575 430 603 et
449 569 616 612 expressio
635 568 820 602 necessaris]
839 568 986 601 facienda

245 624 343 664 soret,
369 623 656 657 communitatibus
682 632 831 666 quoque,
856 621 985 654 univer-

244 676 406 718 sitatibus,
431 675 591 719 capitulis,
617 675 774 718 collegiis,
805 674 986 708 confrater-

243 729 419 770 nitatibus,
456 729 669 763 conventibus
709 733 740 761 et
777 728 984 761 monasteriis

245 783 383 818 cuiusvis
400 783 540 823 Ordinis,
554 782 828 826 congregationis,
839 781 983 823 militiae,

245 838 341 870 etiarn
367 836 398 870 S.
426 836 554 870 Ioannis
577 835 869 880 Hierosolymitani,
886 845 921 868 ac
942 835 986 868 in-

245 890 346 924 stituti
385 895 416 923 et
451 889 640 930 societatis,
667 889 762 922 etiam
800 889 889 928 lesu,
922 894 983 922 tam

244 943 499 977 mendicantium
527 953 621 987 quam
636 953 700 976 non
717 943 983 983 mendicantium,

244 1002 465 1041 exemptorum
505 1002 535 1029 et
572 1007 639 1029 non
677 1001 923 1039 exemptorum,
949 1005 985 1028 ac

245 1051 360 1094 quovis
396 1051 523 1084 tandem
560 1050 733 1093 privilegio
770 1049 985 1089 suffultorum,

245 1104 342 1138 nullis
368 1115 499 1148 prorsus
527 1104 687 1147 exceptis,
714 1103 984 1147 quandocumque

245 1163 277 1191 et
312 1158 594 1202 qualitercumque
636 1167 790 1190 concessa
832 1156 982 1197 suerunt,

245 1217 359 1245 tenore
383 1211 609 1255 praesentium
636 1221 845 1250 revocamus,
882 1220 986 1242 cassa-

244 1276 326 1305 mus,
351 1264 506 1303 tollimus,
531 1265 736 1306 abrogamus,
763 1262 927 1295 irritamus
954 1268 986 1294 et

245 1319 459 1359 annullamus,
484 1318 673 1361 viribusque
699 1323 730 1350 et
754 1316 868 1349 effectu
892 1315 984 1359 peni-

247 1379 296 1406 tus
321 1378 353 1406 et
378 1373 510 1406 omnino
535 1382 724 1412 vacuamus,
752 1382 789 1404 ac
814 1376 983 1410 revocata,

246 1432 382 1468 cassata,
405 1426 541 1465 sublata,
563 1425 725 1469 abrogata,
751 1424 843 1457 irrita
876 1429 907 1457 et
931 1434 986 1456 an-

246 1481 379 1521 nullata,
404 1479 590 1523 viribusque
612 1485 643 1512 et
660 1478 771 1512 effectu
788 1489 885 1511 vacua
913 1488 984 1511 esse

247 1544 283 1566 ac
305 1538 467 1578 perpetuo
493 1533 573 1573 sore,
599 1542 705 1575 neque
732 1533 771 1565 de
797 1536 904 1565 cetero
923 1531 985 1564 cui-

247 1597 342 1630 quam
372 1585 540 1628 suffragari
566 1595 659 1628 posse
693 1586 741 1618 vel
768 1585 909 1625 debere,
936 1584 986 1617 de-

246 1639 406 1673 cernimus
433 1645 465 1673 et
489 1639 700 1672 declaramus.

289 1693 304 1737 ἓ
329 1692 360 1725 2.
388 1693 516 1726 Indulta
541 1696 659 1733 autem,
683 1692 848 1725 facultates
873 1697 904 1724 et
920 1701 986 1734 gra-

245 1746 309 1780 tiae
341 1745 529 1779 huiusmodi
566 1751 640 1779 sunt
675 1755 756 1789 quae
782 1751 983 1788 sequuntur,

243 1799 410 1834 videlicet:

289 1863 311 1887 1.
338 1853 528 1897 Excipiendi
547 1853 770 1886 confessiones
791 1853 855 1886 sive
881 1863 986 1886 saecu-

244 1907 359 1941 larium
378 1907 444 1940 sive
461 1907 658 1950 regularium
675 1907 769 1940 etiam
788 1907 985 1949 monialium,

245 1965 299 1994 aut
324 1961 459 1994 aliarum
484 1959 671 2004 quarumvis
698 1970 926 2003 personarum,
953 1960 985 1992 in

245 2014 465 2054 conventibus,
481 2013 762 2054 monasteriis,seu
782 2018 987 2047 conservato-

245 2068 300 2102 riis
325 2067 530 2111 degentium,
567 2067 692 2110 absque
718 2068 866 2110 expressa
892 2067 986 2100 Ordi—

244 2121 408 2155 nariorum
445 2132 480 2154 ac
516 2120 722 2164 superiorum
759 2121 911 2161 illorum,
947 2121 985 2153 ad

245 2184 326 2218 quos
362 2174 524 2218 pertinet,
550 2173 726 2214 facultate3
762 2184 888 2207 necnon
927 2174 986 2206 eli-

246 2228 341 2272 gendi
360 2227 420 2261 sibi
440 2227 675 2261 confessarium
693 2227 733 2260 ab
750 2226 787 2260 iis
807 2227 986 2270 respective

245 2291 310 2315 non
329 2281 544 2325 approbatum
559 2289 566 2313 ε

289 2345 326 2374 Π,
353 2334 549 2368 Absolvendi
575 2344 796 2378 quoscumque
826 2335 893 2368 sive
918 2345 986 2367 sae-

246 2389 370 2422 culares
406 2388 472 2422 sive
509 2389 675 2431 regulares
700 2388 866 2432 utriusque
892 2399 985 2421 sexus

245 2455 263 2477 a
287 2443 427 2487 peccatis
444 2469 451 2483 ‚
477 2442 591 2486 poenis
618 2448 650 2475 et
675 2443 821 2475 censuris
846 2442 877 2475 in
905 2442 987 2476 litte-

246 2496 290 2530 ris
327 2496 379 2530 dic
413 2495 541 2529 Coenac
566 2495 692 2528 Domini
720 2495 894 2539 quotannis
920 2496 985 2538 legi

246 2555 278 2584 et
313 2549 473 2594 publicari
509 2548 695 2588 consuetis,
720 2550 769 2582 vel
806 2549 884 2581 alias
910 2548 984 2581 Scdi

246 2604 467 2648 Apostolicae,
493 2604 681 2636 locorumve
706 2602 904 2643 Ordinariis,
933 2608 986 2636 aut

247 2657 472 2702 superioribus
495 2656 701 2700 regularibus
726 2666 856 2699 quoquo
886 2656 983 2689 niodo
1008 2694 1009 2697 Ἴ

1664 249 1728 284 315
1773 257 1956 287 An.C.1732

1028 308 1216 348 reservatis3
1245 314 1341 351 prout
1367 319 1494 352 quoque
1524 309 1664 352 eligendi
1691 319 1767 351 con-

1029 359 1192 392 fessarium
1220 361 1313 393 etiam
1340 373 1376 394 ex
1403 362 1546 405 legitime
1575 363 1614 395 ad
1633 362 1767 395 audien-

1029 413 1084 445 das
1103 414 1325 447 consessiones
1348 415 1536 457 approbatis
1553 443 1559 453 ,
1586 415 1640 458 qui
1659 427 1674 448 a
1694 425 1767 458 pee-

1028 466 1115 503 catis,
1142 466 1258 509 poenis
1295 478 1331 500 ac
1356 468 1502 500 censuris
1529 468 1575 500 sic
1593 469 1767 501 reservatis

1028 518 1192 551 absolvat:

1071 581 1118 604 111.
1145 571 1313 604 Eximendi
1350 584 1405 605 seu
1442 574 1630 607 absolvendi
1657 585 1768 618 quem-
1823 585 1962 616 numqua

1028 624 1107 657 libet
1132 624 1171 657 ab
1197 624 1397 667 obligatione
1422 626 1638 660 demmciandi
1666 628 1696 660 in
1719 612 1955 661 ca-bdsguncmnom-

1028 677 1137 716 sibus,
1163 678 1281 720 quibus
1318 678 1525 712 denunciatio
1563 679 1649 712 iuxta
1673 691 1767 723 prae-

1028 731 1187 773 scriptum
1213 730 1480 765 constitutionum
1503 733 1765 776 apostolicarum,

1027 794 1081 816 seu
1101 783 1189 823 alias,
1208 783 1276 816 fieri
1294 783 1413 817 debet:

1072 848 1114 871 lv.
1143 837 1259 871 Utendi
1275 838 1532 882 quibuscumque
1550 839 1766 881 facultatibus,
1805 851 1880 872 utendi
1897 852 1962 873 saeui-

1029 891 1123 924 etiam
1151 892 1347 934 generaliter
1371 892 1557 932 concessis,
1584 893 1688 936 quoad
1713 879 1858 927 ati-l·l!‡,¹2'.¹⁵
1879 885 1962 905 'mm'

1030 950 1214 989 tercumque
1253 946 1355 979 dietae
1391 946 1464 979 Sedi
1503 947 1552 979 vel
1583 947 1680 979 etiam
1707 947 1768 990 ipsi

1028 999 1174 1033 Romano
1211 999 1356 1032 Pontifici
1393 1005 1576 1041 reservata,
1614 1001 1680 1033 sive
1710 1011 1769 1044 per

1029 1064 1083 1087 eos
1109 1053 1221 1087 maiori
1255 1054 1303 1086 vel
1339 1053 1518 1087 minoribus
1551 1054 1769 1098 poenitentia-

1029 1107 1084 1141 riis
1110 1107 1283 1148 attributis,
1302 1107 1437 1140 durante
1457 1107 1608 1148 iubilaeo,
1628 1109 1678 1141 vel
1697 1109 1770 1141 mis·

1029 1161 1167 1199 sionum,
1193 1161 1422 1193 exercitiorum
1443 1160 1671 1204 spiritualium,
1692 1161 1769 1200 Qua-

1029 1214 1251 1256 dragesimac,
1278 1213 1440 1247 Adventus
1456 1241 1463 1255 ,
1490 1219 1545 1247 aut
1568 1214 1632 1247 alio
1659 1215 1769 1258 quovis

1029 1267 1103 1300 anni
1131 1273 1297 1311 tempore,
1336 1267 1426 1300 sicuti
1466 1267 1561 1300 etiam
1586 1268 1698 1300 utendi
1726 1268 1770 1300 sa-

1028 1320 1218 1361 cultatibus,
1245 1330 1327 1363 quae
1353 1321 1392 1353 ab
1419 1320 1526 1353 officio
1550 1320 1769 1353 poenitentia-

1029 1374 1094 1407 riae
1113 1373 1317 1417 Apostolicae
1342 1373 1517 1417 aliquando
1542 1373 1701 1417 impertiri
1721 1384 1769 1407 so-

1028 1428 1115 1461 lent:

1072 1493 1101 1514 v.
1141 1481 1316 1514 Relaxandi
1356 1480 1538 1513 iuramenta
1578 1481 1768 1524 quaelibet,

1029 1535 1152 1568 etiamsi
1180 1535 1220 1567 de
1250 1535 1337 1567 nullo
1364 1534 1554 1577 cuiusquam
1581 1540 1692 1576 agatur
1717 1534 1767 1567 da-

1028 1599 1102 1621 mno
1128 1599 1184 1621 seu
1211 1587 1430 1631 praeiudicio:

1072 1653 1115 1675 vr.
1143 1641 1355 1684 Dispensandi
1374 1641 1438 1673 sive
1457 1641 1677 1674 commutandi
1696 1646 1768 1674 vota

1029 1705 1273 1739 quaecumque,
1300 1694 1374 1728 licet
1399 1694 1559 1738 simplicia
1585 1695 1766 1736 dumtaxat,

1030 1759 1065 1782 ac
1089 1749 1271 1781 iuramento
1298 1747 1431 1781 minime
1456 1747 1667 1781 confirmata:

1073 1813 1127 1835 vn.
1155 1801 1368 1844 Dispensandi
1395 1812 1466 1834 cum
1494 1801 1659 1844 quibusvis
1696 1811 1767 1843 per·
1859 1838 1862 1840 v

1030 1855 1118 1888 sonis
1143 1854 1362 1887 saecularibus
1386 1854 1509 1897 pariter
1535 1855 1582 1887 vel
1610 1837 1963 1897 regulari-iiissitifmguh‘

1029 1910 1087 1942 bus
1108 1919 1203 1952 super
1217 1909 1360 1951 qualibet
1374 1908 1612 1951 irregularitate
1632 1913 1662 1941 et
1679 1908 1768 1941 inba-

1029 1962 1154 1995 bilitate
1182 1962 1488 2005 quomodocumque
1514 1972 1550 1994 cx
1574 1960 1692 1994 delicto
1719 1962 1767 1994 vel

1030 2015 1157 2048 defectu
1191 2014 1287 2047 etiam
1321 2025 1455 2057 prorsus
1482 2013 1615 2047 occultis
1652 2024 1767 2057 prove-

1031 2068 1140 2101 niente
1158 2095 1165 2109 ,
1193 2073 1257 2101 tam
1281 2079 1342 2111 pro
1368 2068 1557 2101 exercendis
1582 2067 1766 2111 susceptis,

1030 2133 1125 2165 quam
1151 2132 1211 2164 pro
1236 2121 1452 2164 suscipiendis
1484 2120 1648 2164 quibusvis
1682 2121 1769 2153 ordi-

1030 2175 1138 2216 nibus,
1165 2185 1200 2208 ac
1224 2174 1403 2207 retinendis
1422 2180 1453 2207 et
1470 2174 1683 2217 assequendis
1699 2173 1768 2217 qui-

1029 2229 1227 2272 buscumque
1252 2227 1420 2261 benefieiis
1445 2227 1690 2260 ecclesiasticis:

1072 2292 1142 2315 vni.
1182 2281 1392 2325 Dispensandi
1430 2291 1526 2324 super
1562 2290 1784 2323 quocumque
1834 2288 1871 2318 *1⁴¹¹
1898 2293 1962 2314 suver

1029 2334 1275 2378 impedimento,
1303 2333 1506 2377 quantumvis
1532 2334 1670 2372 occulto,
1702 2315 1962 2365 1n21-‡‡ll¹i}‘{l.3¹3¹331¹.¹l,5⁸⁶

1030 2389 1215 2421 trimonium
1253 2388 1449 2427 dirimente,
1486 2387 1551 2420 sive
1585 2392 1696 2429 agatur
1729 2386 1767 2420 ilc

1029 2442 1235 2475 matrimonio
1261 2441 1505 2480 contrahendo,
1531 2440 1596 2473 sive
1627 2440 1665 2473 de
1692 2451 1768 2473 con-

1028 2496 1201 2529 validaudo
1229 2496 1290 2528 iam
1317 2499 1506 2527 contracto:

1075 2560 1116 2582 ix.
1144 2547 1378 2581 Convalidaudi
1405 2546 1516 2579 titulos
1534 2546 1767 2581 beneficiorum
1780 2553 1965 2602 151.‘,³1‘J,¹}¹'³¹1‚³ssss[‚¹fi',³

1029 2601 1323 2635 ceclesiasticorum
1351 2599 1525 2633 simoniace
1557 2601 1607 2633 vel
1642 2611 1677 2633 ex
1704 2601 1767 2634 alio
1780 2597 1867 2629 cioruiu·

1028 2655 1140 2698 quon<
1168 2654 1271 2697 capite
1297 2653 1435 2687 invalide
1462 2654 1693 2695 obtentorum,
1732 2666 1768 2688 ac

1782 1518 1785 1520 ‚
1847 1491 1962 1512 Relaxaudi

1781 1520 1904 1538 iuramenta.

1823 1650 1962 1677 Dispensandi

1779 1679 1835 1698 vota.

1819 1809 1961 1836 Dispensandi
