2182 3137
163 245 211 271 Au.
229 246 258 270 c.
283 245 350 272 1732
395 236 461 268 4102

359 293 560 336 plenariam
595 296 691 334 atque
725 292 848 324 eisdem
882 291 1101 324 confratribus

358 352 389 379 et
427 345 661 379 consororibus
701 345 733 377 in
774 345 948 378 cuiuslibet
986 355 1100 378 eorum

358 399 469 432 mortis
495 399 653 438 articulo,
680 398 705 430 si
730 408 806 431 vere
832 398 1037 441 poenitentes
1069 403 1102 432 et

357 452 518 491 confessi,
543 462 580 485 ac
603 454 694 484 sacra
719 451 948 484 communione
973 452 1098 493 refecti,

360 506 419 544 vel,
442 511 600 548 quatenus
619 504 649 537 id
677 504 785 536 facere
803 503 1022 546 nequiverint,
1043 505 1100 537 sal-

362 564 424 591 tem
449 557 581 590 contriti
615 567 736 589 nomen
766 556 834 588 lesu
867 567 946 597 ore,
985 557 1010 589 si
1036 568 1098 600 po>-

361 611 503 650 tueriut,
530 611 579 643 sin
605 610 720 649 minus,
747 611 846 643 corde
872 611 986 644 devote
1012 611 1102 643 invo-

359 666 527 704 caverint,
569 666 752 707 plenariam
786 675 919 707 quoque
957 665 1101 697 omnium

362 724 571 761 peccatorum
612 728 746 750 suorum
786 718 1026 760 indulgentiam
1072 723 1103 750 et

362 773 587 805 remissionem
612 771 869 804 misericorditer
901 772 934 804 in
965 771 1102 804 Domino

361 825 570 858 concedimus
593 830 625 857 et
650 825 837 867 elargimur.
866 824 1040 857 Praeterea
1058 824 1103 856 di-

362 879 421 911 ctis
447 878 665 911 confratribus
691 883 723 910 et
748 878 995 918 consororibus,
1022 878 1104 909 sicut

363 932 584 976 praemittitur
609 931 853 975 poenitentibus
880 936 912 963 et
946 931 1104 963 confessis

361 998 400 1019 ae
425 987 515 1018 sacra
548 985 777 1018 communione
815 984 966 1023 refectis,
1003 984 1104 1027 ipsius

363 1039 641 1072 confraternitatis
677 1048 736 1070 seu
773 1037 1040 1079 congregationis
1074 1048 1106 1069 a-

366 1092 483 1124 liamve
510 1090 681 1123 ecclesiam
716 1091 766 1123 vel
803 1090 983 1122 oratorium
1021 1090 1105 1122 eius-

364 1145 453 1177 modi
487 1144 566 1177 seria
595 1154 614 1176 v
647 1143 679 1175 in
712 1143 821 1176 Coena
845 1142 974 1175 Domini
1008 1148 1105 1186 atque

364 1198 397 1230 in
430 1198 510 1230 festo
546 1197 696 1239 Corporis
718 1196 840 1229 Christi
867 1202 899 1229 et
923 1207 981 1239 per
1005 1201 1106 1228 totam

367 1251 452 1284 illius
477 1255 622 1283 octavam
657 1250 795 1289 devote,
828 1255 863 1281 ut
887 1260 1005 1293 supra,
1031 1249 1107 1282 visi-

368 1305 511 1337 tantibus
537 1309 568 1336 et
591 1304 782 1343 orantibus,
813 1314 876 1347 quo
904 1295 955 1336 die
980 1303 1108 1347 praefa-

369 1363 475 1391 torum
502 1358 534 1390 id
561 1357 698 1400 egerint,
725 1363 852 1400 septem
879 1367 982 1390 annos
1007 1362 1040 1389 et
1065 1362 1110 1389 to-

368 1412 468 1444 tidem
508 1411 756 1454 quadragenas;
792 1410 921 1453 quoties
958 1420 1036 1443 vero
1076 1410 1108 1442 in

368 1465 477 1508 aliqua
502 1463 642 1497 ecclesia
669 1464 719 1496 vel
743 1463 886 1496 oratorio
917 1463 1003 1495 idem
1035 1473 1110 1495 san-

370 1517 549 1551 ctissimum
564 1516 783 1550 Eucharistiae
801 1523 1038 1549 sacramentum
1056 1516 1111 1549 ad-

369 1571 555 1612 oraverint,
582 1570 690 1603 missis
715 1575 747 1603 et
769 1570 841 1603 aliis
860 1570 977 1603 divinis
995 1570 1108 1603 officiis

370 1624 493 1657 ibidem
519 1635 580 1668 pro
605 1629 752 1666 tempore
782 1623 989 1656 celebrandis
1013 1623 1112 1655 inter-

371 1679 508 1719 fuerint,
536 1688 697 1722 pauperes
723 1677 868 1720 hospitio
906 1676 1111 1720 susceperint

371 1733 422 1765 vel
447 1742 560 1775 pacem
588 1732 674 1764 inter
699 1731 849 1763 inimicos
867 1730 1112 1773 composuerint

372 1796 429 1818 seu
456 1785 611 1828 componi
635 1785 771 1817 fecerint
791 1784 838 1817 vel
858 1783 1111 1827 procuraverint,

372 1839 468 1871 sicuti
501 1839 600 1871 etiam
634 1838 687 1881 qui
721 1848 858 1880 corpora
883 1838 1112 1869 defunctorum

374 1897 439 1924 tam
476 1892 675 1924 confratrum
709 1896 741 1923 et
769 1900 982 1923 consororum
1015 1900 1112 1933 quam

373 1945 511 1978 aliorum
544 1946 581 1978 ad
620 1945 821 1988 sepulturam
859 1943 1112 1983 associaverint,

374 2004 431 2031 aut
455 2009 677 2042 quascumque
703 1997 930 2040 processiones
957 1998 996 2029 de
1018 1997 1115 2029 licen-

375 2052 419 2085 tia
435 2052 534 2095 ipsius
551 2051 659 2084 vicarii
679 2051 853 2091 faciendas,
874 2051 1027 2093 idemque
1048 2061 1116 2083 san-

375 2105 555 2137 ctissimum
582 2109 823 2137 sacramentum
845 2109 907 2136 tam
929 2103 960 2136 in
986 2113 1117 2146 proces-

375 2159 522 2192 sionibus
541 2169 637 2201 quam
656 2158 782 2190 eumad
799 2157 948 2190 infirmos
968 2162 1022 2189 aut
1038 2157 1117 2190 alias

375 2213 573 2254 ubicumque
590 2217 621 2244 et
640 2211 944 2254 quomodocumque
963 2221 1021 2253 pro
1040 2216 1119 2243 tem-

377 2276 455 2309 pore
481 2265 665 2305 deferetur,
687 2265 834 2298 comitati
863 2263 1022 2304 fuerint¹,
1046 2264 1116 2305 vel,

377 2319 403 2351 si
429 2319 589 2362 impediti,
608 2328 784 2361 campanae
809 2317 849 2350 ad
868 2317 899 2349 id
919 2318 1013 2359 signo
1033 2318 1118 2357 dato,

379 2373 483 2405 semel
510 2372 694 2405 orationem
720 2371 918 2404 dominicam
944 2377 974 2403 et
1000 2372 1120 2403 saluta-

380 2426 502 2459 tionem
528 2426 711 2469 angelicam
748 2425 909 2465 dixerint,
937 2430 993 2457 aut
1024 2425 1120 2457 etiam

379 2480 554 2523 quinquies
598 2479 778 2512 orationem
824 2484 855 2511 et
894 2478 1120 2511 salutationem

379 2533 510 2565 easdem
535 2542 595 2575 pro
614 2532 781 2565 animabus
799 2532 1027 2564 defunctorum
1049 2541 1122 2563 con—

381 2586 514 2618 fratrum
540 2591 572 2618 et
595 2595 807 2618 consororum
831 2584 1016 2617 huiusmodi
1042 2584 1123 2617 reci-

420 2649 431 2675 1
455 2648 524 2675 Edit.
546 2648 624 2675 Maia.
646 2647 711 2683 legit
729 2649 852 2683 fuerunt
873 2653 908 2683 (fl.
926 2649 975 2681 T.).

939 244 1122 267 BULLARIUM
1148 244 1304 268 ROMANUM

1144 292 1300 331 taverint,
1326 297 1381 325 aut
1407 292 1531 324 devium
1564 292 1705 335 aliquem
1738 293 1779 325 ad
1803 292 1888 326 viam

1145 345 1257 378 salutis
1282 345 1493 384 reduxerint,
1521 351 1553 378 et
1578 344 1768 386 ignorantes
1793 355 1888 388 prae-

1145 403 1240 441 cepta
1265 398 1320 431 Dei
1347 403 1379 431 et
1404 392 1441 431 ea
1465 409 1548 441 quae
1578 398 1618 431 ad
1646 398 1784 431 salutem
1809 404 1888 431 sunt

1145 451 1339 491 docuerint,
1366 456 1421 483 aut
1445 452 1675 494 quodcumque
1708 451 1797 484 aliud
1818 451 1887 494 pie-

1146 505 1218 537 tatis
1246 506 1295 537 vel
1331 504 1500 537 charitatis
1534 515 1615 547 opus
1655 505 1886 546 exercuerint,

1145 557 1238 590 toties
1264 567 1324 600 pro
1355 557 1504 600 quolibet
1528 558 1770 600 praedictorum
1810 568 1888 601 ope-

1144 620 1216 642 rum
1244 610 1400 643 exercitio
1429 611 1598 652 sexaginta
1623 611 1692 643 dies
1717 612 1756 644 de
1782 611 1888 644 iniun-

1145 663 1203 695 ctis
1235 663 1282 695 eis
1307 674 1364 695 seu
1391 663 1469 696 alias
1495 664 1744 706 quomodolibet
1768 663 1887 696 debitis

1146 716 1360 758 poenitentiis
1382 716 1414 748 in
1434 718 1535 749 forma
1552 717 1716 749 Ecclesiae
1734 718 1888 750 consueta

1898 248 1948 271 An.
1968 247 1995 272 c.
2014 246 2080 274 1732

1147 770 1344 802 relaxamus.
1368 769 1596 802 Praesentibus
1617 769 1785 813 perpetuis
1806 770 1889 803 futu·
1939 785 1942 789 ¹

1147 822 1190 854 ris
1215 823 1417 865 temporibus
1443 823 1601 856 valituris.

1191 874 1263 917 gf).
1296 875 1449 908 Volumus
1480 881 1586 908 autem
1621 876 1708 919 quod
1741 875 1765 908 si
1803 876 1889 909 dicta

1941 885 2040 906 lnhibitio
2055 892 2080 906 ne

1148 929 1396 961 confraternitas
1439 939 1494 961 seu
1539 929 1750 972 congregatio
1793 913 1954 962 alieui'ssitiss
1968 912 2083 960 ἓῗίἑῐῖῗῗέἶ

1864 983 1870 989 ,
1900 967 2007 991 gregatur.

1148 982 1409 1015 confraternitati
1455 987 1650 1025 aggregetur
1689 983 1739 1015 vel
1778 994 1890 1026 quavis

1148 1035 1210 1068 alia
1236 1035 1363 1068 ratione
1388 1035 1528 1075 uniatur,
1554 1047 1612 1068 seu
1639 1036 1734 1068 etiam
1759 1046 1891 1079 quomo-

1150 1089 1276 1121 dolibet
1298 1088 1498 1128 instituatur,
1523 1095 1713 1132 praesentes
1738 1094 1770 1121 et
1794 1100 1892 1132 quae—

1151 1141 1196 1174 vis
1222 1142 1305 1174 aliae
1331 1142 1461 1174 litterae
1488 1142 1686 1184 apostolicae
1721 1142 1786 1175 illis
1822 1142 1894 1175 nul-

1151 1196 1276 1227 latenus
1302 1195 1410 1237 quoad
1435 1194 1655 1237 indulgentias
1680 1200 1712 1227 et
1732 1194 1893 1228 remissio-

1151 1259 1209 1281 nes
1234 1248 1397 1291 praefatas
1423 1247 1653 1289 suffragentur,
1679 1248 1737 1281 sed
1762 1254 1894 1281 extunc

1152 1313 1191 1334 eo
1217 1302 1288 1344 ipso
1313 1312 1446 1345 prorsus
1470 1303 1581 1334 nullae
1606 1301 1680 1334 sint.

1197 1355 1311 1388 Datum
1337 1355 1473 1396 Romae,
1503 1356 1589 1398 apud
1617 1355 1649 1388 S.
1676 1355 1808 1389 Mariam
1833 1356 1895 1389 Ma-

1152 1409 1265 1447 iorem,
1292 1409 1353 1441 sub
1371 1410 1494 1441 annulo
1508 1408 1693 1449 Piscatoris‚
1722 1409 1806 1443 diev
1825 1409 1893 1443 iulii

1151 1472 1336 1503 iinccxxxn,
1362 1461 1571 1506 pontificatus
1593 1463 1699 1495 nostri
1724 1473 1810 1496 anno
1828 1473 1864 1497 11.

1188 1525 1247 1552 Dat.
1264 1525 1307 1552 die
1326 1525 1342 1553 5
1363 1524 1418 1552 iulii
1441 1524 1520 1558 1732,
1542 1524 1638 1560 pontif.
1660 1533 1730 1551 anno
1750 1533 1781 1552 11.

1482 1578 1517 1610 F.
1544 1578 1635 1611 card.
1667 1577 1849 1612 Ouvssmus.

1476 1730 1578 1762 LXVI.

1156 1811 1313 1854 Sequitur
1336 1811 1450 1843 erectio
1475 1810 1619 1843 eiusdem
1639 1810 1901 1853 conqreyatiom‘s

1202 1868 1230 1896 ct
1256 1864 1536 1907 confraternitatis
1570 1864 1605 1896 in
1629 1863 1903 1906 archiconfrater-

1202 1921 1354 1950 nitatem.

1371 1988 1508 2014 Clemens
1528 1988 1609 2021 Papa
1628 1987 1694 2020 XII,

1278 2033 1314 2058 ad
1335 2035 1516 2065 perpetuam
1537 2032 1583 2059 rei
1604 2031 1787 2058 memoriam.

1205 2104 1219 2147 ξ
1244 2103 1276 2137 1.
1303 2104 1427 2146 Exponi
1453 2103 1549 2136 nobis
1566 2114 1673 2146 nuper
1690 2103 1839 2136 fecerunt
1857 2102 1904 2136 di-

1162 2158 1236 2190 lecti
1262 2157 1319 2189 filii
1344 2157 1499 2190 officiales
1517 2162 1549 2189 et
1573 2157 1754 2189 confratres
1778 2156 1905 2189 confra—

1164 2210 1323 2242 ternitatis
1349 2220 1404 2242 seu
1429 2209 1700 2252 Congregationis
1721 2209 1780 2241 sub
1806 2209 1904 2242 deno-

1163 2263 1344 2296 minatione
1370 2274 1427 2296 seu
1455 2263 1546 2296 titulo
1578 2262 1760 2306 Perpetuae
1792 2262 1907 2295 adora-

1166 2318 1264 2349 tionis
1299 2317 1500 2349 sanctissimi
1536 2316 1764 2349 Eucharistiae
1797 2326 1906 2348 sacra-

1164 2372 1278 2410 menti,
1305 2370 1338 2402 in
1359 2370 1516 2402 saeculari
1533 2375 1565 2402 et
1585 2369 1756 2412 collegiata
1769 2369 1907 2402 ecclesia

1165 2423 1194 2456 S.
1217 2423 1333 2456 Mariae
1351 2423 1389 2455 ad
1403 2422 1570 2466 Martyres,
1583 2423 1677 2464 vulgo
1693 2422 1731 2455 de
1751 2421 1907 2455 Rotunda*

1166 2478 1375 2519 nuncupata,
1400 2477 1505 2508 almae
1540 2475 1634 2508 Urbis
1672 2481 1803 2508 nostrae
1840 2476 1905 2509 exi-

1167 2530 1303 2571 stentis,
1329 2530 1418 2572 quod
1443 2540 1503 2562 nos
1529 2539 1588 2572 per
1613 2528 1691 2561 alias
1716 2533 1847 2562 nostras
1872 2528 1904 2561 in

1167 2584 1266 2617 simili
1291 2584 1395 2617 forma
1413 2582 1521 2616 Brevis
1538 2582 1712 2616 novissime
1738 2582 1906 2626 expeditas

1167 2637 1291 2671 litteras
1327 2637 1474 2670 eamdem
1511 2636 1813 2669 confraternitatem
1849 2645 1905 2669 seu

1931 2119 2041 2148 Expositio
2057 2119 2097 2141 rei.
