2182 3137
239 231 289 259 An.
309 231 337 261 c.
357 231 425 260 ¹733
470 223 535 257 510

434 292 528 314 causa
553 283 585 315 in
608 283 755 326 partibus
781 293 888 317 coram
907 284 1026 317 dilecto
1044 295 1171 328 quoque

433 334 501 367 filio
526 340 555 368 et
580 335 672 369 Sedis
698 337 882 380 praedictae
907 337 1027 370 nuncio
1049 343 1171 379 nostro,

434 388 517 431 apud
544 388 706 422 illustrem
729 390 881 423 Poloniae
899 401 1009 433 regem
1029 402 1171 424 commo-

434 448 547 482 rante,
585 443 669 475 inter
701 443 804 477 dictos
836 444 971 477 clericos
1004 446 1169 488 regulares

432 495 600 529 Societatis
626 497 692 530 lesu
727 508 762 530 ex
796 500 860 530 una
892 504 922 531 et
957 498 1170 542 prirnodictos

432 549 567 582 clericos
603 551 768 592 regulares
805 563 839 584 ex
872 553 972 584 altera
1006 552 1169 594 partibus,

432 612 528 645 super
552 604 777 637 observatione
796 605 966 638 memorati
986 606 1104 638 decreti
1123 606 1169 638 in-

433 656 576 689 troducta
601 657 728 697 extitit;
756 669 791 691 ac
816 658 920 691 dictus
944 659 1081 692 nuncius
1113 670 1170 692 no-

431 713 513 749 ster,
551 710 687 753 provide
723 711 956 753 considerans,
983 712 1168 745 instantiam

432 761 588 796 dictorum
615 764 805 797 clericorum
835 766 1033 808 regularium
1063 766 1169 799 Socie-

433 816 505 849 tatis
532 817 599 850 lesu
626 817 779 851 adversus
806 818 908 851 dictas
934 824 1059 852 nostras
1086 820 1167 852 litte-

431 880 504 911 ras,
532 876 620 903 motu
654 871 787 904 scientia
813 878 844 904 et
868 872 1036 915 potestatis
1060 872 1168 915 Jpleni-

432 924 542 957 tudine
577 924 751 967 praedictis
784 931 816 957 ut
846 926 1047 968 praefertur,
1072 936 1168 969 expe-

431 977 536 1017 ditas,
568 988 637 1011 esse
662 984 860 1021 promotam,
896 978 1033 1021 ideoque
1070 989 1168 1022 super

431 1033 466 1063 ea
491 1030 630 1064 animum
649 1037 792 1065 nostrum
818 1032 984 1075 requirere
1009 1032 1168 1065 existima-

430 1085 484 1117 vit.
512 1083 654 1128 Nosque,
681 1095 778 1128 super
804 1085 864 1118 hac
889 1096 922 1118 re
943 1091 1067 1119 mature
1093 1097 1167 1129 pro-

430 1138 544 1172 cedere
570 1139 734 1178 volentes‚
761 1139 909 1172 eamdem
935 1139 1166 1182 Congregatio-

429 1201 502 1225 nem
528 1193 770 1235 particularem,
796 1193 948 1226 videlieet
973 1194 1108 1226 Leandri
1135 1199 1167 1227 et

430 1245 513 1278 Petri
539 1246 660 1289 Aloysii
686 1247 899 1279 cardinalium
922 1252 953 1280 et
978 1247 1086 1280 dilecti
1109 1247 1165 1280 filii

428 1299 530 1332 nostri
556 1299 684 1333 loannis
711 1300 840 1333 Antonii
876 1300 980 1334 dictae
1005 1301 1036 1334 S.
1064 1302 1101 1334 R.
1128 1300 1163 1333 E.

428 1353 609 1398 presbyteri
645 1354 818 1388 cardinalis
843 1354 1022 1398 Guadagni,
1049 1356 1166 1398 primo-

429 1408 589 1441 dictorum
622 1408 815 1442 clericorum
852 1409 1052 1452 regularium
1090 1420 1165 1453 pro-

430 1461 568 1498 tectoris,
586 1461 617 1494 in
644 1461 800 1505 praedicti
818 1462 970 1506 Prosperi
993 1463 1164 1496 cardinalis

427 1515 572 1548 defuncti
604 1516 710 1549 locum
750 1515 892 1557 suffecti,
931 1516 1097 1560 adsignato
1135 1516 1162 1550 ei

428 1568 523 1602 etiam
559 1569 646 1602 dicto
677 1569 881 1603 Nazianzeno
914 1570 1163 1614 archiepiscopo

426 1623 458 1655 in
486 1624 719 1664 secretarium,
745 1623 861 1656 iterum
887 1623 1101 1665 instituimus3
1128 1624 1164 1657 il-

426 1677 514 1720 lique
547 1677 736 1710 clericorum
768 1677 967 1721 regularium
993 1677 1162 1712 Societatis

426 1729 497 1763 Iesu
523 1730 659 1763 civitatis
685 1730 846 1764 Vilnensis
880 1734 911 1765 et
945 1731 1162 1765 universitatis

427 1793 485 1816 seu
522 1783 706 1816 academiae
749 1783 935 1818 huiusmodi
971 1784 1160 1828 privilegia,

427 1847 462 1870 ae
498 1837 728 1881 primodictum
764 1838 950 1879 decretum,
976 1839 1161 1883 litterasque

427 1891 592 1924 Benedicti
617 1891 878 1935 praedecessoris
910 1902 969 1935 pro
995 1892 1062 1925 cius
1087 1903 1163 1926 con-

426 1943 624 1985 firmatione,
650 1950 685 1978 ut
709 1946 902 1989 praefertur,
931 1946 1032 1979 editas
1055 1946 1162 1979 huius-

426 1997 530 2038 modi,
556 2008 683 2031 necnon
709 1999 850 2032 rationes
873 2009 934 2042 per
951 2000 1082 2033 eosdem
1101 2001 1162 2033 cle-

426 2050 510 2084 ricos
546 2052 714 2094 regulares
739 2052 907 2085 Societatis
936 2053 1005 2086 lesu
1031 2053 1062 2086 in
1088 2054 1162 2087 scri-

398 2109 406 2117 ·
426 2105 489 2148 ptis
515 2105 627 2139 allatas
654 2106 858 2140 examinandi
883 2107 1091 2151 praecipuam
1111 2119 1162 2141 cu-

425 2169 492 2192 ram
528 2159 756 2193 commisimus.
790 2160 827 2193 Et
864 2160 946 2194 dicta
978 2161 1162 2204 Congrega-

427 2212 471 2246 tio
495 2213 702 2256 particularis
717 2213 767 2246 die
785 2224 815 2247 Jx
832 2214 953 2247 mensis
970 2215 1161 2258 septembris

426 2266 502 2299 anni
528 2267 673 2310 proxime
699 2263 864 2311 praeteriti
890 2277 1065 2302 MDccxxxn
1091 2269 1162 2311 (au-

426 2319 501 2353 ditis
534 2320 733 2363 primodictis
770 2321 896 2354 clericis
932 2321 1159 2364 regularibus,

426 2374 479 2416 qui
517 2384 534 2407 a
569 2373 694 2407 Scholis
731 2374 794 2407 Piis
827 2375 1095 2415 denominantur,
1126 2387 1162 2409 ac

425 2431 552 2460 mature
577 2427 690 2460 rimata
715 2427 877 2471 scriptura
901 2428 998 2471 legali
1032 2429 1161 2462 univer-

425 2479 527 2513 sitatis
568 2491 624 2514 seu
661 2481 846 2515 academiae
870 2482 1030 2515 Vilnensis
1067 2483 1161 2516 cleri-

425 2543 535 2567 corum
574 2535 771 2577 regularium
810 2535 979 2569 Societatis
1015 2535 1106 2576 lesu,
1143 2547 1160 2570 a

426 2587 589 2631 praedicto
614 2589 732 2623 nuncio
758 2594 868 2623 nostro
894 2589 1097 2632 transmissa,
1124 2602 1160 2625 ac

460 2651 473 2677 1
494 2649 614 2679 Pessime
634 2650 677 2680 ed,
695 2651 777 2680 Maia.
791 2652 859 2688 legit
879 2652 904 2682 is
923 2660 972 2688 pro
993 2652 1028 2681 lis
1047 2655 1091 2689 (n.
1107 2654 1158 2690 τ.).

1009 234 1191 259 BULLARIUM
1215 234 1373 261 ROMANUM

1215 285 1332 319 dilecto
1366 285 1433 319 silio
1465 290 1680 329 procuratore
1717 286 1861 330 generali
1899 286 1948 320 di—

1214 344 1338 372 ctorum
1369 339 1559 372 clericorum
1591 339 1787 383 regularium
1813 339 1948 374 Societa—

1215 393 1253 424 tis
1288 393 1355 425 Iesu
1393 392 1569 436 requisito)
1603 393 1840 426 consulendum
1877 404 1948 427 esse

1214 446 1318 485 nobis,
1340 446 1426 489 quod
1453 446 1649 479 scriberetur
1675 457 1732 490 per
1752 447 1874 480 litteras
1897 447 1950 480 Se-

1214 501 1367 533 cretariae
1393 506 1523 533 nostrae
1557 500 1663 533 Status
1688 501 1792 534 eidem
1830 501 1948 534 nuncio

1214 559 1333 594 nostro,
1354 553 1519 586 decretum
1540 554 1740 596 praedictum
1758 554 1843 587 dicto
1863 565 1948 587 anno

1213 615 1385 639 unccxxvu
1411 605 1443 638 in
1468 608 1565 638 causa
1590 606 1732 640 Yilnensi
1757 607 1946 650 aperitionis

1214 660 1325 691 domus
1343 666 1374 692 et
1390 659 1583 692 Scholarum
1601 659 1728 692 Piarum
1751 666 1946 700 emanatum,

1213 723 1249 745 ac
1274 713 1396 745 litteras
1433 713 1628 756 apostolicas
1664 713 1739 746 dicti
1780 713 1947 747 Benedicti

1212 765 1471 808 praedecessoris
1498 776 1594 809 super
1619 765 1688 799 eius
1705 765 1947 800 confirmatione

1213 819 1243 851 in
1271 820 1371 852 forma
1397 819 1518 860 Brevis,
1546 825 1580 852 ut
1604 820 1796 862 praefertur,
1816 820 1949 864 expedi-

1214 877 1278 911 tas,
1317 883 1380 905 non
1419 872 1548 906 obstare
1585 873 1787 916 primodictis
1822 873 1948 906 clericis

1211 927 1417 968 regularibus
1453 927 1491 959 ad
1529 926 1675 960 ell'ectum
1709 927 1877 970 aperiendi
1914 927 1946 960 in

1211 978 1338 1012 civitate
1364 980 1505 1013 Vilnensi
1530 981 1659 1013 scholas
1685 980 1831 1024 publicas
1851 981 1948 1014 etiam

1211 1032 1418 1066 scientiarum
1444 1034 1617 1076 maiorum,
1644 1037 1767 1067 attenta
1791 1033 1948 1067 constitu-

1212 1086 1298 1120 tione
1324 1097 1360 1120 ac
1386 1087 1608 1120 declaratione
1633 1086 1754 1120 nostris
1772 1087 1948 1131 prae-dictis

1210 1141 1269 1173 sub
1296 1141 1347 1174 die
1373 1151 1382 1174 1
1407 1141 1481 1173 maii
1506 1151 1590 1174 anno
1626 1151 1787 1175 unccxxn
1820 1152 1948 1175 emana-

1211 1194 1261 1234 tis,
1288 1194 1327 1226 ad
1353 1194 1489 1227 sormam
1515 1199 1622 1227 tamen
1659 1194 1804 1227 eiusdem
1827 1194 1946 1228 consti-

1210 1247 1363 1288 tutionis,
1393 1258 1500 1292 neque
1532 1253 1680 1281 constare
1714 1248 1752 1281 de
1777 1249 1948 1292 praetensa

1209 1301 1364 1344 privativa
1397 1301 1617 1335 univcrsitatis
1660 1312 1719 1335 seu
1763 1302 1946 1335 academiae

1209 1355 1366 1388 Vilncnsis
1391 1356 1495 1399 quoad
1521 1355 1673 1389 scientias
1698 1356 1945 1399 philosophicas

1209 1415 1240 1443 et
1264 1409 1475 1452 theologicas,
1502 1409 1596 1442 etiam
1622 1410 1779 1450 morales,
1805 1409 1946 1453 aliasque

1208 1463 1302 1496 etiam
1328 1462 1517 1502 interimam,
1544 1463 1681 1496 censuit.
1707 1463 1868 1507 Factaque
1893 1463 1947 1496 de-

1208 1517 1283 1549 iude
1309 1526 1367 1559 per
1393 1516 1513 1549 dictum
1535 1515 1816 1560 archiepiscopum
1835 1516 1947 1550 eadem

1208 1570 1259 1603 die
1286 1580 1315 1603 lx
1341 1569 1535 1613 septembris
1561 1570 1599 1603 de
1625 1570 1687 1603 hac
1719 1570 1832 1602 ultima
1855 1580 1947 1603 reso-

1207 1623 1328 1657 lutione
1354 1634 1409 1656 seu
1435 1623 1568 1657 decreto
1593 1624 1780 1667 praedictae
1806 1623 1946 1667 Congre-

1206 1677 1343 1720 gatiouis
1368 1677 1573 1720 particularis
1589 1677 1682 1710 nobis
1708 1677 1876 1718 relatione,
1897 1677 1945 1711 illi

1206 1730 1345 1774 benigne
1371 1730 1564 1771 annuimus,
1590 1735 1686 1774 atque
1710 1730 1944 1764 ultimodictam

1206 1785 1441 1818 resolutionem
1473 1795 1528 1818 seu
1566 1785 1749 1825 decretum,
1782 1794 1842 1828 pro
1874 1785 1944 1818 eius

1206 1839 1472 1882 adimplernento‚
1497 1838 1663 1882 praedicto
1688 1838 1809 1871 nuncio
1830 1843 1942 1872 nostro

1207 1892 1380 1925 transmitti
1406 1892 1649 1933 mandavimus;
1672 1891 1841 1936 dictusque
1863 1903 1944 1926 nun-

1206 1947 1271 1979 cius
1297 1951 1419 1986 noster,
1436 1946 1655 1979 ultimodictae
1675 1946 1869 1979 resolutioni
1886 1956 1944 1979 seu

1206 2000 1337 2033 decreto
1362 2000 1422 2033 sihi
1453 2000 1662 2040 transmisso,
1688 2005 1722 2033 ut
1756 2010 1814 2044 par
1850 2005 1942 2042 erat,

1206 2054 1393 2094 inhaerens,
1420 2054 1498 2087 illud
1523 2065 1589 2087 non
1615 2055 1718 2088 solum
1742 2065 1819 2087 voce
1838 2055 1943 2098 palam

1206 2107 1289 2148 fecit,
1314 2108 1371 2141 sed
1393 2107 1489 2140 ctiam
1511 2108 1639 2151 scriptis
1664 2108 1791 2152 prolata
1816 2108 1943 2141 formali

1205 2161 1384 2202 sententia,
1422 2161 1513 2194 cuius
1550 2166 1644 2195 tenor
1677 2166 1742 2194 est:
1787 2174 1799 2193 α
1825 2161 1943 2195 Christi

1205 2215 1336 2248 nomine
1360 2215 1526 2255 invocato,
1552 2225 1612 2258 pro
1639 2215 1793 2248 tribunali
1810 2215 1942 2249 seden-

1206 2275 1261 2309 tes,
1287 2274 1318 2302 et
1342 2269 1447 2302 solum
1475 2269 1575 2301 Deum
1597 2279 1674 2312 prae
1693 2268 1794 2302 oculis
1821 2268 1943 2302 haben-

1205 2327 1264 2363 tes,
1291 2333 1350 2366 per
1376 2322 1459 2355 lianc
1484 2327 1627 2355 nostram
1654 2321 1848 2355 definitivam
1873 2332 1943 2355 sen-

1205 2375 1336 2409 tentiam
1352 2403 1359 2416 ,
1386 2386 1480 2420 quam
1507 2375 1539 2409 in
1564 2376 1614 2409 his
1640 2375 1769 2420 scriptis
1794 2376 1940 2417 serimus,

1204 2429 1236 2462 in
1261 2432 1355 2463 causa
1373 2435 1404 2463 et
1421 2430 1535 2471 causis,
1555 2441 1636 2475 quae
1655 2431 1760 2474 primo
1779 2437 1811 2465 et
1827 2431 1860 2465 in
1877 2431 1942 2476 pri-

1204 2484 1254 2516 ma
1281 2494 1389 2517 coram
1414 2484 1509 2517 nobis
1534 2495 1589 2518 seu
1614 2485 1677 2518 alia
1693 2485 1811 2519 veriori
1829 2496 1940 2520 versae

1203 2537 1334 2570 suerunt
1358 2542 1390 2571 ct
1408 2543 1576 2571 vertuntur
1601 2538 1760 2580 instantia,
1786 2539 1869 2573 inter
1893 2549 1942 2573 re-

1202 2591 1379 2625 verendum
1403 2595 1529 2634 patrem
1547 2590 1767 2625 Sebastianum
1785 2602 1803 2625 a
1825 2592 1857 2626 S.
1873 2592 1940 2626 Sta-

1201 2645 1316 2688 nislao‚
1341 2652 1589 2690 procuratorem
1611 2647 1800 2691 generalem
1826 2657 1936 2681 causa-

1954 238 2005 267 An.
2028 239 2057 267 c.
2075 241 2140 272 ¹733
2176 230 2179 254 ¹
