2182 3137
28 273 74 300 An.
94 270 124 297 C.
144 268 209 296 1733

57 1983 174 2006 etausntau.

65 597 170 625 scientum
181 595 206 616 de

0 646 1 650 ,
28 631 68 653 quo
81 630 100 645 in
115 624 206 644 rubrica.

219 316 293 350 dicti
331 316 458 350 Ordinis
495 316 709 359 assequenda.
744 314 846 353 Quare
883 314 952 358 ipse

217 370 366 403 minister
389 369 570 412 generalis,
598 368 786 402 huiusmodi
823 367 952 401 decreto

218 424 413 462 inhaerens,
438 428 623 466 opportune
658 422 690 455 in
724 421 909 465 praemissis
935 432 952 454 a

217 477 314 510 nobis
339 476 503 520 provideri
539 481 570 509 et
605 481 639 508 ut
671 475 753 508 infra
789 474 952 518 indulgeri

218 540 424 573 summopere
443 529 619 562 desiderat.

261 585 276 628 ἓ
300 583 331 616 ⁶2.
358 583 431 623 Nos,
453 584 601 616 eumdem
619 583 804 616 ministrum
825 592 954 625 genera-

217 639 282 671 lem
302 636 498 680 specialibus
525 637 685 669 lareribus
704 641 736 669 et
751 635 860 678 gratiis
881 645 954 679 pro-

218 689 308 733 sequi
327 691 482 730 volentes‚
499 695 532 722 et
548 700 565 723 a
583 689 750 733 quibusvis
775 699 954 722 exeommu-

217 743 402 783 nicationis,
420 743 646 786 suspensionis
672 748 704 776 et
728 742 900 781 interdicti,
928 753 954 775 a·

217 797 335 841 liisque
354 797 585 830 ecclesiasticis
607 796 789 836 sententiis,
807 795 954 828 censuris

218 854 250 884 et
265 849 392 894 poenis,
412 860 429 882 a
449 850 518 882 iure
542 851 592 883 vel
618 850 657 882 ab
683 850 826 889 homine,
845 849 954 893 quavis

216 904 386 937 occasione
405 905 453 936 rel
475 906 570 936 causa
589 903 670 944 latis,
690 903 714 936 si
735 903 851 947 quibus
877 913 955 946 quo-

215 957 396 990 modolibet
416 956 591 989 innodatus
611 956 727 997 existit,
746 957 784 989 ad
804 956 953 989 etl'ectum

215 1011 437 1055 praesentium
475 1011 640 1044 dumtaxat
665 1011 928 1055 consequendum
944 1038 952 1051 ,

215 1065 331 1097 harum
355 1064 437 1098 serie
463 1064 671 1098 absolventes
706 1071 737 1098 et
771 1065 954 1098 absolutum

215 1118 284 1152 sore
324 1123 519 1158 censentes,
555 1118 847 1162 supplicationibus
887 1119 955 1152 eius

215 1171 345 1205 nomine
370 1172 464 1205 nobis
489 1182 586 1215 super
611 1172 674 1205 liec
696 1172 865 1205 humiliter
885 1182 955 1216 por-

214 1225 313 1259 rectis
349 1224 517 1266 inelinati‚
543 1225 729 1268 auditoque·
758 1226 847 1269 prius
880 1231 954 1259 voto

215 1278 481 1322 Congregationis
506 1279 668 1322 generalis
694 1279 822 1313 Ordinis
860 1290 956 1324 prae-

215 1332 311 1373 dicti,
349 1333 435 1376 qnod
472 1332 504 1364 in
541 1338 710 1375 posterum
744 1333 777 1365 in
802 1333 956 1375 gradibus

216 1386 282 1419 sive
308 1385 422 1419 officiis
454 1385 661 1428 generalibus
695 1385 838 1419 eiusdem
864 1386 956 1419 Ordi-

215 1439 265 1473 nis
282 1441 371 1473 nulla
389 1439 543 1483 temporis
567 1439 690 1473 vacatio
716 1440 901 1483 requiratur
925 1446 957 1474 et

216 1493 340 1527 attendi
367 1493 485 1526 debeat
510 1492 543 1525 in
568 1503 703 1526 ascensu
742 1494 781 1526 ab
808 1493 955 1527 infcriori

215 1548 255 1580 ab
270 1546 474 1590 superiorem
490 1547 641 1589 gradum,
658 1547 690 1579 in
705 1547 864 1580 descensu
882 1557 956 1580 vero

217 1612 234 1633 a
257 1600 418 1645 superiori
444 1601 485 1633 ad
509 1601 714 1642 inferiorem,
738 1603 789 1635 vel
820 1601 955 1634 transitu

217 1654 255 1687 ad
282 1654 449 1697 aequalem
475 1654 632 1697 gradum,
660 1655 777 1698 duplex
818 1655 954 1695 vacatio,

216 1708 300 1741 idest
323 1718 384 1751 per
410 1713 537 1751 tempus
567 1708 704 1741 duorum
741 1708 957 1751 capitulorum

217 1761 429 1806 generalium,
449 1761 514 1794 sive
534 1761 706 1794 duodecim
726 1772 896 1801 annorum,
913 1762 957 1795 in-

219 1814 387 1848 tercedere
407 1814 535 1854 debeat,
554 1815 748 1848 auctoritate
770 1815 957 1859 apostolica,

218 1873 331 1901 tenore
349 1867 580 1911 praesentium,
601 1868 770 1901 statuimus
796 1874 827 1901 et
852 1869 957 1902 decla-

217 1931 339 1954 ramus.

263 1975 278 2018 ἓ
302 1974 333 2008 3.
362 1974 592 2014 Decernentes‚
617 1981 806 2018 praesentes
831 1976 956 2009 litteras

218 2028 344 2068 firmas,
371 2028 493 2061 validas
519 2033 551 2061 ct
576 2028 725 2062 eslicaces
762 2029 900 2063 existere
926 2034 957 2062 et

218 2082 299 2123 sore,
327 2092 469 2125 suosque
496 2082 662 2125 plenarios
689 2088 720 2115 et
745 2083 888 2126 integros
915 2083 957 2115 es-

219 2136 320 2169 sectus
346 2135 453 2168 sortiri
480 2141 510 2167 ct
536 2135 704 2175 obtinere,
731 2146 767 2168 ac
802 2136 842 2168 ab
878 2136 954 2176 illis,

218 2190 257 2222 ad
284 2199 367 2233 quos
393 2194 517 2233 spectat
542 2195 573 2222 ct
598 2200 658 2233 pro
685 2196 830 2233 tempore
856 2201 959 2234 quan-

219 2243 402 2286 documque
427 2244 595 2286 spectabit,
622 2243 654 2276 in
682 2244 833 2276 erunibus
852 2249 882 2277 et
901 2255 960 2288 per

219 2297 327 2330 omnia
353 2296 545 2340 plenissime
580 2302 613 2330 et
646 2297 879 2331 inviolabiliter
903 2298 959 2331 ob-

220 2350 363 2389 servari,
389 2349 501 2393 sicque
527 2350 557 2382 in
583 2350 771 2393 praemissis
788 2361 846 2394 per
867 2361 961 2395 quos-

220 2413 359 2447 cumque
388 2403 512 2435 iudices
529 2403 710 2436 ordinarios
729 2409 759 2437 et
785 2405 958 2447 delegatos,

221 2457 317 2490 ctiam
343 2466 510 2489 causarum
537 2456 647 2499 palatii
674 2457 845 2500 apostolici
871 2457 956 2490 audi-

222 2515 319 2550 tores,
346 2508 480 2541 iudicari
507 2514 538 2542 et
559 2508 685 2542 deliniri
705 2509 842 2550 debere,
868 2520 904 2543 ac
921 2510 961 2543 ir-

222 2563 319 2595 ritum
356 2567 387 2594 et
418 2562 514 2595 inane
547 2562 572 2594 si
611 2572 706 2595 secus
731 2563 906 2606 superbis
944 2574 960 2597 a

222 2625 383 2659 quoquam
400 2642 407 2656 ,
435 2614 545 2658 quavis
571 2615 786 2656 auctoritate,
821 2617 961 2650 scienter

220 2668 270 2702 vel
295 2669 498 2712 ignoranter,
522 2668 696 2712 contigerit
720 2669 885 2702 attentari.

827 265 967 290 CLEMENS
993 266 1038 290 ΧΠ
1062 267 1112 291 PP.

1637 257 1701 291 503

1039 316 1054 358 ἓ
1079 316 1110 349 4.
1137 316 1206 349 Non
1224 316 1428 350 obstantibus
1445 316 1734 350 constitutionibus

996 373 1028 402 et
1052 370 1312 403 ordinationibus
1339 370 1524 413 apostolicis
1542 397 1549 411 ‚
1577 380 1708 403 necnon
1725 397 1733 410 ,

997 427 1156 465 quatenus
1192 433 1274 466 epus
1308 423 1370 462 sit,
1398 423 1526 456 Ordinis
1562 423 1732 466 praedicti,

997 475 1092 507 etiam
1119 475 1312 515 iuramento,
1338 475 1585 510 confirmatione
1604 482 1735 519 aposto-

997 527 1068 567 tica,
1095 529 1144 561 vel
1170 529 1283 571 quavis
1310 528 1459 561 firmitate
1485 529 1547 562 alia
1565 529 1736 568 roboreus,

998 581 1125 614 statutis
1151 587 1181 614 et
1206 583 1497 615 consuetudinibus
1514 610 1521 622 ,
1554 583 1736 626 privilegiis

997 645 1151 678 quoque,
1178 635 1311 668 indultis
1347 641 1377 667 et
1402 635 1518 669 litteris
1551 636 1738 679 apostolicis

998 687 1027 720 in
1056 688 1254 721 contrarium
1280 689 1533 732 praemissorum
1559 690 1736 732 quomodo·

998 741 1080 774 libet
1104 742 1276 780 concessis,
1303 741 1518 779 confirmatis,
1546 743 1738 784 approbatis

999 800 1031 827 et
1047 794 1221 835 innovatis,
1243 795 1358 838 quibus
1375 794 1525 828 omnibus
1544 801 1574 828 et
1590 795 1739 837 singulis,

999 847 1126 880 illorum
1149 852 1276 880 tenores
1302 847 1530 891 praesentibus
1556 857 1615 890 pro
1641 848 1739 890 plene

999 907 1031 934 et
1055 900 1258 934 sufficienter
1287 899 1450 943 expressis
1477 905 1509 932 et
1534 900 1663 932 insertis
1689 900 1740 932 lia·

998 955 1137 992 bentes‚
1166 955 1230 987 illis
1256 953 1332 987 alias
1367 954 1397 986 in
1431 965 1491 987 suo
1523 954 1641 987 robore
1667 964 1742 997 per-

1000 1008 1187 1050 mansuris,
1213 1008 1251 1040 ad
1288 1007 1542 1050 praemissorum
1569 1006 1717 1040 ess'ectum
1734 1033 1741 1047 ,

1000 1062 1061 1094 bac
1093 1061 1161 1094 vice
1195 1061 1381 1100 dumtaxat,
1407 1060 1594 1104 specialiter
1626 1065 1657 1093 et
1690 1070 1743 1093 ex-

1000 1125 1112 1158 presse
1132 1114 1345 1156 derogamus;
1365 1113 1545 1157 ceterisque
1571 1113 1742 1146 contrariis

1000 1169 1278 1212 quibuscumque.

1043 1222 1155 1255 Datum
1181 1222 1310 1263 Romae,
1337 1221 1421 1266 apud
1445 1221 1477 1255 S.
1497 1221 1627 1254 Mariam
1651 1220 1744 1255 Maio-

999 1286 1077 1317 rem,
1092 1276 1151 1308 sub
1170 1276 1290 1308 annulo
1310 1274 1491 1315 piscatoris,
1511 1275 1563 1307 die
1581 1285 1652 1308 xx1x
1667 1274 1743 1307 maii

999 1338 1199 1368 ilnccxxrlu,
1216 1327 1426 1372 pontificatus
1451 1328 1551 1361 nostri
1579 1338 1665 1360 anno
1691 1337 1739 1360 111.

1034 1392 1096 1418 Dat.
1119 1391 1162 1418 die
1182 1391 1215 1418 29
1236 1391 1297 1418 maii
1320 1391 1402 1423 1733,
1424 1391 1519 1426 pontif.
1536 1398 1607 1417 anno
1628 1397 1668 1417 111.

1289 1445 1324 1478 F.
1352 1445 1441 1480 card.
1468 1444 1653 1478 Otirnnirs.

1322 1597 1422 1631 xcx'l.

1000 1669 1216 1713 Indalqenlia
1238 1669 1392 1713 plrizaria
1413 1673 1567 1712 perpetua
1589 1679 1648 1713 pro
1670 1668 1746 1701 visi-

1047 1725 1193 1758 tantibus
1214 1724 1361 1757 ecclesias
1385 1723 1618 1756 wnonaclzorum
1637 1727 1664 1756 el
1680 1732 1746 1755 mo-

1045 1778 1201 1817 nialium,
1232 1782 1295 1810 lam
1324 1778 1478 1810 hactenus
1503 1780 1621 1809 metas
1646 1787 1745 1820 quam,

1046 1833 1082 1865 in
1094 1836 1258 1876 posterum
1274 1830 1547 1875 quandocumque
1564 1829 1745 1873 erisJendas,

1049 1885 1318 1929 C011q⁷¹eyali'‹mis
1343 1885 1375 1918 S.
1403 1884 1581 1924 Benedicti,
1609 1884 1645 1916 in
1668 1885 1745 1927 sesto

1045 1939 1077 1973 S.
1105 1938 1255 1973 Silveslri
1278 1938 1405 1971 abbatis
1438 1937 1542 1970 dictae
1569 1937 1746 1980 Conqrcya-

1047 1992 1144 2026 lionis
1169 1991 1379 2025 instituloris.

1210 2072 1344 2099 Clemens
1366 2072 1444 2105 Papa
1463 2071 1534 2106 ΧΠ,

1121 2117 1157 2144 ad
1178 2119 1353 2151 perpetuam
1375 2116 1421 2143 rei
1440 2116 1621 2143 memoriam.

1046 2188 1241 2222 Caelestium
1268 2198 1439 2221 munerum
1465 2188 1649 2227 thesauros,
1669 2198 1745 2232 quo-

1004 2254 1075 2276 rum
1103 2241 1382 2286 dispensationem
1419 2241 1492 2274 fidei
1522 2247 1654 2274 nostrae
1680 2252 1746 2274 crc-

1003 2296 1082 2329 didit
1100 2295 1206 2329 divina
1225 2295 1380 2338 dignatio,
1401 2295 1542 2328 libenter
1561 2305 1743 2338 erogamus,

1003 2361 1075 2384 cum
1101 2350 1141 2382 ad
1168 2349 1339 2382 fovendam
1364 2348 1631 2392 excitandau‘ique
1667 2348 1746 2381 fide-

1003 2404 1080 2437 lium
1107 2403 1313 2436 devotionem
1340 2401 1512 2435 salubriter
1538 2402 1690 2445 expedire
1712 2402 1742 2435 in

1004 2456 1142 2490 Domino
1168 2455 1374 2488 arbitramur.

1047 2509 1119 2553 §l.
1154 2507 1453 2552 Supplicationibus
1489 2507 1599 2552 itaque
1635 2508 1743 2542 dilecti

1004 2564 1060 2597 lilii
1088 2563 1254 2597 Benedicti
1274 2563 1427 2603 Biancini‚
1447 2563 1671 2606 procuratoris
1689 2574 1744 2606 ge-

1004 2617 1125 2650 neralis
1150 2616 1387 2650 monachorum
1412 2616 1541 2649 Ordinis
1562 2616 1665 2650 sancti
1683 2617 1743 2650 Be-

1004 2669 1123 2703 nedicti
1166 2668 1434 2713 Congregationis
1476 2669 1741 2705 Silvestrinorum

1747 266 1795 292 An.
1817 264 1931 292 C.1733

1819 328 1854 348 nm
1861 328 1932 353 offitio

1745 357 1908 376 contr-anunm..

1783 2196 1904 2217 Exordium.

1769 2516 1790 2537 lu
1800 2517 1900 2541 lulgnutia
1912 2517 1937 2538 do

1756 2549 1797 2570 qna
1814 2550 1833 2565 m
1847 2546 1938 2565 rubrica.
