2182 3137
40 229 92 258 ΑΒ.
108 227 138 255 C.
157 226 226 254 1732

67 525 98 546 De
108 524 224 553 correctio-

40 552 102 573 nibus
116 553 137 571 ot.
151 556 224 576 poeni-

39 578 112 627 ffigtiis
120 577 223 599 adhiben-

856 222 997 246 CLEMENS
1020 223 1064 246 ΧΠ
1088 224 1135 246 PP.

236 283 274 304 ne
296 273 457 303 remedium
477 272 649 308 differendo,
666 270 859 301 difficiliorem
883 269 977 299 morbi

236 321 418 352 curationem
440 321 559 350 saciant.

276 379 314 399 w.
339 370 476 405 Quamvis
491 369 520 398 in
540 369 649 398 virtute
672 366 854 397 obedientiae
876 366 978 396 iubere

236 419 360 459 possint,
384 418 501 448 nonnisi
524 417 672 447 rarissime
687 421 717 446 et
745 415 826 454 gravi
854 419 978 453 urgente

235 469 322 497 causa
344 467 373 496 id
397 467 515 496 saciant.

275 524 324 545 vn.
348 515 379 544 In
403 513 635 544 correctionibus
668 517 696 543 et
723 511 911 551 poenitentiis
933 511 978 540 in-

234 564 390 602 iungendis
421 568 542 593 caveant
574 563 745 592 iracundiae
777 565 827 590 aut
857 560 977 590 alterius

235 623 342 653 pravae
364 612 527 642 affectionis
545 612 695 651 speciem3
716 610 764 640 sed
784 619 977 649 personarum

235 662 459 702 dispositionem
474 662 671 698 considerent,
689 659 903 689 aedificationis
914 659 979 688 uni-

236 712 358 742 versalis
381 715 408 741 et
432 710 617 750 particularis
634 710 750 739 illarum
766 709 909 738 rationem
929 709 979 737 ha-

235 760 348 790 bentes.
372 761 433 790 Nisi
463 764 560 789 autem
594 758 747 798 prudentia
780 757 869 787 rebus
892 757 979 796 parti-

236 809 385 839 cularibus
420 808 585 838 adhibenda
619 807 699 836 aliud
731 806 913 844 dictaverit,
948 807 976 835 in

235 857 466 888 correctionibus
489 856 703 896 procedendum
721 856 776 885 erit
792 855 845 884 hoc
862 855 976 892 ordine,

235 911 267 937 ut
289 907 339 946 qui
363 910 484 946 peccant
498 930 505 943 ,
533 905 627 944 primo
649 905 678 934 in
702 905 844 934 charitate
868 909 896 933 et
914 904 979 933 dul-

235 955 338 985 cedine
361 955 592 989 admoneantur3
617 953 745 983 secundo
775 953 805 982 in
835 953 978 983 charitate

234 1004 364 1043 quidem,
388 1003 438 1032 sed
461 1012 494 1032 eo
518 1007 612 1032 tamen
637 1002 733 1040 niodo,
760 1007 792 1032 ut
813 1002 855 1031 eis
877 1003 979 1032 consu-

235 1055 278 1083 sio
295 1057 323 1083 et
337 1052 426 1082 robur
442 1052 607 1089 inficiatur,
623 1052 721 1085 tertio,
741 1052 832 1081 amori
855 1061 886 1081 ea
903 1062 977 1092 quae

235 1103 370 1133 timorem
393 1102 551 1138 incutiant,
569 1102 592 1130 si
617 1111 689 1140 opus
706 1101 772 1137 erit,
790 1101 975 1131 adiiciuntur.

234 1152 273 1182 De
296 1151 421 1191 publicis
453 1160 521 1180 vero
554 1150 714 1180 defectibus
747 1150 861 1189 publica
892 1151 978 1180 debet

235 1209 298 1230 esse
321 1199 510 1239 poenitentia.

274 1257 334 1278 vni.
357 1248 404 1278 Sic
427 1248 563 1286 regimini
597 1247 719 1277 aliorum
746 1252 807 1278 tum
831 1248 975 1287 spirituali

236 1302 295 1328 tum
312 1298 400 1327 etiam
423 1297 576 1336 temporali
600 1297 784 1335 incumbant,
803 1302 834 1327 ut
853 1298 926 1327 nihil
942 1298 976 1327 (Ie

235 1347 378 1377 virtutum
397 1345 668 1382 exercitationibus,
688 1347 882 1386 propriaeque
902 1347 977 1376 salu-

236 1396 274 1426 tis
291 1398 359 1426 curii
376 1396 538 1425 remittant.
556 1395 658 1425 Omnia
677 1395 777 1433 igitur,
792 1405 866 1434 quae
881 1396 914 1425 ad
932 1405 977 1425 re-

236 1444 369 1483 ligiosam
384 1444 591 1483 perfectionem
609 1449 751 1483 spectant,
767 1444 976 1483 monachisque

236 1503 305 1531 erga
328 1493 448 1523 abbates
471 1498 498 1523 et
520 1494 688 1532 superiores
711 1494 872 1523 exercenda
894 1504 975 1533 prae-

237 1543 408 1582 cipiuntur,
432 1547 464 1572 ut
487 1547 555 1582 puta
587 1543 750 1572 reddendae
779 1544 976 1573 conscientiae

237 1592 323 1629 ratio,
341 1601 474 1621 recessus
490 1601 504 1620 a
521 1592 670 1621 communi
689 1592 811 1621 aliorum
829 1593 976 1622 consortio

236 1649 289 1679 per
310 1641 421 1679 aliquot
442 1640 504 1669 [lies
531 1640 728 1679 spiritualium
754 1641 975 1670 meditationum

235 1690 334 1724 causa,
349 1694 377 1718 et
393 1693 489 1718 cetera
505 1689 689 1725 huiusmodi,
708 1699 740 1718 ea
753 1689 788 1718 ab
805 1690 877 1728 ipsis
890 1690 976 1719 abba-

235 1736 314 1766 tibus
330 1742 358 1766 et
377 1737 579 1776 superioribus
601 1738 732 1767 facienda
756 1738 973 1776 intelliguntur.

296 1786 363 1817 CAP.
385 1786 421 1816 Il.
444 1805 483 1809 --
504 1786 544 1816 De
566 1787 699 1825 regimine
720 1792 745 1816 et
766 1788 798 1817 de
820 1788 915 1817 ordine

368 1841 447 1874 alque
463 1837 688 1872 praemninenthi
709 1836 843 1866 abbatum.

275 1894 295 1914 1.
313 1884 382 1915 Cum
401 1885 522 1922 dudum,
539 1884 590 1914 Dei
606 1885 720 1915 favente
737 1885 843 1923 gratia,
861 1896 897 1915 ex
914 1886 976 1925 plu-

235 1932 312 1963 rium
336 1934 579 1963 monasteriorum
611 1933 728 1963 Ordinis
762 1935 854 1964 sancti
885 1935 976 1974 patris

236 1982 328 2012 nostri
353 1983 467 2012 Antonii
491 1983 600 2012 unione
622 1984 812 2021 Congregatio
832 1988 929 2014 nostra
946 1985 975 2014 in

235 2031 358 2061 Domino
387 2031 550 2069 coaluerit,
575 2041 699 2071 cunique
732 2033 760 2061 in
792 2033 870 2062 omni
904 2032 976 2063 bene

238 2080 396 2110 constituto
420 2080 571 2110 hominum
594 2085 677 2110 coetu
707 2090 825 2109 necesse
848 2081 885 2110 sit
913 2091 975 2111 esse

235 2129 381 2168 aliquem,
399 2130 442 2159 vel
460 2130 545 2159 etiam
566 2131 677 2169 plures,
700 2130 749 2169 qui
773 2130 840 2159 honi
860 2131 977 2160 univer-

235 2179 305 2209 salis
327 2188 427 2208 curam
451 2183 574 2217 gerant,
600 2183 717 2218 praeter
739 2189 787 2209 eos
810 2180 858 2219 qui
888 2180 976 2210 certis

236 2229 394 2268 provinciis
411 2233 438 2258 et
455 2229 681 2268 particularibus
697 2229 882 2259 monasteriis
895 2239 976 2268 prae-

235 2281 312 2311 sunt,
331 2277 483 2315 eligendus
498 2281 541 2306 est
557 2277 646 2306 abbas
658 2277 814 2315 generalis,
832 2278 881 2316 qni
899 2278 975 2308 hunc

235 2325 290 2356 sibi
314 2326 401 2356 finem
437 2326 593 2356 constituat
624 2330 655 2355 ut
681 2326 817 2355 universa
850 2326 975 2365 Congre-

234 2375 312 2413 gatio
335 2375 543 2404 monachorom
576 2374 649 2404 bene
681 2375 882 2413 gubernetur,
907 2386 975 2405 con-

235 2428 368 2454 servetur
391 2428 420 2454 et
442 2428 593 2462 augeatur.

276 2482 306 2503 11.
330 2473 424 2509 Quare
447 2478 574 2512 potestas
595 2473 707 2503 abbatis
729 2474 874 2512 generalis
897 2485 975 2505 suin-

237 2531 282 2552 ma
306 2523 372 2560 erit,
389 2527 417 2552 et
432 2522 466 2552 ad
490 2532 590 2552 omnes
612 2527 640 2552 et
664 2532 715 2561 per
737 2523 833 2552 onmia
857 2533 908 2562 pro
930 2534 975 2553 sa-

237 2580 352 2601 crorum
371 2581 516 2601 canonum
533 2572 723 2610 dispositione
751 2577 974 2612 nostrarumque

235 2620 476 2650 constitutionum
497 2621 676 2659 praescripto
699 2621 880 2650 extendatur.

1665 214 1730 248 349
1776 223 1871 250 Aac.
1893 223 1962 251 1732

1060 279 1101 300 in.
1126 271 1152 300 Is
1187 281 1273 310 porro
1303 272 1337 301 ad
1367 272 1528 302 triennium
1563 272 1763 302 instituendus
1787 286 1960 310 ,umasgenera-

1021 323 1074 356 est,
1099 329 1157 358 quo
1179 320 1312 359 expleto,
1337 321 1395 350 nisi
1417 331 1431 350 a
1455 320 1686 359 congregatione
1714 330 1764 359 ge·
1775 311 1957 359 ξξςῗῇιξζζῗαζῖω

1021 367 1113 396 nerali
1136 367 1170 397 ad
1193 368 1317 397 alterum
1350 368 1510 398 triennium
1543 369 1737 399 confirmetur
1752 394 1759 405 ‚

1020 415 1150 444 officium
1172 416 1311 446 continuo
1334 417 1475 447 dimittat.

1060 472 1098 492 iv.
1123 463 1154 492 In
1177 463 1343 494 subsidium
1367 474 1435 494 vero
1458 466 1611 503 regiminis
1634 466 1763 503 generali
1794 478 1958 506 fingendiqua.

1020 511 1129 548 abbati,
1147 513 1176 542 in
1193 521 1259 542 eam
1275 523 1362 552 quam
1381 514 1508 543 dlximus
1522 515 1761 554 amplitudinem,
1774 508 1821 526 ‘¹¹⁰‘
1837 506 1957 531 hegumeni.

1020 561 1186 599 commissi,
1211 562 1337 600 eligendi
1368 568 1456 593 erunt
1477 564 1506 593 in
1535 565 1763 602 congregatione

1021 610 1151 648 generali
1164 615 1290 649 quatuor
1306 611 1474 649 hegumeni,
1492 622 1616 651 quorum
1633 614 1761 643 osticium

1022 659 1132 697 pariter
1154 659 1188 688 ad
1212 659 1371 688 triennium
1395 660 1523 698 durabit,
1538 661 1593 691 nisi
1609 662 1645 691 ab
1660 663 1761 692 eadem

1021 708 1250 746 congregatione
1263 709 1393 746 generali
1408 709 1443 738 ad
1456 709 1580 739 alterum
1600 711 1760 740 triennium

1021 757 1243 786 confirmentur.

1062 814 1090 834 v.
1114 805 1244 843 Singulis
1266 810 1364 835 autem
1388 805 1547 844 provinciis
1566 810 1594 835 et
1618 812 1762 837 monaste—

1021 855 1085 893 riis,
1103 854 1224 884 abbates
1247 854 1467 894 praeficiantur.
1487 864 1612 894 quorum
1636 860 1763 894 potestas

1021 904 1107 933 etiam
1132 904 1247 942 expleto
1271 908 1302 933 ut
1324 913 1413 942 supra
1436 903 1563 933 triennio
1586 904 1721 933 cessabit.

1061 962 1099 982 vi.
1123 952 1318 988 Quamobrem
1339 952 1470 991 quolibet
1493 953 1622 982 triennio
1643 962 1764 991 congre·
1783 971 1959 994 „mummu-

1021 1002 1098 1040 gatio
1120 1002 1267 1040 generalis
1289 1001 1419 1040 cogenda
1442 1006 1506 1038 est,
1538 1002 1572 1031 ad
1604 1011 1690 1041 quam
1715 999 1957 1047 vo-f,¹j‚',[,end1{2‘³¹¹⁸¹’c³g¹,']{

1021 1051 1105 1080 candi
1122 1050 1157 1080 ab
1173 1050 1278 1080 abbate
1294 1050 1424 1089 generali
1440 1055 1539 1088 erunt,
1557 1056 1673 1089 praeter
1690 1052 1876 1090 (lua-³¹·222220·

1022 1105 1088 1130 tuor
1111 1101 1291 1138 hegumenos
1319 1104 1608 1139 supramemoratos,
1632 1100 1762 1130 omnium

1021 1149 1239 1189 provinciarum
1263 1152 1292 1178 et
1310 1149 1556 1179 monasteriorum
1574 1149 1706 1187 abbates,
1723 1155 1764 1178 at-

1020 1208 1077 1238 que
1100 1198 1239 1227 officiales
1271 1197 1418 1235 maiores,
1443 1202 1471 1227 et
1502 1202 1645 1237 quotquot
1668 1197 1763 1227 officio

1020 1247 1178 1286 generalis,
1195 1247 1352 1284 hegumeni
1367 1251 1395 1276 et
1410 1246 1522 1277 abbatis
1538 1247 1667 1276 defuncti
1683 1252 1761 1283 sunt,

1021 1298 1106 1326 modo
1128 1306 1186 1326 non
1220 1296 1330 1326 suerint
1358 1295 1393 1326 ob
1415 1296 1528 1335 aliquos
1563 1296 1693 1326 desectus
1716 1296 1763 1326 de-

1021 1347 1118 1386 positi.

1058 1405 1106 1425 vn.
1133 1395 1225 1425 liuius
1248 1395 1394 1433 generalis
1423 1395 1659 1433 congregationis
1683 1400 1764 1434 pote-

1018 1450 1077 1475 stas
1100 1445 1129 1474 in
1152 1444 1260 1475 Ordine
1279 1449 1379 1474 nostro
1402 1452 1539 1483 suprema
1563 1448 1617 1480 est,
1642 1453 1764 1481 genera-

1018 1495 1132 1533 lemque
1155 1493 1289 1523 abbatem
1320 1498 1347 1523 et
1370 1493 1550 1531 hegumenus
1571 1493 1759 1531 confirmare,

1018 1548 1104 1582 atque
1127 1543 1213 1572 etiam
1228 1566 1235 1579 ,
1260 1542 1283 1571 si
1312 1551 1385 1581 opus
1408 1542 1495 1571 suerit
1510 1565 1517 1578 ,
1541 1542 1688 1581 deponere
1712 1552 1761 1581 po-

1018 1597 1084 1623 test.

1058 1650 1117 1671 vin.
1149 1640 1341 1678 Congregatio
1374 1641 1607 1678 hegumenorum
1636 1640 1761 1678 singulis

1018 1691 1119 1720 saltem
1154 1689 1343 1719 semestribus
1375 1689 1410 1718 ab
1442 1688 1547 1719 abbate
1580 1690 1708 1727 generali
1732 1694 1761 1720 et

1018 1744 1143 1779 quatuor
1176 1739 1348 1777 hegumenis
1377 1738 1541 1775 habeatur,
1565 1738 1686 1777 eiusque
1711 1748 1761 1778 po·

1018 1793 1107 1818 testas
1129 1797 1231 1817 omnes
1252 1791 1280 1817 et
1303 1786 1400 1816 omnia
1423 1787 1583 1823 contineat,
1607 1787 1695 1817 salvis
1719 1792 1759 1817 ta-

1018 1848 1082 1867 men
1106 1837 1252 1875 generalis
1274 1836 1508 1874 congregationis
1529 1836 1665 1866 decretis.

1058 1895 1097 1916 ix.
1122 1885 1256 1921 Quolibet
1278 1894 1354 1915 anno
1384 1885 1572 1923 congregatio
1591 1885 1760 1924 provinciae

1018 1935 1053 1964 ab
1076 1935 1179 1964 abbate
1195 1934 1323 1964 eiusdem
1341 1933 1509 1973 provinciae
1526 1938 1554 1963 et
1568 1933 1690 1973 reliquis
1710 1934 1760 1964 ab-

1018 1984 1137 2014 batibus
1161 1983 1405 2013 monasteriorum
1427 1982 1625 2011 subiectorum
1639 1984 1659 2020 ¹,
1684 1983 1760 2012 eius-

1018 2043 1074 2073 que
1097 2037 1224 2072 potestas
1240 2033 1269 2062 in
1293 2032 1441 2071 provincia*
1465 2040 1576 2060 summa
1600 2036 1653 2068 est,
1671 2031 1758 2062 salvis

1018 2083 1143 2112 decretis
1162 2081 1275 2111 abbatis
1291 2081 1437 2119 generalis
1453 2085 1480 2110 et
1496 2081 1754 2119 congregationum

1018 2135 1345 2172 supramemoratarum.

1059 2191 1086 2210 x.
1104 2179 1239 2216 Quolibet
1257 2179 1359 2209 saltem
1378 2188 1477 2209 mense
1495 2178 1683 2217 congregatio
1699 2188 1759 2208 mo·
1793 2217 1796 2219 Δ
1812 2186 1951 2208 ‹auur-mino

1018 2230 1176 2259 nachoruni
1198 2228 1234 2257 ab
1257 2227 1359 2257 abbate
1383 2227 1551 2257 monasterii
1574 2232 1602 2257 et
1624 2228 1758 2258 sacerdo·
1768 2213 1926 2234 “¹''¹¹³⁰h“¹¹¹'¹¹'

1018 2278 1094 2308 tibus
1117 2277 1264 2318 professis,
1280 2286 1352 2316 quos
1374 2276 1464 2306 abbas
1485 2276 1630 2315 generalis
1646 2277 1671 2306 ei
1687 2286 1755 2307 con-

1016 2328 1141 2357 sultores
1164 2326 1369 2364 assignaverit,
1394 2326 1463 2363 liat,
1487 2325 1607 2364 eiusque
1629 2330 1757 2365 potestas

1016 2377 1044 2407 in
1069 2376 1246 2406 monasterio
1278 2384 1390 2404 summa
1423 2378 1466 2403 cst
1483 2398 1490 2412 ,
1514 2374 1601 2403 salvis
1633 2374 1757 2404 decretis

1016 2426 1274 2465 congregationum
1298 2424 1523 2461 antedictarum,
1547 2423 1641 2462 iisque
1664 2423 1757 2454 omni-

1016 2476 1082 2514 bus,
1106 2485 1180 2515 quae
1203 2474 1292 2503 abbas
1323 2473 1470 2512 generalis
1504 2472 1546 2502 vel
1580 2472 1668 2502 abbas
1692 2482 1757 2512 pro-

1016 2525 1129 2554 vinciae
1147 2523 1358 2553 ordinaverint.

1800 822 1892 842 Animis-s
1913 830 1957 843 nm.

1774 851 1912 869 austeriorum

1814 1650 1954 1675 (longi-agalia

1771 1676 1944 1699 liessumeuoiuxn.

1814 1893 1954 1923 (iongrcgatio

1769 1924 1900 1944 provinciae.

1053 2627 1063 2653 1
1086 2626 1185 2661 Supple
1204 2625 1346 2652 habeatur
1364 2624 1405 2651 vel
1423 2624 1474 2658 fiat
1495 2625 1532 2659 (n.
1547 2625 1597 2658 T.)-
