2182 3137
209 173 261 200 An.
284 171 314 198 C.
333 171 403 198 ¹730
449 163 514 195 ¹152

247 1712 342 1738 Deputat
356 1717 404 1738 spe·

218 1740 284 1760 ciales
321 1739 403 1759 littera-

220 1772 264 1786 rum
274 1765 347 1786 harum
358 1772 403 1786 exe-

219 1794 328 1819 quutores.

988 173 1171 196 animalum

410 220 563 260 fabricae,
590 226 644 252 aut
661 221 829 253 beneficiis
849 221 1036 264 praedictis,
1055 220 1150 253 etiam

409 285 472 317 pro
490 274 698 317 expeditione
717 280 830 307 eontra
849 274 1010 315 infideles,
1035 279 1068 308 et
1085 274 1153 317 qui-

408 327 516 359 busvis
552 327 623 360 aliis
664 328 904 370 quantumlibet
938 328 1001 371 piis
1040 328 1150 360 usibus

409 380 614 420 solvendum,
633 391 670 413 ac
695 392 767 413 cnm
791 381 830 414 iis
856 381 996 424 desuper
1017 392 1152 424 compo-

410 432 567 465 nendam¹
586 434 637 466 vel
655 444 710 466 vos
737 434 776 466 ad
801 434 896 467 aliam
922 434 1152 477 particularem

410 485 577 519 licentiam
610 487 676 519 sive
710 487 873 520 indultum
899 493 951 520 aut
981 487 1154 520 confirma-

411 539 533 572 tionem
560 541 779 582 praesentium
797 552 814 573 a
832 540 927 573 nobis
949 541 997 573 vel
1023 551 1154 572 succes-

409 593 541 625 soribus
582 593 701 626 nostris
746 593 900 626 Romanis
943 593 1154 626 Pontificibus
1175 615 1177 630 i

410 645 589 688 petendum
615 650 669 678 aut
693 645 952 689 impetrandum,
981 647 1028 678 vel
1055 646 1152 678 etiam

413 698 445 730 in
473 698 535 731 alia
561 698 656 731 simili
684 699 788 740 gratia
821 709 878 731 seu
905 699 1154 732 confirmatione

410 751 500 784 illius
514 752 606 785 vobis
620 753 929 795 quomodocumque
942 752 1153 784 concedenda
1175 794 1177 807 ,

414 805 453 837 de
469 805 633 848 praesenti
653 806 852 839 mentionem
873 806 1013 848 aliquam
1034 806 1155 838 facien·
1176 820 1177 827 1

413 857 487 889 dam
513 858 677 890 ullatenus
704 859 827 898 teneri,
854 869 915 891 nec
949 859 987 890 ad
1025 858 1057 890 id
1090 859 1155 890 ulla

413 920 556 952 unquam
582 911 775 943 necessitate
792 911 863 953 cogi
882 921 991 953 posse,
1012 917 1043 943 et
1060 910 1104 942 sic
1122 910 1154 942 in

416 963 608 1005 praemissis
623 963 773 996 erunibus
788 970 819 996 et
834 964 969 1006 singulis
984 974 1043 1006 per
1063 974 1156 1006 quos-

411 1026 552 1058 cumque
578 1016 701 1048 iudices
724 1016 909 1049 ordinarios
928 1022 960 1048 et
977 1017 1153 1057 delegatos,

412 1068 510 1100 etiam
537 1078 703 1100 causarum
728 1069 839 1111 palatii
870 1068 1038 1111 apostolici
1066 1068 1155 1100 audi-

414 1126 500 1153 tores
525 1126 557 1154 et
591 1121 737 1154 eiusdem
763 1121 795 1154 S.
824 1121 861 1153 R.
888 1121 923 1153 E.
951 1121 1154 1160 cardinaleS,

414 1184 541 1206 necnon
576 1184 634 1217 pro
668 1179 814 1217 tempore
841 1174 1016 1207 existentes
1050 1174 1155 1207 dictae

415 1227 568 1260 Gamerae
612 1227 826 1259 camerarium
862 1226 1086 1270 praesidentes
1125 1228 1178 1265 et}

412 1281 548 1313 clericos
564 1307 571 1320 ,
596 1280 629 1312 in
656 1279 765 1322 quavis
790 1281 886 1313 causa
918 1286 950 1312 et
981 1279 1153 1320 instantia,

413 1334 541 1366 sublata
575 1333 622 1366 eis
655 1339 687 1365 et
718 1344 832 1366 eorum
871 1333 1006 1366 cuilibet
1044 1333 1156 1376 quavis

414 1386 510 1418 aliter
535 1386 698 1419 iudicandi
726 1392 758 1418 et
789 1386 1025 1429 interpretandi
1056 1386 1156 1419 sacul—

414 1444 477 1471 tate
504 1445 535 1471 et
564 1439 773 1479 auctoritate,
798 1439 935 1472 iudicari
966 1444 998 1472 et
1028 1438 1156 1472 deffiniri

414 1492 550 1532 debere;
577 1502 614 1525 ac
639 1492 767 1524 irritum
810 1496 841 1524 et
871 1492 969 1525 inane
1001 1492 1028 1524 si
1062 1502 1155 1525 secus

415 1555 516 1588 super
542 1545 593 1577 his
619 1555 636 1577 a
662 1555 844 1588 quoquam,
872 1545 982 1588 quavis
1015 1546 1156 1578 auctori-

414 1602 490 1637 tate,
515 1597 656 1629 scienter
681 1598 730 1630 vel
749 1597 953 1639 ignoranter,
980 1597 1179 1640 contigerit*

413 1650 578 1683 attentari.

459 1705 474 1747 ἓ
500 1704 531 1737 9.
559 1704 713 1742 Quocirca
738 1704 977 1737 venerabilibus
1003 1704 1156 1737 fratribus
1178 1697 1179 1704 ¹

412 1757 534 1790 nostris
559 1756 697 1790 Ostiensi
735 1762 767 1789 et
803 1757 971 1790 Portuensi
1009 1758 1179 1806 cardina-i

414 1810 499 1843 libus
539 1810 702 1853 episcopis
735 1815 767 1842 et
799 1811 918 1843 dilecto
944 1811 1010 1843 sitio
1047 1811 1179 1843 curiae}

415 1873 584 1896 causarum
610 1863 766 1896 Gamerae
785 1864 990 1906 Apostolicae
1011 1864 1155 1906 generali
1178 1900 1179 1913 χ

415 1916 556 1948 auditori
583 1927 642 1959 per
668 1916 845 1959 apostolica
877 1916 999 1959 scripta
1024 1917 1157 1949 manda-

414 1980 486 2003 mus
504 1975 591 2003 motu
611 1969 722 2010 simili,
744 1975 902 2012 quatenns
922 1970 991 2013 ipsi,
1011 1971 1061 2003 vel
1082 1971 1155 2010 duo,

415 2028 470 2055 aut
496 2033 578 2055 unus
606 2033 729 2063 eorum,
758 2034 816 2066 per
840 2034 885 2063 se,
905 2025 954 2056 vel
973 2023 1081 2064 alium,
1100 2034 1155 2056 seu

415 2076 506 2115 alios,
534 2081 725 2118 praesentes
752 2076 874 2108 litteras
900 2081 931 2108 et
956 2076 987 2108 in
1013 2076 1059 2108 cis
1082 2087 1159 2109 con-

418 2134 507 2162 tenta
532 2139 769 2172 quaecumque,
790 2129 845 2162 ubi
869 2135 900 2162 et
924 2130 1054 2172 quando
1075 2141 1157 2173 opus
1179 2163 1180 2167 ,

415 2181 528 2221 suerit,
556 2187 588 2214 et
612 2182 738 2224 quoties
764 2192 822 2224 pro
856 2187 949 2224 parte
975 2183 1079 2215 vestra
1104 2173 1181 2224 (ἰῶ-ἶ

416 2245 516 2277 super
542 2234 663 2267 suerint
693 2235 858 2277 requisiti,
884 2235 1076 2268 solemniter
1100 2246 1158 2278 pu-
1179 2225 1181 2263 ἶ

417 2288 586 2327 blicantes,
613 2287 772 2331 vobisque
790 2287 822 2320 in
840 2288 1029 2331 praemissis
1054 2288 1159 2321 effica-
1179 2315 1181 2335 ζ

417 2341 462 2373 eis
504 2341 706 2374 defensionis
747 2340 911 2384 praesidio
951 2341 1157 2382 assistentes,

420 2393 538 2426 saciant
562 2393 758 2426 auctoritate
784 2396 897 2427 nostra
922 2395 1051 2427 easdem
1069 2405 1159 2437 prae-

419 2451 527 2479 sentes
552 2446 678 2479 litteras
704 2452 736 2479 et
760 2446 793 2479 in
810 2446 856 2480 eis
878 2452 1032 2480 contenta
1049 2447 1161 2480 huius-

420 2499 507 2531 modi
544 2499 681 2532 firmiter
720 2500 906 2540 observari,
933 2510 970 2532 ac
1005 2510 1061 2533 vos
1098 2500 1160 2534 illis

457 2562 467 2586 1
490 2560 585 2587 Potius
605 2561 835 2595 componendum
854 2562 892 2595 (n.
909 2563 961 2594 Τ.).

1196 173 1348 197 ROMANUM

1194 221 1346 254 omnibus
1371 221 1506 265 pacifice
1528 222 1589 254 l'rui
1616 227 1647 254 et
1674 222 1832 264 gaudere3
1868 233 1936 255 non

1194 275 1420 316 permittentes
1444 286 1499 308 vos
1524 286 1582 318 per
1608 285 1834 318 quoscumque
1860 286 1938 318 qua-

1194 327 1239 359 vis
1264 328 1456 360 auctoritate
1482 328 1655 369 fungentes
1674 333 1784 360 contra
1810 338 1940 360 earum-

1196 379 1268 412 dem
1283 381 1504 423 praesentium
1524 386 1671 413 tenorem
1687 380 1940 422 quomodolibet

1196 432 1341 465 indebite
1367 433 1548 473 molestari,
1574 432 1747 475 inquietari
1780 434 1830 465 vel
1866 443 1940 476 per-

1197 485 1339 518 turbari:
1367 486 1628 518 contradictores
1653 486 1817 528 quoslibet
1843 491 1875 518 et
1893 496 1941 518 re-

1945 175 1961 198 Α

1175 539 1300 577 ,belles
1326 549 1383 582 per
1409 539 1601 579 sententias,
1627 549 1782 572 censuras
1807 544 1839 571 et
1860 549 1936 582 poe—

1197 602 1254 624 nas
1296 593 1531 624 ecclesiasticas
1552 619 1559 632 ‚
1587 593 1714 634 aliaque
1752 597 1940 634 opportuna

1175 659 1176 667 ¹
1198 644 1276 676 iuris
1293 651 1325 677 et
1343 645 1415 677 sacti
1435 645 1591 684 remedia,
1615 645 1838 687 appellatione
1857 650 1941 688 post-

1197 698 1309 740 posita,
1329 698 1581 740 compescendo,
1600 709 1645 737 ac,
1669 697 1822 739 legitimis
1841 707 1940 740 super

1175 782 1176 788 ¹
1198 750 1248 782 liis
1275 751 1433 783 habendis
1458 751 1593 783 servatis
1619 751 1843 793 processibus,
1866 760 1941 783 cen-

1197 813 1286 835 suras
1313 809 1343 836 et
1368 814 1492 846 poenas
1519 804 1606 846 ipsas
1632 803 1728 836 etiam
1756 803 1879 836 iteratiS
1896 803 1942 835 vi-

1198 856 1289 888 cibus
1326 857 1554 899 aggravando,
1582 857 1730 888 invocato
1769 856 1866 889 etiam
1902 856 1942 888 ad

1199 909 1273 947 hoc,
1302 909 1326 940 si
1352 919 1433 950 opus
1461 909 1569 947 tuerit,
1587 909 1707 941 anxilio
1725 909 1851 941 brachii
1876 919 1943 941 sae-

1198 962 1328 994 cularis.

1242 1016 1257 1057 ἓ
1281 1014 1335 1047 10.
1363 1015 1433 1048 Non
1458 1015 1661 1048 obstantibus
1689 1016 1885 1058 praemissis.
1905 1026 1942 1049 ac
1954 1025 2069 1046 contrariis
2090 1025 2140 1051 ‹iui-

1198 1067 1271 1109 piae
1315 1068 1493 1100 memoriae
1534 1068 1693 1101 Bonit'acii
1736 1069 1841 1111 Papae
1877 1052 1965 1101 VIII&

1198 1120 1463 1162 praedecessoris
1490 1121 1586 1152 etiam
1613 1121 1718 1153 nostri
1744 1121 1783 1154 de
1808 1122 1888 1161 una,
1911 1110 1965 1154 etg

1199 1172 1231 1204 in
1268 1172 1408 1205 concilio
1446 1173 1589 1215 generali
1617 1174 1701 1206 edita
1739 1174 1778 1206 de
1814 1174 1941 1207 duabus

1200 1226 1312 1265 dietis,
1338 1227 1516 1259 dummodo
1552 1228 1637 1259 ultra
1668 1233 1732 1260 tres
1757 1227 1861 1260 dietas
1885 1227 1942 1260 ali-

1200 1279 1272 1321 quis
1290 1279 1480 1312 auctoritate
1496 1280 1719 1322 praesentium
1735 1281 1766 1312 in
1783 1280 1941 1313 iudicium

1199 1342 1264 1364 non
1284 1333 1452 1372 trahatur,
1471 1344 1598 1366 necnon
1619 1333 1847 1366 Lateranensis
1865 1333 1943 1366 Con·

1201 1385 1266 1417 eilii
1292 1385 1466 1418 novissime
1491 1387 1649 1419 celebrati
1676 1387 1715 1419 de
1740 1392 1829 1419 certo
1850 1392 1943 1419 nota-

1200 1438 1326 1471 riorum
1351 1450 1498 1479 numero,
1526 1440 1650 1473 etiamsi
1676 1441 1714 1472 ad
1741 1440 1835 1473 illum
1860 1450 1942 1473 non-

1201 1491 1275 1523 dum
1302 1492 1478 1524 deventum
1506 1492 1612 1531 suerit,
1632 1492 1681 1525 cui
1706 1503 1766 1535 per
1784 1493 1845 1526 hoc
1862 1492 1941 1525 alias

1201 1545 1360 1588 derogare
1384 1556 1451 1577 non
1484 1546 1701 1585 intendimus,
1737 1556 1774 1578 ac
1802 1546 1841 1578 de
1867 1556 1943 1579 con-

1201 1609 1298 1630 sensu
1332 1599 1531 1641 praestando
1569 1599 1601 1630 in
1640 1599 1876 1641 pensionibus,
1912 1602 1943 1632 et

1178 1682 1179 1687 ,
1201 1652 1370 1694 quibusvis
1398 1652 1478 1691 aliis,
1505 1651 1600 1684 etiam
1618 1662 1677 1694 per
1695 1662 1754 1684 nos
1774 1658 1805 1685 et
1824 1652 1942 1684 Sedem

1201 1705 1401 1747 praedictam
1427 1705 1522 1737 editis
1549 1711 1580 1737 et
1606 1705 1817 1747 imposterum
1844 1706 1944 1738 eden-

1202 1757 1260 1797 dis,
1280 1757 1499 1790 Cancellariae
1521 1758 1731 1800 Apostolicae
1754 1758 1887 1801 regulis,
1907 1769 1943 1791 ac

1202 1812 1282 1853 stylo
1309 1811 1341 1842 in
1368 1811 1529 1843 similibus
1557 1811 1715 1843 hactenus
1745 1812 1941 1851 observato,

1201 1874 1236 1896 ac
1263 1864 1457 1896 recolendae
1483 1864 1660 1897 memoriae
1687 1865 1858 1897 Alexandri
1885 1864 1944 1897 Pa-

1202 1929 1261 1960 pae
1297 1918 1333 1950 vl
1375 1918 1496 1960 pariter
1534 1919 1798 1961 praedecessoris
1838 1917 1943 1950 nostri

1178 1998 1180 2010 ,
1204 1971 1328 2003 tertiam
1354 1976 1480 2014 partem
1506 1971 1668 2003 bonorum
1706 1970 1944 2004 ecelesiastico-

1179 2018 1271 2055 3rum
1308 2024 1459 2056 Gamerae
1494 2023 1676 2065 praedictae
1704 2023 1818 2056 deberi
1859 2024 1944 2057 inter

1202 2077 1264 2110 alia
1291 2077 1506 2119 disponente,
1533 2087 1661 2109 necnon
1681 2077 1826 2109 eiusdem
1847 2077 1944 2109 Boni-

1203 2129 1274 2161 t'acii
1292 2130 1397 2171 Papae
1415 2130 1490 2169 Vlll,
1510 2140 1568 2172 per
1586 2140 1681 2172 quam
1699 2130 1941 2169 concessiones,

1203 2182 1325 2214 fructus
1367 2182 1398 2213 in
1439 2182 1585 2214 absentia
1629 2181 1836 2225 percipiendi
1872 2182 1942 2215 sine

1202 2234 1430 2278 praefinitione
1447 2235 1601 2277 temporis
1620 2234 1688 2266 sieri
1710 2234 1940 2278 prohibentur,

1203 2299 1239 2321 ac
1274 2288 1319 2320 Pii
1347 2288 1450 2330 Papae
1476 2287 1512 2320 IV
1548 2287 1812 2330 praedecessoris
1845 2287 1943 2320 etiam

1203 2340 1305 2373 nostri
1332 2341 1370 2373 de
1397 2340 1507 2382 gratiis
1529 2341 1766 2383 qualecumque
1786 2341 1943 2374 interesse

1203 2394 1356 2428 Gamerae
1380 2393 1587 2437 Apostolieae
1613 2393 1884 2426 concernentibus
1910 2393 1943 2426 in

1204 2447 1288 2480 dicta
1312 2446 1446 2480 Camera
1470 2446 1555 2479 intra
1575 2452 1698 2479 certum
1717 2451 1792 2478 tunc
1816 2456 1945 2488 expres-

1203 2511 1272 2533 sum
1298 2505 1424 2543 tempus
1448 2499 1698 2543 praesentandis
1723 2504 1754 2532 et
1773 2499 1945 2541 registrari-

1205 2553 1269 2594 dis,
1283 2553 1326 2586 ita
1341 2553 1428 2596 quod
1443 2557 1634 2596 praesentes
1648 2552 1682 2585 in
1694 2550 1946 2585 eademeamera

1966 181 1992 200 fl.

1969 1056 2084 1078 uscumqne
2090 1057 2141 1078 spe—1
2155 1049 2158 1055 ’

1967 1078 2036 1126 ξιιΙίιθι·
2076 1077 2140 1100 dero·
