2182 3137
69 187 118 222 An.
135 193 164 219 c.
186 192 254 218 1730

880 191 1023 215 ctanaas
1048 192 1094 214 xu
1121 193 1170 215 ΡΡ.
1695 183 1758 216 203
1805 194 1855 217 An.
1873 192 1901 218 c.
1926 191 1993 219 1730

265 245 311 272 tas
336 240 367 273 in
394 239 578 283 principatu
615 240 760 283 praefato
793 239 1009 271 constituatur

265 298 297 324 et
313 293 439 333 existat,
456 293 617 336 liceatque
645 292 849 335 infrascripto
876 291 1007 323 univer-

265 346 366 378 sitatis
384 357 401 378 a
417 346 564 389 praefato
590 345 744 388 Philippo
770 354 846 385 rege
864 350 898 376 ut
918 354 1010 387 prae-

265 398 369 431 fertur
388 404 514 431 erectae
533 404 564 431 et
583 398 732 431 fundatae
755 403 786 429 et
803 408 819 429 a
834 396 929 429 nobis
950 407 1010 439 per

264 457 455 494 praesentes
475 451 569 483 etiam
587 457 621 483 ut
642 451 825 493 praefertur
850 449 1008 492 approba-

266 508 317 536 tae
343 504 528 536 huiusmodi
555 504 756 536 scholastico·
778 513 862 535 nunc
889 507 919 535 et
948 512 1008 544 pro

267 561 415 599 ternpore
433 557 585 589 existenti
603 567 721 595 veram,
740 557 870 593 realem,
893 565 1009 598 corpo-

265 609 367 640 ralem
382 614 413 641 et
426 609 583 640 actualem
599 608 742 641 omnium
758 614 789 640 et
802 608 1007 649 singulorum

266 661 447 703 respective
473 662 646 699 bonorum,
674 671 792 700 rerum,
819 660 1005 703 proprieta-

267 720 359 754 tum,
386 714 505 746 iurium
541 721 572 747 et
597 714 759 747 actionum
786 714 824 746 ad
849 713 1009 745 universi-

267 772 347 799 tates
383 778 401 799 a
437 767 528 800 nobis
554 774 585 799 ut
613 768 797 810 praefertur
829 767 1007 798 abstractas

266 819 452 853 huiusmodi
487 826 519 853 et
555 831 666 853 earum
693 820 872 863 quamlibet
897 829 1007 862 respe-

265 872 348 904 ctive
373 873 587 915 spectantium
614 878 644 906 ct
671 872 913 915 pertinentium,
935 882 1008 904 nec-

264 935 328 958 non
355 925 646 965 bibliothecarum,
669 926 836 965 librorum,
861 935 1008 957 scamno-

266 988 357 1017 rum,
384 979 531 1020 sedium,
557 979 762 1021 aliorumque
793 978 983 1011 utensilium
1000 1005 1007 1015 ,

265 1030 298 1062 in
336 1032 382 1064 eis
418 1038 450 1064 et
489 1043 598 1064 earum
641 1033 782 1075 qualibet
827 1032 1007 1074 respective

266 1083 473 1117 existentium
500 1086 720 1128 praefatorum
747 1082 1006 1127 possessionem¹

265 1138 399 1180 propria
417 1139 606 1171 auctoritate
626 1138 769 1171 eiusdem
789 1138 1005 1170 universitatis

265 1199 282 1220 a
306 1190 450 1232 praefato
476 1191 629 1234 Philippo
654 1202 730 1233 rege
759 1197 791 1222 ut
822 1191 1007 1234 praefertur

266 1249 394 1276 erectae
416 1250 447 1276 et
470 1244 623 1278 fundatae
642 1251 673 1277 et
690 1258 706 1277 a
726 1245 819 1277 nobis
840 1255 897 1287 per
919 1254 1005 1287 prae·

265 1302 375 1329 sentes
402 1297 496 1329 etiam
526 1303 559 1329 ut
583 1299 771 1341 praefertur
807 1299 1005 1341 approbatae

263 1349 396 1382 nomine
422 1350 525 1383 libere
552 1351 811 1394 apprehendere,
838 1357 869 1383 et
894 1361 1007 1393 appre-

263 1402 399 1435 hensam
425 1410 585 1446 perpetuo
622 1404 762 1437 retinere
779 1431 786 1442 ,
822 1414 947 1436 necnon
974 1413 1007 1435 o-

263 1465 354 1488 mnes
381 1461 412 1488 et
436 1456 582 1498 singulos
608 1457 788 1499 respective
810 1456 953 1490 omnium
976 1461 1007 1487 et

263 1508 468 1550 singulorum
493 1510 661 1548 bonorum,
688 1520 808 1549 rerum,
828 1509 1007 1553 proprieta-

265 1566 342 1600 tum,
358 1562 472 1594 iurium
485 1567 516 1594 et
528 1562 691 1595 actionum
705 1563 928 1605 praefatorum
944 1572 1008 1594 res-

263 1615 388 1657 pective
406 1616 539 1655 fructus,
560 1616 705 1648 redditus
723 1621 755 1648 et
775 1622 953 1659 proventus
972 1616 1005 1647 in

264 1678 464 1711 quacumque
484 1679 517 1701 re
535 1669 762 1707 consistentes,
781 1674 812 1701 et
828 1669 1004 1702 undecum-

262 1731 325 1764 que
353 1722 596 1764 provenientes,
623 1722 812 1765 percipere,
841 1721 1004 1764 exige1·e²‚

262 1775 377 1814 levare,
398 1773 519 1815 locare,
538 1776 706 1813 dislocme,
726 1786 856 1818 cosque,
872 1785 1006 1818 suppor-

262 1828 335 1860 tatis
361 1833 468 1861 tamen
487 1829 575 1871 prius
592 1834 624 1861 et
640 1829 827 1872 adimpletis
855 1829 1006 1861 omnibus

262 1886 294 1914 et
311 1881 446 1925 singulis
460 1882 620 1915 bonorum
637 1882 823 1914 huiusmodi
839 1883 1004 1918 oneribus,

262 1935 398 1978 siquae
428 1946 527 1978 super
562 1935 624 1968 illis
661 1935 811 1978 imposita
845 1935 930 1974 sint,
965 1936 1005 1968 ab

261 1988 384 2020 eisdem
409 1988 674 2021 universitatibus
697 2000 714 2020 a
732 1988 826 2020 nobis
852 1995 885 2020 ut
910 1999 1005 2031 prae-

261 2041 365 2073 fertur
397 2041 567 2074 abstractis
594 2047 626 2074 et
657 2042 697 2074 ab
723 2052 832 2074 earum
859 2042 1006 2084 qualibet

261 2095 433 2138 adimpleri
460 2095 599 2135 debitis,
628 2095 665 2127 ad
693 2106 832 2138 quorum
859 2096 1005 2128 onmium

261 2148 550 2191 adimplementum
578 2152 607 2181 et
632 2148 914 2191 supportationem
935 2149 1005 2181 uni-

261 2201 446 2234 versitatem
479 2212 495 2233 a
520 2201 665 2244 praefato
691 2201 844 2244 Philippo
874 2211 950 2243 rege
971 2207 1005 2234 ut

260 2254 444 2297 praefertur
481 2260 619 2287 erectam
657 2260 688 2287 et
718 2254 883 2287 fundatam
922 2259 952 2287 et
988 2265 1005 2287 a

261 2307 356 2339 nobis
380 2318 441 2350 per
464 2313 653 2351 praesentes
687 2308 783 2340 etiam
810 2313 843 2339 ut
861 2308 1004 2351 praeser-

262 2365 312 2391 tur
337 2361 550 2403 approbatam
578 2361 763 2393 huiusmodi
790 2371 940 2404 expresse
963 2367 1004 2393 te-

262 2413 332 2446 neri
359 2419 392 2446 et
416 2413 592 2456 obligatam
628 2425 699 2447 esse
728 2415 876 2447 volumus
895 2441 902 2454 ‚
929 2424 1004 2447 nec-

261 2477 325 2500 non
350 2466 578 2506 bibliothecas,
605 2467 714 2507 libros,
739 2477 877 2507 scamna,
899 2467 1002 2506 sedes,

299 2539 309 2564 1
334 2537 404 2564 Edit.
426 2537 506 2564 ltlain.
527 2536 593 2571 legit
610 2537 786 2571 possessione
805 2542 847 2570 (n.
865 2538 914 2572 τ.).

297 2584 312 2609 2
334 2581 403 2609 Edit,
426 2581 505 2608 Maia.
528 2581 594 2615 legit
614 2581 727 2615 eriyere
749 2582 788 2615 [n.
805 2582 855 2615 τ.).

1052 240 1179 282 aliaque
1202 241 1310 273 omnia
1335 247 1367 274 et
1391 242 1517 284 singula
1535 240 1684 274 utensilia
1703 251 1796 283 prae-

1054 291 1116 323 sata
1142 292 1173 324 in
1200 293 1399 326 scholarium
1432 305 1468 326 ac
1498 295 1672 333 lectorum,
1698 293 1796 335 magi-

1053 348 1195 376 strorum
1222 349 1253 377 et
1279 351 1538 388 praeceptorum,
1567 346 1737 378 doctorum
1764 351 1796 378 et

1053 397 1262 436 bhlellormn,
1288 399 1492 441 aliorumque
1519 399 1740 432 ministrorum
1763 399 1794 431 in

1054 451 1091 482 ea
1115 460 1202 482 nunc
1238 456 1269 483 et
1306 462 1365 493 pro
1403 456 1548 495 tempore
1587 452 1793 485 existentium

1053 503 1274 543 praefatorum
1301 505 1596 543 manutentionem,
1623 515 1710 542 usus,
1736 505 1795 536 uti-

1054 554 1177 587 litatem
1203 561 1234 587 et
1259 557 1476 594 commodum,
1503 558 1640 590 cuiusvis
1666 558 1795 590 licentia

1053 606 1196 650 desuper
1221 608 1354 640 minime
1382 610 1550 652 requisita,
1577 612 1794 652 convertere)

1053 666 1159 698 motu,
1186 661 1321 693 scientia
1347 667 1378 693 et
1403 664 1599 705 apostolicae
1626 664 1794 705 potestatis

1052 713 1258 755 plenitudine
1284 715 1439 757 praefatis
1466 722 1622 758 perpetuo
1648 717 1793 757 unimus,

1053 767 1257 798 annectimus
1283 773 1313 799 et
1332 767 1593 810 incorporamus.

1096 819 1168 862 ξὸ.
1196 819 1329 852 Necnon
1363 831 1462 852 unum
1497 828 1527 854 et
1560 822 1695 854 alterum
1730 824 1992 862 col-Ersmmencoi-

1052 872 1136 914 legia
1162 873 1315 915 praefata,
1342 884 1414 905 cum
1441 874 1563 916 pariter
1588 874 1738 906 omnibus
1766 858 1992 907 et¹d⁸fli³12⁰,“⁰ell³‘li

1052 925 1187 967 singulis
1207 926 1337 958 illorum
1358 926 1536 968 respective
1558 927 1661 965 honis,
1683 915 1909 968 rebusssfilsssssslw
1947 918 1991 937 ψ’

1052 978 1336 1021 proprietatibus,
1375 979 1572 1020 illorumque
1615 980 1794 1019 fructibus,

1053 1032 1247 1072 redditibus,
1274 1032 1496 1075 proventibus,
1523 1033 1671 1069 iuribus,
1700 1034 1797 1076 privi-

1052 1084 1157 1126 legiis,
1183 1085 1306 1126 gratiis,
1329 1086 1463 1117 indultis
1490 1092 1521 1118 et
1545 1087 1673 1118 statutis
1696 1092 1794 1129 (qnae

1051 1137 1161 1169 omnia
1186 1146 1214 1169 et
1242 1138 1389 1180 singula,
1420 1148 1546 1170 necnon
1572 1138 1710 1171 activum
1739 1150 1795 1172 no-

1052 1190 1242 1222 ininantiurn
1270 1196 1300 1222 et
1326 1191 1487 1233 passivum
1523 1192 1794 1224 nominandarum

1050 1254 1266 1287 personarum
1304 1245 1483 1287 respective
1519 1245 1591 1283 ius,
1620 1251 1650 1278 et
1683 1246 1738 1278 uni
1765 1251 1796 1278 et

1051 1298 1143 1330 alteri
1171 1298 1320 1339 collegiis
1342 1298 1528 1331 huiusmodi
1549 1298 1727 1341 respective
1748 1298 1796 1330 in-

1051 1350 1235 1382 cumbentia
1261 1360 1370 1390 onera,
1390 1362 1472 1393 quae
1499 1362 1558 1394 per
1582 1362 1681 1384 unum
1700 1358 1731 1384 et
1751 1353 1794 1384 al-

1052 1409 1154 1435 terum
1180 1403 1317 1446 collegia
1343 1404 1498 1446 praefata,
1515 1409 1549 1436 ut
1570 1404 1672 1447 prius,
1692 1404 1794 1436 adim-

1051 1455 1134 1498 pleri
1154 1456 1332 1498 respective
1352 1457 1502 1495 debeant,
1521 1456 1614 1489 firma
1631 1462 1663 1489 et
1682 1457 1796 1490 illaesa

1051 1510 1256 1551 remaneant)
1279 1509 1317 1541 ad
1342 1509 1585 1542 universitatem
1604 1521 1621 1542 a
1646 1510 1794 1553 praefato

1051 1561 1204 1604 Philippo
1231 1572 1307 1604 rege
1334 1567 1369 1593 ut
1394 1563 1578 1605 praefertur
1599 1569 1738 1595 erectam
1765 1568 1796 1595 et

1051 1615 1216 1647 fundatam
1252 1621 1283 1648 et
1319 1626 1336 1647 a
1372 1615 1467 1648 nohis
1504 1626 1564 1658 per
1603 1622 1794 1658 praesentes

1050 1667 1145 1700 etiam
1171 1668 1414 1710 ut,›praese1·t.ur
1446 1669 1658 1711 approbatam
1687 1669 1796 1701 huius-

1050 1720 1136 1753 modi
1163 1720 1260 1762 <licet
1284 1720 1478 1753 venerabilis
1502 1722 1598 1754 frater
1616 1722 1792 1755 modernus

1051 1773 1223 1816 episcopus
1241 1773 1415 1806 ilerdensis
1435 1774 1705 1806 seeundodictum
1731 1775 1794 1807 eol-

1051 1827 1180 1867 legium,
1206 1832 1239 1857 nt
1264 1826 1359 1866 inl‘ra,
1384 1826 1555 1858 transferri
1584 1832 1719 1866 renuat,
1752 1828 1791 1860 it-

1051 1879 1178 1922 liusque
1198 1879 1330 1919 fructus,
1351 1879 1405 1922 qui
1424 1879 1489 1911 sere
1515 1890 1628 1911 omnes
1655 1890 1691 1911 ex
1711 1880 1794 1912 cius-

1051 1933 1123 1964 dem
1143 1932 1227 1964 sedis
1245 1932 1441 1964 liberalitate
1464 1932 1680 1974 proveniunt,
1698 1933 1794 1965 semi-

1051 1985 1141 2017 nario
1168 1996 1346 2027 puerorum
1381 1985 1601 2017 ecclesiastico
1636 1985 1792 2018 llerdensi

1050 2038 1215 2081 applicare
1241 2038 1458 2080 praetendat,
1486 2041 1516 2070 ct
1541 2048 1597 2070 seu
1631 2038 1692 2069 iam
1729 2038 1794 2069 sru-

1049 2096 1139 2130 ctus,
1166 2090 1311 2122 redditus
1337 2096 1368 2122 et
1394 2096 1571 2133 proventus
1606 2090 1793 2123 huiusmodi

1050 2143 1156 2176 eidem
1182 2143 1358 2176 seminario
1392 2143 1556 2176 ordinaria
1593 2143 1661 2175 cius
1687 2149 1794 2175 aucto-

1050 2198 1144 2230 ritate
1176 2197 1309 2230 nulliter
1330 2202 1436 2229 tamen
1464 2202 1494 2229 et
1519 2197 1557 2228 de
1583 2196 1666 2228 sacto
1688 2196 1792 2239 appli-

1049 2251 1170 2285 caverit
1195 2257 1227 2284 et
1252 2250 1534 2294 appropriaverit,
1562 2255 1606 2289 et,
1633 2255 1792 2292 quatenus

1048 2311 1082 2338 ut
1107 2305 1288 2349 praefertur
1331 2304 1482 2347 applicati
1521 2309 1553 2336 et
1588 2303 1790 2346 appropriati

1049 2359 1192 2399 suerint,
1219 2358 1256 2390 ad
1284 2358 1348 2390 hoe
1383 2363 1418 2389 ut
1442 2356 1633 2389 universitas
1660 2367 1675 2388 a
1699 2366 1792 2399 prae-

1048 2412 1112 2445 fato
1138 2411 1291 2454 Philippo
1317 2421 1392 2452 rege
1417 2416 1452 2441 nt
1477 2410 1660 2452 praefertur
1685 2415 1791 2442 erecta

1049 2471 1081 2498 et
1105 2465 1235 2498 fundata
1269 2469 1300 2496 et
1330 2475 1347 2496 a
1379 2463 1474 2495 nobis
1511 2473 1569 2506 per
1601 2469 1789 2505 praesentes

1050 2519 1146 2551 etiam
1182 2524 1217 2550 ut
1252 2516 1434 2560 praefertur
1471 2515 1648 2559 approbata
1682 2516 1791 2548 huius-

1050 2572 1138 2604 modi
1164 2581 1226 2604 una
1254 2571 1418 2603 dumtaxat
1442 2569 1578 2602 facunda
1607 2569 1788 2602 studiorum
