2182 3137
190 195 241 223 An.
262 195 372 224 &1731

216 1054 245 1073 lle
261 1053 284 1074 B.
300 1053 328 1074 M.
347 1053 370 1074 V.

188 1081 308 1101 dexouomz.

215 1532 244 1553 1).-
259 1533 330 1553 mutua
343 1532 372 1552 di-

188 1559 287 1580 lectione.

217 2385 246 2405 bo
260 2386 372 2406 virtutibus

190 2411 312 2433 montilum

424 187 487 221 3th

383 245 543 287 iidemque
559 244 735 277 accendere
749 245 876 276 valeant
893 243 1011 285 ignem,
1024 253 1120 286 quem

383 297 526 330 Christus
554 298 639 330 venit
677 297 707 329 in
745 302 862 330 terram
894 297 1031 335 mittere,
1060 297 1123 329 hoc

382 361 450 383 sese
478 351 622 393 implere,
650 350 730 382 sicut
763 355 794 382 et
831 349 932 382 sancti
969 349 1122 393 apostoli,

382 405 549 443 curabunt,
569 404 598 436 id
625 415 641 435 a
661 404 724 436 Deo
750 403 943 447 suppliciter
969 408 1001 435 et
1027 404 1123 446 lacry-

381 468 469 489 mose
496 457 713 500 implorando,
740 467 868 490 necnon
896 457 1055 499 profunda
1075 468 1124 490 ve-

384 510 552 543 neratione
594 510 787 553 ardentique
825 510 938 542 atl'ectu
976 509 1123 542 conside-

383 563 485 595 rando
501 568 646 595 mutuum
663 568 694 595 et
710 563 868 596 infinitum
882 573 1037 603 amorem,
1058 574 1122 606 quo

383 623 445 649 tres
471 617 597 649 divinae
623 617 788 650 Personae
820 628 889 650 sese
915 617 1050 650 invicem
1077 617 1121 649 di-

382 670 495 712 ligunt,
522 670 707 714 pariterque
734 681 806 703 eum
841 681 1000 711 amorem,
1032 670 1121 703 cuius

384 723 512 756 divitias
531 734 596 756 non
614 723 807 766 dedignatae
825 730 900 757 sunt
925 724 955 756 in
974 724 1122 757 homines

385 775 560 817 effundere,
589 782 622 809 ut
649 782 696 810 tot
719 787 755 810 ac
782 782 867 810 tanta
898 777 1056 810 beneficia
1090 777 1120 810 in

383 841 439 862 cos
476 831 593 863 collata
625 834 807 872 testantur;
842 832 929 874 quod
968 831 1122 864 facientes

382 885 548 927 operarii,
576 884 720 927 profecto
747 884 866 928 optime
903 891 1120 926 cognoscent,

383 949 444 980 qua
470 938 637 977 charitate,
666 938 821 981 quibusve
847 938 973 978 mediis,
993 939 1050 971 etsi
1073 949 1122 971 as-

383 991 553 1034 perrimis,
579 1002 650 1024 sese
676 991 708 1023 in
734 991 893 1024 victimam
929 1001 987 1034 pro
1014 992 1122 1035 proxi-

383 1055 509 1076 morum
534 1046 639 1077 salute
672 1045 799 1077 tradere
834 1045 985 1077 debeant.
1022 1045 1121 1088 quue

384 1098 473 1129 utin
500 1108 533 1131 se
569 1104 600 1130 et
625 1098 655 1130 in
693 1098 848 1141 proximis
881 1104 1123 1142 consequantur

383 1151 588 1184 devotionem
609 1162 685 1194 erga
703 1152 868 1194 deiparam
886 1151 1048 1194 Virginem
1064 1152 1123 1184 Ma-

383 1204 478 1243 riam,
515 1205 574 1237 sub
611 1205 700 1237 cuius
737 1205 940 1248 protectione
975 1205 1120 1245 vivimus,

383 1257 502 1289 nedum
529 1257 559 1289 in
586 1258 738 1291 cordibus
761 1259 838 1295 suis,
869 1264 1030 1301 tamquam
1053 1269 1121 1290 cer-

383 1310 545 1343 tissimum
564 1311 705 1344 medium
724 1312 762 1344 ad
783 1312 845 1345 hoc
863 1318 894 1344 et
911 1312 1018 1344 omnia
1036 1312 1121 1345 bona

382 1364 759 1408 conseqiienda,lfi1·mam
772 1370 930 1408 perpetuo
942 1365 1119 1403 habebunt,

381 1427 490 1450 verum
506 1417 602 1450 etiam
617 1428 685 1451 eam
698 1419 729 1450 in
740 1418 960 1461 proximorum
976 1419 1120 1452 omnium

383 1471 482 1503 corde
510 1471 652 1504 inserere
678 1481 806 1515 semper
827 1473 997 1505 curabunt.

426 1534 509 1557 xxix.
537 1524 627 1562 Quod
655 1524 679 1556 si
706 1535 818 1557 omnes
853 1530 980 1558 exteros
1007 1525 1050 1557 sic
1076 1525 1122 1558 di-

383 1576 485 1619 ligere
505 1578 672 1617 debemus,
689 1584 728 1618 et,
744 1584 780 1610 ut
797 1589 829 1611 se
845 1584 957 1611 mutuo
976 1579 1120 1621 diligant,

386 1635 504 1662 tantam
527 1641 636 1663 curam
655 1631 835 1672 adliibere3
857 1632 934 1675 quid
954 1633 992 1665 de
1011 1637 1121 1665 mutuo

384 1684 468 1717 inter
493 1685 663 1729 operarios
699 1697 811 1719 amore
838 1687 1010 1719 dicendum
1037 1687 1120 1727 erit,

383 1739 482 1770 verba
503 1738 590 1770 hune
615 1739 831 1782 exprimentia
849 1750 913 1772 non
933 1746 1120 1783 suppetunt.

383 1790 416 1823 ld
443 1797 563 1824 tantum
585 1792 739 1835 {proferre
765 1793 872 1833 liceat,
895 1793 981 1836 quod
1009 1804 1121 1826 omnes

382 1844 426 1876 ita
451 1855 507 1877 cor
531 1851 679 1887 paratum
706 1845 827 1878 habere
855 1846 994 1885 debent,
1020 1852 1069 1885 ut,
1097 1848 1121 1879 si

383 1897 501 1941 aliquis
533 1897 724 1939 infirmatur,
758 1899 859 1932 ceteri
896 1899 1122 1938 infirmentur,

383 1951 503 1984 adeout
521 1951 630 1984 dicere
646 1952 866 1996 unusquisque
885 1953 989 1985 valeat
1005 1963 1012 1985 t
1030 1952 1124 1996 Opta-

383 2005 454 2037 bam
469 2015 523 2048 eqo
541 2005 609 2049 ipse
622 2006 800 2039 anatliema
812 2016 876 2039 esse
889 2017 909 2038 α
924 2006 1052 2041 Christo
1064 2017 1123 2051 pro

383 2058 540 2101 fratribus
576 2059 688 2092 Μοῖς’.
716 2060 790 2093 Non
826 2060 1008 2104 diliqamus
1030 2061 1123 2094 verbo

382 2122 486 2156 neque
511 2112 636 2156 linqua,
662 2113 716 2146 sed
740 2124 832 2157 opere
856 2118 884 2147 et
908 2115 1054 2147 veritate.
1081 2115 1123 2148 In

384 2165 442 2199 hoc
465 2167 685 2209 cognoscimus
716 2167 910 2200 charitatem
940 2168 1010 2209 Dei,
1038 2179 1119 2212 quo-

383 2219 473 2252 niam
499 2219 557 2253 ille
581 2221 731 2253 animam
754 2231 850 2253 suam
872 2232 931 2265 pro
956 2222 1048 2255 nobis
1071 2233 1124 2267 po·

383 2273 460 2314 suit,
489 2278 517 2306 el
542 2284 598 2307 uos
622 2274 771 2307 debemus
787 2285 848 2318 pro
872 2275 1030 2318 fratribus
1054 2277 1123 2309 αηί-

383 2337 453 2359 mas
474 2337 593 2372 ponere
603 2327 625 2361 ².

427 2391 499 2415 xxx.
526 2381 644 2415 Omnes
669 2382 802 2416 virtutes
831 2384 972 2417 morales
1001 2383 1123 2417 emine-

384 2433 461 2467 bant
486 2434 518 2466 in
545 2433 675 2468 Christo
699 2434 794 2468 Iesu:
822 2446 941 2479 quare,
967 2446 1036 2470 eum
1063 2437 1123 2470 hu-

384 2486 525 2520 iusmodi
551 2488 800 2522 seminariorum
834 2500 952 2533 scopus
980 2490 1021 2523 sit
1053 2490 1122 2523 eius

421 2559 430 2583 1
453 2557 591 2593 Roman,
612 2567 656 2592 lx,
678 2558 704 2586 3.

419 2601 436 2628 2
455 2601 474 2629 1.
497 2602 603 2639 toarni„
624 2610 667 2638 iu,
690 2603 783 2632 16-18.

970 193 1150 218 BULLARIUM
1176 193 1330 218 ROMANUM

1166 243 1312 282 imitatio,
1330 253 1441 276 omncs
1459 242 1490 275 in
1510 242 1548 275 iis
1569 246 1810 275 commorantes
1836 252 1903 274 ma-

1149 298 1311 339 ‘gnopere
1337 300 1485 337 satagant
1509 295 1579 328 illas
1603 295 1726 328 discere
1753 304 1770 326 a
1795 295 1902 327 divino

1167 349 1344 391 magistr03
1367 348 1439 381 illas
1467 349 1496 380 in
1521 348 1673 381 cordibus
1698 347 1764 380 suis
1790 347 1904 380 altissi-

1166 413 1215 435 me
1242 402 1407 445 defigere‘,
1435 401 1505 435 illas
1532 407 1715 445 opportune
1733 406 1765 433 et
1781 401 1904 433 utiliter

1167 467 1318 488 exercere
1337 467 1343 495 ;
1365 455 1436 489 illas
1463 456 1592 488 demum
1618 456 1774 498 perlicere
1799 460 1830 487 et
1854 465 1904 488 cu·

1166 509 1285 542 stodire
1312 515 1474 551 tamquam
1498 508 1659 551 pretiosas
1687 508 1901 550 margaritas3

1167 568 1199 594 ut
1224 562 1377 595 omnibus
1402 557 1575 594 virtutibus
1600 560 1722 595 suffulti
1745 566 1776 594 et
1794 560 1903 594 vestiti

1166 616 1308 659 operarii
1335 615 1476 658 benigne
1510 615 1709 659 aspiciantur
1733 626 1750 648 a
1775 614 1903 648 Christo

1167 669 1247 708 Iesu,
1267 679 1369 711 eoque
1389 669 1569 709 adiuvante,
1585 668 1616 701 in
1633 668 1786 712 proximis
1804 668 1902 701 verbo

1166 728 1197 755 et
1212 723 1360 766 exemplo
1378 722 1507 755 easdem
1526 722 1651 756 facilius
1669 722 1814 755 inserere
1831 731 1905 765 pos-

1165 776 1239 809 sint.

1205 834 1243 864 De
1266 835 1300 864 iis
1322 844 1389 874 quae
1408 836 1546 874 pertinent
1568 835 1602 864 ad
1623 834 1865 865 ecclesiasticorum

1422 884 1640 913 instructionem.

1207 949 1291 971 xxm.
1314 938 1410 976 lesus,
1438 938 1476 971 ad
1504 938 1643 970 divinam
1666 938 1802 981 gloriam
1829 949 1905 982 pro-

1165 991 1345 1034 pagandam
1389 991 1609 1034 mundumque
1649 992 1905 1025 convertendum

1165 1049 1196 1076 et
1221 1044 1474 1082 reformandum,
1493 1055 1572 1087 quos
1598 1044 1782 1077 sacerdotio
1807 1050 1904 1088 atque

1165 1097 1371 1139 evangelicae
1397 1097 1633 1140 praedicationi
1660 1098 1845 1138 destinavit,
1866 1098 1904 1131 ad

1164 1161 1254 1183 suam
1281 1150 1427 1183 scholam
1455 1150 1592 1189 admisit,
1612 1161 1668 1183 eos
1686 1151 1781 1184 trium
1806 1162 1906 1184 anno-

1166 1214 1235 1236 rum
1261 1203 1364 1246 spatio
1388 1203 1535 1236 doctrina
1561 1209 1592 1236 et
1617 1205 1767 1248 exemplo
1786 1204 1907 1238 illumi-

1165 1267 1258 1297 nans,
1286 1263 1381 1300 atque
1408 1256 1577 1296 orationis,
1604 1257 1758 1290 virtutum
1784 1264 1815 1291 et
1839 1269 1906 1302 my-

1165 1310 1335 1343 steriorum
1373 1310 1411 1342 ad
1449 1309 1630 1342 animarum
1667 1311 1802 1344 salutem
1833 1322 1906 1355 spe-

1165 1364 1320 1397 ctantium
1337 1363 1459 1407 praxim
1476 1364 1648 1397 efficaciter
1665 1364 1778 1397 iisdem
1794 1370 1904 1398 osten-

1166 1418 1257 1451 dens.
1281 1417 1425 1450 Caeleste
1458 1417 1521 1449 hoc
1554 1418 1737 1461 exemplum
1764 1429 1906 1462 sequens

1165 1471 1395 1511 seminarium,
1419 1470 1539 1503 nedum
1565 1471 1806 1505 ecclesiasticos
1832 1483 1906 1515 per-

1165 1530 1264 1567 petuo
1301 1524 1332 1556 in
1371 1534 1408 1557 eo
1435 1529 1694 1566 commorantes,
1721 1525 1779 1558 sed
1809 1525 1905 1558 etiam

1166 1579 1352 1611 sacerdotes
1378 1583 1409 1610 et
1439 1578 1680 1611 ecclesiasticos
1713 1579 1783 1612 eius
1818 1579 1906 1613 dioe-

1166 1631 1250 1664 cesis
1277 1631 1307 1663 in
1329 1642 1392 1674 qua
1413 1631 1507 1663 situm
1534 1631 1608 1671 erit,
1628 1637 1668 1671 et,
1695 1631 1719 1665 si
1740 1632 1832 1665 locus
1850 1633 1906 1666 ad-

1166 1685 1216 1725 sit,
1242 1685 1376 1718 aliarum
1403 1685 1498 1718 etiam
1525 1685 1735 1726 dioecesum,
1759 1687 1813 1730 qui
1831 1714 1838 1727 ‚
1865 1687 1904 1720 de

1167 1738 1287 1771 domini
1314 1738 1459 1781 episcopi
1487 1738 1615 1771 licentia
1641 1744 1671 1771 et
1696 1739 1906 1782 approbatio-

1166 1801 1218 1831 ne,
1247 1791 1286 1824 de
1315 1791 1353 1824 iis
1379 1791 1531 1824 omnibus
1558 1792 1672 1825 instrui
1699 1792 1731 1824 in
1757 1793 1829 1836 ipso
1854 1804 1906 1826 ve-

1167 1845 1226 1878 lint
1251 1855 1333 1888 quae
1359 1845 1391 1877 in
1417 1845 1531 1878 eodem
1568 1851 1778 1886 exercentur,
1808 1847 1833 1880 si
1859 1857 1907 1881 or-

1166 1898 1230 1931 nati
1264 1898 1490 1931 existimentur
1526 1899 1733 1942 qualitatibus
1768 1899 1832 1934 illis
1865 1902 1904 1934 de

1167 1951 1283 1996 quibus
1315 1962 1423 1995 supra,
1453 1952 1586 1984 omnino
1620 1954 1844 1996 amplectetur,
1870 1964 1905 1987 ac

1166 2005 1322 2038 solertem
1347 2005 1482 2038 habebit
1506 2016 1612 2038 curam
1647 2012 1682 2038 ut
1712 2007 1744 2039 in
1769 2007 1905 2050 singulis

1166 2059 1353 2093 ministeriis
1377 2070 1450 2092 mox
1474 2060 1694 2103 exprimendis
1720 2071 1833 2094 omnes
1858 2060 1906 2094 in-

1166 2113 1348 2146 stituantur.

1209 2177 1302 2201 xxxu.
1330 2167 1438 2211 Itaque
1464 2177 1575 2200 eorum
1610 2167 1761 2201 directori
1795 2168 1906 2202 debita

1166 2220 1333 2253 incumbet
1359 2230 1434 2252 cura
1458 2220 1578 2253 nedum
1604 2221 1642 2254 de
1668 2221 1811 2264 ipsorum
1830 2233 1906 2265 pro—

1166 2275 1249 2307 sectu
1276 2274 1448 2318 spirituali,
1473 2285 1583 2307 verum
1606 2275 1701 2309 etiam
1727 2276 1765 2309 de
1792 2286 1904 2310 eorum

1165 2327 1381 2361 instructione
1406 2327 1439 2360 in
1468 2327 1507 2360 iis
1533 2328 1683 2362 omnibus
1714 2329 1903 2363 ministeriis

1165 2381 1367 2415 sacerdotum
1400 2381 1543 2415 omnium
1575 2383 1657 2415 adeo
1690 2383 1834 2426 propriis
1871 2389 1905 2417 ut

1165 2436 1196 2468 in
1214 2435 1260 2469 eis
1278 2446 1312 2469 se
1331 2446 1443 2468 omnes
1462 2446 1613 2469 exercere
1632 2436 1800 2470 deberent.
1820 2436 1904 2475 Quo·

1166 2489 1205 2522 ad
1224 2499 1338 2522 eorum
1355 2489 1548 2532 profectum,
1568 2489 1727 2522 curabunt
1745 2495 1780 2522 ut
1803 2489 1902 2523 iidem

1166 2543 1313 2586 quolibet
1338 2542 1389 2576 die
1414 2543 1568 2577 intersint
1598 2543 1730 2577 mentali
1764 2543 1902 2576 orationi

1165 2607 1225 2641 per
1249 2596 1363 2631 horam
1388 2596 1547 2641 integram
1573 2607 1678 2640 mane,
1698 2601 1730 2632 et
1752 2606 1811 2641 per
1836 2602 1902 2632 tan-

1911 193 1959 220 An.
1976 193 2004 220 C.
2028 192 2092 221 ¹731

1952 943 2040 968 Quinam
2061 943 2100 964 ad-

1916 971 2021 992 mittendi.

1942 2169 1972 2191 Do
1988 2169 2099 2192 dii-octona

1916 2197 1994 2218 officio.
