2182 3137
219 296 270 325 An.
289 296 319 324 o.
342 296 408 324 1732
455 287 519 322 47⁶2

234 730 309 750 rrae-²<
323 735 403 750 earum·

220 762 260 782 quu
277 762 349 776 causa.

248 1576 368 1598 Decretum.

457 350 620 389 nequeant
654 347 724 379 sine
760 346 892 379 licentia
925 345 1152 390 provincialis,

458 399 592 442 eiusque
616 399 806 441 definitorii,
833 399 882 432 vel
906 400 976 431 sine
1000 398 1157 441 facultate

457 452 606 484 ministri
614 452 776 494 qeneralis
787 463 858 484 cum
869 452 1003 484 consitio
1014 451 1156 484 eiusdem

458 503 639 546 definitorz'i
660 504 888 548 provincialis.

623 594 762 621 Clemens
783 594 863 628 Papa
883 593 949 625 ΧΠ,

560 638 597 665 ad
616 638 752 665 futuram
770 638 816 665 rei
835 638 1020 665 memoriam.

462 717 476 761 ἓ
501 718 533 750 1.
560 717 684 761 Exponi
710 717 805 751 nobis
841 728 947 761 nuper
976 717 1052 751 fecit
1076 716 1155 750 dile-

417 776 488 804 ctus
514 770 599 804 silius
626 771 785 804 Antonius
812 782 829 803 a
850 770 1069 814 Couceptione
1099 769 1157 802 mi-

415 825 518 857 nister
542 824 751 868 provineialis
777 824 877 857 Tertii
903 823 1033 857 Ordinis
1054 822 1156 856 saneti

414 877 580 910 Francisci
602 877 789 921 provinciae
808 877 1038 919 Portugalliae,
1059 876 1155 919 quod,

414 931 491 964 licet
516 930 547 963 in
574 931 687 963 eadem
714 930 883 973 provincia
908 929 1015 962 studia
1036 939 1097 973 pro
1119 928 1157 960 iis

415 983 590 1026 religiosis,
616 984 671 1026 qui
696 982 761 1015 illis
788 992 921 1026 operam
950 981 1025 1015 dare
1047 981 1157 1020 velint,

415 1047 482 1070 non
510 1036 671 1075 deficiant,
698 1037 810 1080 plures
843 1041 950 1068 tamen
976 1045 1012 1068 ex
1039 1034 1085 1067 eis
1112 1034 1158 1066 su-

415 1101 487 1133 gam
528 1089 705 1133 arripiunt,
732 1100 767 1122 ac
803 1089 835 1121 in
860 1088 1026 1132 Hispaniis
1063 1087 1158 1131 profi-

415 1143 580 1176 ciscuntur
605 1142 663 1175 sub
690 1147 858 1186 praetextu
885 1142 1007 1174 ibidem
1032 1141 1156 1174 incum-

414 1195 513 1229 bendi
539 1195 708 1229 litterariis
734 1194 1022 1228 exercitationibus
1042 1194 1073 1226 in
1102 1194 1158 1227 ali-

415 1259 480 1292 quo
505 1259 541 1281 cx
568 1247 786 1281 conventibus
805 1248 883 1280 dicti
901 1247 997 1280 Tertii
1017 1246 1157 1286 Ordinis,

414 1303 465 1335 vel
492 1302 627 1334 fratrum
655 1301 693 1334 de
719 1300 950 1341 observantia,
979 1300 1044 1345 quo
1082 1301 1155 1333 dum

414 1354 625 1399 perveniunt,
653 1359 689 1385 ut
712 1354 890 1397 plurimum
923 1353 1075 1396 contigit,
1103 1364 1156 1386 cos

414 1408 573 1441 maiorem
610 1408 757 1441 laborem
788 1407 820 1440 in
851 1407 1051 1440 addiscenda
1087 1418 1157 1439 mu-

415 1461 498 1501 sica,
524 1471 621 1504 quam
647 1461 679 1493 in
705 1460 822 1494 litteris
841 1460 1081 1504 consequendis
1100 1460 1158 1493 im-

415 1515 571 1559 pendere.

459 1568 474 1611 §
499 1567 529 1601 ⁶2.
557 1568 635 1602 Cum
662 1573 783 1609 autem,
811 1568 895 1601 sicut
922 1568 1035 1601 eadem
1061 1577 1158 1611 expo-

417 1622 492 1654 sitio
517 1622 758 1665 subiungebat,
784 1622 889 1654 dictus
917 1621 1077 1654 Antonius
1104 1620 1159 1653 mi-

416 1675 517 1708 nister
542 1675 768 1718 provincialis,
796 1686 859 1719 quo
891 1675 964 1708 talis
990 1674 1157 1708 inordina—

417 1729 460 1762 tio
478 1739 550 1762 cum
571 1729 764 1773 disciplinae
782 1728 941 1771 regularis
960 1728 1157 1761 detrimento

416 1782 625 1826 imposterum
649 1783 790 1822 tollatur,
808 1787 992 1825 opportune
1011 1781 1041 1814 in
1061 1792 1156 1825 prae-

415 1836 524 1868 missis
550 1846 567 1868 a
593 1835 686 1868 nobis
711 1835 875 1879 provideri
906 1841 936 1868 et
955 1840 989 1868 ut
1014 1835 1095 1867 infra
1114 1835 1158 1867 in-

416 1888 542 1932 dulgeri
569 1889 745 1932 plurimum
768 1888 950 1921 desideret:
967 1899 1035 1929 nos,
1051 1888 1156 1932 ipsum

415 1942 592 1975 Antonium
618 1941 799 1975 ministrum
831 1941 1063 1985 provincialem
1089 1952 1158 1984 spe-

415 1996 550 2029 cialibus
577 1996 742 2029 savoribus
779 2002 811 2029 et
847 1996 959 2038 gratiis
996 1995 1156 2039 prosequi

415 2051 580 2090 volentes,
603 2055 634 2083 et
659 2060 676 2082 a
701 2050 871 2093 quibusvis
902 2049 1158 2083 excommunica-

415 2104 514 2138 tionis
533 2103 761 2147 suspensionis
776 2109 807 2136 et
824 2103 1002 2143 interdicti,
1020 2103 1157 2146 aliisque

415 2157 644 2192 ecclesiasticis
662 2158 844 2196 sententiis,
865 2157 1012 2191 censuris
1033 2162 1065 2190 et
1080 2168 1158 2201 poe-

415 2211 475 2252 nis,
500 2222 517 2244 a
533 2211 603 2244 iure
626 2211 674 2243 vel
698 2211 737 2243 ab
758 2211 904 2252 homine,
929 2210 1042 2254 quavis
1069 2221 1158 2243 occa-

414 2264 507 2297 sione
528 2264 578 2297 vel
603 2266 701 2296 causa
726 2264 816 2303 latiS‚
838 2264 863 2296 si
882 2263 1001 2307 quibus
1023 2274 1159 2307 quomo-

415 2317 541 2350 dolibet
565 2316 741 2350 innodatus
779 2316 909 2357 existit,
936 2317 974 2350 ad
1008 2316 1159 2350 effectum

414 2370 638 2414 praesentium
674 2370 839 2403 dumtaxat
867 2370 1157 2413 consequendum,

414 2424 530 2457 harum
568 2423 655 2457 serie
680 2423 886 2457 absolventes
911 2428 944 2457 et
973 2422 1157 2458 absolutum

414 2477 484 2511 sore
525 2482 715 2518 censentes,
757 2476 1050 2521 supplicationibus
1086 2477 1157 2510 cius

413 2530 547 2563 nomine
573 2529 668 2563 nobis
692 2540 791 2573 super
811 2530 874 2563 hoc
896 2530 1065 2563 humiliter
1084 2540 1159 2573 por-

414 2583 509 2616 rectis
533 2582 689 2622 inclinati,
707 2583 746 2616 de
765 2582 999 2616 venerabilium
1024 2583 1156 2616 fratrum

415 2641 603 2668 nostrorum
628 2635 660 2669 S.
683 2635 721 2668 R.
744 2635 778 2668 Ε.
806 2635 1033 2676 cardinalium,
1060 2647 1158 2679 nego-

416 2688 468 2722 tiis
493 2693 524 2722 et
547 2688 838 2723 consultationibus
869 2688 1099 2734 episcoporum
1126 2695 1157 2724 et

997 296 1179 322 BULLARIUM
1207 296 1365 322 ROMANUM

1200 345 1397 388 regularium
1435 345 1695 389 praepositorum
1725 345 1882 386 consilio,
1907 349 1942 378 ut

1200 398 1315 432 fratres
1341 399 1511 432 memorati
1537 398 1634 431 Tertii
1660 398 1788 432 Ordinis
1813 398 1941 442 provin-

1200 452 1267 486 ciae
1294 452 1515 496 Portugalliae
1537 453 1576 485 ad
1595 451 1700 484 studia
1719 457 1807 485 extra
1825 451 1942 489 dictam

1200 505 1399 548 provinciam
1426 504 1494 537 sine
1519 504 1654 537 licentia
1677 503 1888 548 provincialis
1915 514 1941 536 e-

1200 558 1317 602 iusque
1344 558 1531 600 definitorii,
1556 559 1604 591 vel
1623 557 1693 590 sine
1712 557 1861 590 facultate
1887 558 1942 595 mi7

1201 611 1293 644 nistri
1319 610 1484 654 generalis
1520 621 1591 643 cum
1624 611 1760 644 consilio
1794 610 1939 644 eiusdem

1201 664 1375 697 definitorii
1407 664 1635 707 provincialis,
1661 664 1721 696 sub
1747 663 1862 706 poenis
1895 663 1942 695 su-v

1201 717 1372 760 gitivorum
1391 728 1407 750 a
1426 717 1494 751 iure
1514 723 1546 751 et
1563 716 1688 750 statutis
1706 716 1888 759 religionis,
1908 727 1940 749 se

1201 771 1348 804 conferre
1373 775 1558 814 nequeant,
1586 770 1778 803 auctoritate
1812 775 1943 812 aposto-

1200 822 1259 854 lica
1275 849 1282 863 ‚
1307 828 1420 856 tenore
1445 823 1685 866 praesentium,
1713 822 1938 855 decernimus:

1201 876 1287 908 salva
1325 881 1433 909 tamen
1458 885 1588 918 semper
1612 875 1643 907 in
1669 874 1856 918 praemissis
1890 885 1942 907 au-

1201 928 1348 961 ctoritate
1370 928 1641 971 Congregationis
1659 927 1847 961 eorumdem
1873 938 1940 961 car-

1201 979 1369 1013 dinatium.

1245 1033 1305 1077 §3
1318 1034 1538 1068 Decernentes
1557 1034 1689 1078 pariter,
1704 1034 1833 1068 easdem
1852 1045 1940 1078 prae·

1202 1093 1311 1120 sentes
1343 1087 1466 1120 litteras
1500 1087 1624 1128 sirmas,
1661 1088 1783 1121 validas
1819 1093 1851 1121 et
1874 1088 1942 1122 effi-

1201 1151 1293 1174 caces
1319 1141 1458 1173 existere
1484 1146 1516 1173 et
1540 1140 1633 1180 fore,
1660 1151 1804 1184 suosque
1828 1142 1941 1184 plena-

1201 1194 1264 1227 rios
1290 1199 1322 1227 et
1346 1194 1493 1236 integros
1519 1192 1649 1226 effectus
1676 1194 1784 1227 sortiri
1803 1200 1835 1228 et
1858 1195 1942 1228 obti-

1202 1258 1278 1280 nere
1296 1274 1304 1288 ‚
1333 1257 1368 1279 ac
1393 1246 1476 1287 illis,
1502 1247 1541 1279 ad
1567 1257 1649 1290 quos
1674 1252 1798 1290 spectat
1833 1253 1864 1280 et
1881 1259 1940 1292 pro

1202 1306 1349 1344 tempore
1384 1299 1566 1343 spectabit,
1593 1299 1623 1332 in
1650 1300 1802 1333 omnibus
1828 1306 1860 1334 et
1883 1312 1942 1345 per

1201 1354 1309 1387 omnia
1334 1353 1524 1397 plenissime
1551 1352 1736 1397 suffragari,
1773 1359 1805 1386 et
1829 1355 1869 1388 ab
1895 1355 1940 1388 eis

1202 1407 1382 1451 respective
1403 1406 1636 1441 inviolabiliter
1667 1408 1855 1450 observari,
1881 1409 1942 1442 sic-

1202 1471 1264 1504 que
1280 1461 1311 1493 in
1330 1460 1513 1504 praemissis
1536 1472 1593 1505 per
1611 1471 1833 1505 quoscumque
1862 1462 1943 1496 iudi-

1202 1525 1254 1548 ces
1280 1514 1464 1548 ordinarios
1492 1520 1524 1547 et
1548 1515 1725 1558 delegatos,
1751 1515 1846 1549 etiam
1868 1527 1943 1549 cau-

1202 1579 1310 1602 sarum
1339 1569 1450 1612 palatii
1477 1569 1649 1612 apostolici
1680 1569 1859 1609 auditores,
1895 1569 1942 1602 iu-

1202 1622 1303 1655 dicari
1338 1627 1369 1655 et
1404 1621 1533 1655 deliniri
1568 1622 1708 1661 debere,
1743 1632 1780 1655 ac
1813 1622 1941 1656 irritum

1201 1680 1234 1708 et
1258 1675 1353 1708 inane
1378 1675 1402 1708 si
1421 1685 1514 1708 secus
1540 1685 1638 1718 super
1663 1675 1745 1708 hisa
1762 1686 1938 1719 quoquam,

1201 1728 1310 1772 quavis
1331 1728 1536 1767 auctoritate,
1561 1728 1702 1762 scienter
1723 1730 1771 1762 vel
1793 1729 1941 1772 ignoran-

1202 1787 1259 1822 ter,
1286 1782 1462 1824 contigerit
1485 1782 1649 1815 attentari.

1244 1836 1259 1879 ἓ
1283 1835 1315 1868 4.
1339 1835 1406 1868 Non
1429 1835 1632 1868 obstantibus
1651 1835 1940 1871 constitutionibus

1201 1894 1232 1921 et
1262 1888 1524 1922 ordinationibus
1555 1889 1761 1932 apostolicis,
1789 1900 1939 1932 necnon,

1201 1948 1361 1986 quatenus
1379 1953 1459 1986 opus
1476 1943 1531 1983 sit,
1557 1943 1744 1985 provinciae
1764 1949 1796 1976 et
1812 1943 1940 1977 Ordinis

1201 1995 1463 2038 praedictorum,
1481 1995 1578 2028 etiam
1604 1995 1803 2037 iuramento,
1826 1997 1941 2030 confir-

1201 2049 1342 2081 matione
1365 2049 1561 2092 apostoliea,
1577 2050 1627 2082 vel
1655 2050 1766 2092 quavis
1789 2050 1939 2084 firmitate

1202 2103 1265 2136 alia
1289 2102 1467 2142 roboratis,
1494 2103 1623 2135 statutis
1646 2108 1677 2136 et
1701 2103 1942 2137 consuetudini-

1202 2157 1272 2195 bus,
1298 2155 1478 2199 privilegiis
1504 2166 1645 2199 quoque,
1671 2155 1806 2190 indultis
1831 2162 1863 2190 et
1890 2157 1941 2190 lit-

1203 2209 1278 2243 teris
1298 2209 1494 2253 apostolicis,
1514 2209 1546 2242 in
1565 2209 1761 2242 contrarium
1787 2210 1941 2253 praemis-

1201 2273 1308 2296 sorum
1335 2263 1583 2306 quomodolibet
1612 2263 1789 2304 concessis,
1824 2263 1940 2297 contir-

1201 2316 1295 2349 matis
1321 2322 1353 2349 et
1376 2315 1558 2356 innovatis;
1585 2316 1701 2359 quibus
1727 2317 1877 2350 omnibus
1909 2323 1941 2351 et

1201 2369 1338 2412 singulis
1355 2395 1362 2409 ‚
1386 2369 1516 2402 illorum
1551 2374 1680 2402 tenores
1712 2370 1941 2413 praesentibus

1201 2433 1261 2466 pro
1294 2423 1391 2466 plene
1416 2427 1447 2455 et
1478 2423 1676 2456 sufficienter
1707 2424 1868 2468 expressis
1903 2435 1941 2458 ac

1201 2476 1240 2508 ad
1266 2476 1398 2508 verbum
1424 2475 1554 2509 insertis
1581 2475 1751 2517 habentes,
1777 2476 1841 2510 illis
1860 2477 1940 2511 alias

1201 2529 1232 2562 in
1259 2540 1316 2562 suo
1353 2528 1472 2562 robore
1509 2530 1749 2572 permansuris,
1775 2531 1815 2569 ad
1845 2541 1940 2575 prae-

1201 2582 1374 2615 missorum
1400 2581 1564 2623 effectum,
1602 2583 1662 2616 hac
1687 2583 1753 2616 vice
1776 2583 1940 2618 dumtaxat

1199 2636 1385 2680 specialiter
1409 2641 1442 2669 et
1466 2646 1620 2680 expresse
1646 2637 1860 2680 derogamus;
1890 2648 1940 2672 ce-

1200 2690 1341 2734 terisque
1366 2689 1537 2724 contrariis
1563 2689 1836 2734 quibuscumque.

1946 298 1992 324 Λη.
2013 297 2043 324 C.
2067 297 2132 326 ¹732

1979 1045 2101 1070 Clausulas.

1978 1843 2136 1864 Contrariorum

1951 1871 2069 1897 derogatio.
