2182 3137
164 238 214 264 An.
231 237 262 264 C.
282 237 352 264 17:³2>
397 230 464 260 41)ss

399 285 561 325 provinciae
580 284 764 313 dileetissimis
780 283 906 323 patribus
927 288 951 312 el
967 282 1103 322 fratribus

399 334 516 363 salutem
533 338 556 363 el
572 337 695 362 sanctam
711 343 821 372 pacem.

402 391 420 411 1.
438 381 689 417 Quemadmodum
712 381 858 420 seraphici
881 380 1003 420 spiritus
1025 389 1104 409 amo-

363 438 425 459 rem
447 429 508 467 Dei,
527 430 563 459 ita
587 434 615 459 et
637 428 770 468 corporis
793 429 886 458 nostri
909 427 1038 457 membra
1061 428 1103 458 di-

363 479 518 508 lectionem
543 478 668 517 proximi
691 477 876 516 significant,
900 477 1102 516 edocentque:

361 528 439 558 Sicut
462 529 491 556 in
513 537 566 556 uno
587 537 700 566 corpore
720 526 807 556 mulla
826 526 946 555 membra
963 526 1102 564 habemus,

360 578 450 606 omniu
465 582 555 605 autem
567 576 686 605 membra
698 586 751 605 non
760 576 884 605 eumdem
896 580 986 604 aetum
995 576 1102 610 habent,

361 627 400 654 ita
422 625 503 653 matti
525 634 611 653 unum
630 634 729 662 corpus
748 634 842 652 sumus
858 625 887 653 in
904 624 1028 661 Christo,
1045 625 1103 653 sin-

360 674 418 711 guli
433 679 523 702 aedem
539 674 610 702 alter
624 673 739 702 alterins
754 673 902 702 membra¹.
920 672 1104 712 Quapropter

362 723 438 752 sicut
472 721 637 751 membrum
670 731 760 752 unum
795 721 830 751 ab
858 722 949 751 altero
972 721 1103 760 separari

361 771 578 810 quammaxime
601 771 783 807 reformidat,
808 771 869 810 pari
894 770 978 800 modo
1001 775 1029 800 et
1050 780 1103 799 nos

363 829 478 849 omnem
509 820 704 856 divisionem,
728 829 843 849 omnem
866 819 1101 856 dissensionem,

363 878 479 898 omnem
503 869 656 898 charitatis
672 869 830 898 laesionem
847 867 1103 897 vehementissime

364 918 520 947 timeamus
543 927 661 947 necesse
683 922 742 953 est,
767 917 884 946 solliciti
907 926 1023 956 semper
1045 925 1104 945 ser-

366 976 434 996 vare
458 967 599 996 unitatem
622 966 743 1004 spiritus
765 970 793 995 et
816 966 962 994 fraternae
977 964 1104 994 charita-

365 1014 412 1044 tis.
449 1015 541 1054 Caput
577 1019 709 1044 nostrum
742 1014 873 1043 Christus
906 1018 969 1049 est,
993 1017 1021 1042 et
1052 1022 1104 1042 nos

368 1064 498 1094 membra
521 1065 603 1100 eius3
628 1063 775 1093 Christum
791 1072 847 1092 nou
865 1063 961 1100 diligit
976 1062 1024 1101 qui
1041 1062 1104 1091 eius

366 1112 494 1142 membra
518 1112 660 1149 negligit:
689 1112 775 1140 Tanta
801 1112 831 1139 in
847 1111 960 1139 immam·
985 1111 1105 1148 corporis

364 1162 494 1190 membris
521 1162 590 1190 inest
621 1160 730 1196 copula,
758 1164 849 1189 tantus
880 1170 967 1196 (tutor,
998 1164 1106 1197 lamque

366 1211 558 1249 inseparabilis
572 1215 596 1238 el
616 1209 811 1248 insuperabilis
825 1209 979 1238 dilectionis
1001 1210 1104 1245 unitas,

369 1264 396 1287 ut
412 1269 498 1288 iatum
519 1260 577 1288 stne
592 1258 647 1287 alio
663 1268 715 1287 non
731 1258 818 1287 valeat
838 1258 968 1296 gaudere.
988 1257 1107 1286 Laetitia

369 1308 425 1337 illis
447 1309 598 1336 comnmnls
620 1312 673 1345 est,
694 1317 784 1345 poena
809 1307 951 1345 aequalis,
976 1308 1015 1335 ita
1037 1306 1107 1345 quod

368 1358 416 1386 uni
439 1357 582 1391 tribuitur,
607 1361 694 1385 cetera
716 1367 743 1385 se
765 1357 898 1395 recepisse
917 1356 1105 1394 mandentur,

368 1406 407 1434 ait
427 1406 599 1435 Laurentius
617 1405 797 1435 Iustinianus
814 1405 852 1434 De
874 1406 947 1443 ligno
969 1406 1049 1434 vitae.
1067 1404 1107 1434 Ita

369 1454 455 1483 etiam
479 1454 593 1483 Christo
616 1454 658 1490 fit,
682 1454 759 1492 quod
782 1454 914 1492 corporis
935 1453 1042 1483 Christi
1070 1453 1109 1482 ir-

370 1508 498 1540 rogatur,
516 1503 629 1532 dicente
646 1503 695 1532 illo
711 1513 717 1531 2
735 1502 821 1532 Amen
838 1503 897 1532 (lieo
914 1503 996 1537 vobis,
1015 1512 1110 1541 quam-

367 1553 414 1581 ‹liu
429 1554 533 1592 fecistis
548 1554 597 1582 1ιηί
612 1563 646 1582 em
659 1553 796 1591 fratribus
809 1553 877 1582 meis
892 1553 1023 1587 minimis,
1042 1552 1110 1581 mihi

367 1602 472 1639 fecistis
531 1606 559 1631 et
578 1602 612 1631 ad
634 1601 773 1631 Saulum:
807 1600 902 1636 Saule,
925 1600 1018 1635 Saule,
1045 1601 1110 1639 quid

370 1661 410 1679 me
429 1652 649 1690 persequerisss?
671 1651 747 1680 Bene
770 1650 816 1679 hic
832 1650 958 1679 advertit
973 1646 1110 1687 A‘ugusti-

369 1709 433 1737 nus,
458 1700 533 1739 quod
557 1700 663 1729 Saulus
686 1709 742 1728 uon
765 1699 929 1736 Christum,
949 1698 999 1727 sed
1021 1708 1111 1727 mem-

370 1748 419 1777 bra
435 1772 442 1785 ,
467 1749 521 1777 hoc
553 1753 597 1778 est
620 1748 742 1778 fideles‘
765 1748 826 1777 eius
850 1748 887 1777 sit
917 1751 1108 1786 persecutus:

368 1797 460 1827 Noluit
476 1803 566 1827 tumen
581 1798 673 1827 dicere
696 1801 801 1826 sanctos
823 1806 905 1832 metm,
922 1807 1013 1825 servos
1028 1806 1108 1830 meos,

366 1848 503 1884 postremi)
533 1846 730 1879 honorabilius,
751 1847 855 1884 fratres
882 1855 963 1882 meos,
983 1845 1028 1873 sed
1057 1855 1108 1881 me,

369 1896 416 1924 hoc
438 1900 476 1924 est
502 1895 622 1923 membra
637 1904 706 1928 vira,
729 1894 826 1932 quihus
848 1903 893 1931 eqo
917 1904 978 1922 sum
993 1898 1074 1932 cap-ut
1089 1895 1108 1922 ⁵.

372 1944 494 1982 Dignum
518 1949 573 1981 est,
599 1948 629 1973 ut
650 1952 703 1973 nos
719 1942 850 1972 membra
869 1952 1037 1982 sequamur,
1055 1952 1112 1982 quo

369 1998 457 2033 caput
479 1998 612 2023 nostrum
636 1992 795 2031 p1·aeierit;
832 1992 957 2031 praeivit
979 1992 1112 2022 Christus

369 2046 397 2070 et
420 2041 588 2081 praecepit:
618 2041 780 2070 Mandatum
803 2050 900 2069 novum
921 2040 953 2069 clo
974 2041 1060 2079 vobis,
1084 2045 1113 2070 ut

371 2091 496 2129 diligatis
513 2092 640 2128 invicem,
655 2091 726 2118 sicut
742 2089 829 2118 dileaet
844 2091 920 2118 rosG.
938 2089 1044 2118 Dilexit
1060 2099 1112 2119 nos

370 2139 503 2169 Christus
535 2139 660 2168 dulciter
692 2137 802 2177 absque
830 2137 1038 2176 amaritudine,
1062 2138 1112 2167 sed

371 2198 406 2217 ex
429 2187 572 2217 benevola
593 2186 758 2222 affectione,
776 2185 884 2215 bonum
900 2185 985 2214 nobis
1002 2185 1112 2224 volens,

373 2238 484 2274 fovens,
508 2236 608 2265 favens
631 2239 659 2265 et
682 2235 813 2271 faciens;
847 2234 949 2263 dilexit
977 2243 1028 2263 nos
1052 2234 1113 2264 essi-

373 2285 483 2314 caciter
506 2283 617 2323 absque
640 2283 770 2321 fictione,
793 2283 843 2312 sed
866 2291 954 2322 opere
984 2287 1012 2312 et
1041 2283 1115 2313 veri-

374 2338 442 2370 tate,
460 2332 597 2363 omnibus
613 2332 835 2369 benefaciendo,
853 2331 982 2361 docendo
998 2331 1115 2361 univer-

409 2416 420 2439 1
444 2413 488 2440 Ad
507 2413 645 2446 Roman„
665 2418 717 2446 xll,
737 2412 763 2438 4.

408 2458 425 2484 2
444 2458 552 2484 Marru.
572 2463 644 2489 xxv,
666 2456 710 2483 40.

408 2504 424 2529 3
445 2503 507 2530 Act.
529 2509 573 2535 lx,
594 2503 620 2528 4.

409 2549 423 2572 -t
438 2547 506 2573 Male
522 2547 586 2574 edit.
604 2546 683 2573 Mam.
700 2545 767 2580 legit
778 2546 871 2581 fidelis
886 2547 924 2579 (a.
941 2546 989 2580 T.).

410 2593 425 2617 ἕ»
448 2592 542 2619 Tract.
564 2597 647 2618 xxx-ui
667 2591 693 2617 in
709 2591 814 2617 Ioanrn.

411 2638 425 2661 g,
447 2635 538 2662 ΙοΑΝΝ.
561 2642 619 2662 xm.

945 234 1124 258 BULLARIUM
1150 234 1303 258 Romanum

1144 291 1207 319 sos;
1224 282 1266 312 sie
1290 291 1360 320 ergo
1377 287 1406 312 et
1429 292 1481 312 uos
1496 282 1652 321 diligamus
1674 283 1810 320 invicem,
1827 283 1883 313 fra-

1144 336 1204 361 tres
1216 332 1294 362 enim
1316 341 1438 361 sumus:
1459 331 1527 361 Ecce
1541 342 1623 371 quam
1637 332 1736 361 bonum
1756 336 1781 361 et
1802 342 1883 371 quam

1144 380 1295 409 iucundum
1320 380 1442 409 habitare
1466 381 1569 418 fratres
1597 381 1627 409 in
1654 390 1740 409 unum
1757 382 1777 410 ¹.
1804 380 1883 410 Nihil

1145 438 1236 467 aeque
1259 428 1385 458 oblectat
1406 428 1537 468 animuum
1554 438 1642 468 quam
1661 428 1732 458 haec
1754 429 1882 458 fraterna

1145 477 1289 513 charitas;
1314 477 1428 506 nullum
1451 476 1538 507 habet
1560 477 1688 507 laborem
1703 500 1711 514 ‚
1735 477 1883 516 ingentem

1145 535 1213 555 vero
1230 525 1419 565 voluptatem.
1436 525 1540 555 Ablata
1560 526 1680 564 unione,
1697 535 1803 565 corpus
1820 535 1885 556 cor-

1146 579 1212 604 ruat
1234 583 1354 603 necesse
1376 578 1430 612 est,
1454 579 1482 604 et
1505 575 1633 604 extincta
1649 575 1802 611 charitate,
1826 574 1884 604 dis-

1146 623 1269 652 solvitur
1290 623 1385 652 omnis
1408 623 1522 661 religio.
1551 623 1656 653 Contra
1679 632 1759 661 vero,
1783 632 1885 662 quem-

1146 671 1302 700 admodum
1318 680 1424 710 corpus
1440 676 1571 701 nostrum
1589 681 1639 710 per
1661 672 1800 701 unionem
1819 680 1886 711 par-

1147 720 1219 749 tium
1252 729 1371 749 suarum
1405 719 1478 749 bene
1510 720 1738 759 dispositarum,
1770 719 1885 760 sibique

1146 768 1271 797 invicem
1295 768 1543 804 succurrentium,
1567 769 1717 807 subsistit,
1741 769 1783 799 sic
1804 768 1885 798 simi-

1147 817 1214 846 liter
1237 817 1426 855 congregatio
1449 818 1584 855 religiosa
1619 818 1753 848 firmatur
1779 822 1809 848 et
1831 818 1886 847 for-

1147 871 1241 895 matur
1262 866 1290 895 in
1315 875 1367 895 suo
1389 875 1452 896 esse
1473 867 1604 905 corporis
1626 867 1757 904 moralis,
1780 867 1806 896 si
1827 867 1888 896 sin-

1147 915 1213 953 gula
1247 915 1376 944 membra
1410 916 1540 945 strictam
1575 917 1714 957 unionem
1747 915 1886 954 habeant,

1146 963 1260 1003 sibique
1282 964 1406 994 invicem
1430 974 1481 1004 per
1506 966 1656 995 vinculum
1681 970 1798 995 mutuae
1820 965 1888 995 cha-

1147 1013 1245 1042 ritatis
1278 1013 1403 1043 firmiter
1430 1014 1614 1044 cohaereant.
1638 1014 1661 1044 O
1683 1018 1727 1044 ter
1749 1019 1888 1054 quaterve

1147 1060 1263 1090 beatam
1286 1061 1470 1099 religionem,
1488 1063 1572 1092 cuius
1594 1063 1722 1092 membra
1744 1064 1888 1093 fraternae

1148 1109 1314 1139 dilectionis
1336 1111 1443 1149 spiritu
1467 1102 1720 1150 compaginantur.
1740 1112 1889 1150 Eugenius

1149 1159 1203 1188 Pr.
1229 1159 1275 1196 lV,
1299 1160 1328 1188 in
1352 1159 1460 1189 litteris
1488 1160 1564 1190 datis
1586 1161 1621 1190 ad
1644 1161 1764 1190 fratrem
1787 1161 1890 1190 Alber-

1149 1212 1208 1236 tum
1232 1207 1267 1236 de
1283 1208 1433 1245 Sarciano,
1451 1213 1520 1237 tunc
1542 1208 1683 1238 vicarium
1706 1209 1888 1246 generalem,

1149 1256 1302 1295 seraphico
1325 1262 1424 1287 nostro
1440 1257 1540 1287 Ordini
1559 1268 1684 1297 sequens
1707 1258 1890 1298 praeclarum

1149 1305 1228 1335 dedit
1240 1305 1382 1343 elogium:
1400 1316 1413 1334 α
1427 1305 1503 1336 Ordo
1517 1311 1592 1344 tuus,
1605 1308 1704 1346 iuquit,
1716 1307 1745 1336 in
1759 1307 1890 1347 seraphi-

1149 1364 1199 1383 oae
1221 1354 1374 1384 charitatis
1396 1355 1500 1384 ardore
1520 1355 1549 1384 in
1573 1356 1717 1395 principio
1739 1356 1887 1393 fundatus,

1151 1408 1299 1443 tamquam
1335 1404 1478 1433 fecundus
1509 1404 1722 1443 plantationum
1755 1405 1890 1434 hortulus

1151 1451 1315 1482 uberrimos
1345 1452 1496 1492 hucusque
1524 1454 1645 1493 protulit
1670 1454 1792 1482 fructus.
1818 1454 1891 1483 Dum

1151 1501 1228 1529 enim
1251 1501 1371 1540 plantati
1394 1511 1431 1530 ex
1455 1502 1546 1541 prima
1571 1502 1646 1532 beati
1667 1502 1816 1532 Francisci
1832 1503 1891 1532 vite

1152 1550 1286 1588 palmites
1298 1551 1326 1580 in
1343 1551 1497 1589 religione,
1510 1552 1671 1588 honestate,
1684 1551 1890 1589 sanctimonia,

1152 1599 1181 1628 in
1205 1600 1307 1638 primis
1330 1600 1393 1638 ipsa
1415 1600 1559 1629 charitate
1582 1600 1691 1629 exculti
1715 1600 1843 1636 suerunt,
1860 1600 1890 1630 in

1154 1653 1266 1678 tantum
1289 1653 1332 1678 est
1354 1659 1385 1678 ea
1410 1650 1551 1688 plantatio
1574 1654 1743 1689 propagata,
1767 1654 1810 1688 ut,
1840 1659 1892 1689 per

1153 1697 1322 1727 uuiversum
1338 1698 1438 1728 orbem
1455 1698 1572 1736 diffusa,
1590 1699 1725 1728 maximis
1741 1708 1891 1728 sacrarum

1153 1746 1319 1776 litterarum
1343 1747 1526 1785 veritatibuS,
1550 1748 1723 1777 humilitatis
1739 1751 1766 1776 et
1783 1747 1892 1787 patien-

1131 1830 1132 1834 ,
1154 1796 1210 1825 tiae
1232 1796 1342 1826 divitiis
1365 1796 1528 1833 abundans,
1548 1797 1669 1835 populos
1692 1796 1803 1835 repleat
1818 1797 1894 1835 sagi-

1154 1848 1259 1883 netque
1292 1845 1384 1874 divini
1419 1846 1528 1884 eloquii
1564 1845 1687 1884 pabulo,
1721 1849 1767 1883 et,
1801 1845 1892 1884 pulsis

1155 1894 1338 1931 ignorantiae
1361 1893 1502 1931 tenebris,
1519 1898 1638 1923 sanctae
1660 1893 1892 1923 conversationis

1154 1951 1252 1972 amore
1274 1942 1477 1981 desiderioque
1499 1942 1635 1972 inebriet.
1664 1943 1699 1972 Et
1727 1941 1807 1972 orbis
1836 1946 1894 1972 ter—

1155 2000 1270 2029 rarum,
1295 1991 1325 2021 in
1348 1991 1432 2021 cuius
1466 1991 1597 2029 singulas
1628 2000 1700 2030 pene
1733 1990 1893 2030 particulas

1156 2040 1342 2078 penetrastis,
1366 2040 1418 2069 illa
1438 2040 1520 2078 ipsa,
1544 2049 1631 2079 quam
1652 2039 1683 2069 in
1712 2039 1794 2069 vobis
1815 2039 1895 2069 vide-

1156 2088 1215 2127 rit,
1240 2089 1382 2126 senserit,
1405 2089 1592 2126 adoraverit,
1615 2089 1716 2118 ardeat
1737 2088 1892 2125 charitate,

1156 2138 1302 2177 faciatque
1325 2138 1491 2177 exemplum
1507 2147 1522 2167 a
1540 2139 1637 2167 vestra
1652 2138 1711 2167 vita,
1724 2141 1893 2176 sumptuum

1156 2190 1184 2216 et
1206 2187 1283 2226 quod
1318 2187 1400 2216 vobis
1432 2187 1592 2216 maximum
1615 2191 1643 2216 et
1672 2186 1703 2216 in
1729 2186 1894 2216 intentione

1157 2236 1331 2275 primarium
1358 2245 1422 2265 esse
1448 2235 1551 2273 debet,
1575 2235 1688 2264 animas
1716 2239 1827 2264 vestras
1849 2233 1894 2264 vel

1155 2287 1192 2314 ea
1207 2285 1321 2315 ratione
1337 2285 1431 2314 salvas
1449 2284 1574 2321 faciatis,
1591 2284 1640 2323 qui
1657 2283 1806 2323 proximas
1827 2283 1896 2312 inde

1157 2334 1298 2364 curabitis
1320 2334 1492 2363 lucrifacere
1510 2344 1538 2363 ».
1564 2333 1640 2363 Haec
1662 2333 1807 2362 Pontifex.

1196 2392 1226 2412 u.
1260 2383 1292 2413 In
1324 2384 1407 2413 cuius
1442 2383 1698 2421 argumentatione
1733 2382 1788 2412 hoc
1823 2380 1896 2411 mihi

1158 2437 1259 2462 notare
1285 2432 1329 2462 fas
1351 2436 1412 2469 est,
1442 2432 1531 2471 quod,
1555 2432 1632 2462 sicut
1652 2431 1779 2471 speravit
1799 2439 1898 2460 exem-

1158 2482 1237 2521 plum
1264 2482 1410 2511 fraternae
1438 2481 1591 2511 charitatis
1617 2481 1803 2520 profuturum
1831 2479 1896 2510 aliis

1158 2531 1193 2561 ad
1217 2530 1451 2562 aedificationem
1474 2535 1503 2560 et
1525 2530 1607 2560 vobis
1628 2529 1664 2559 ad
1686 2529 1828 2565 salutem,
1856 2528 1900 2558 ita*

1199 2637 1206 2660 1
1230 2634 1309 2661 Psal.
1333 2634 1392 2660 13⁹2.

1892 234 1942 261 An.
1958 233 1988 261 c.
2008 235 2083 270 1732
