2182 3137
172 174 359 202 Amol-130
404 165 469 198 114

612 254 871 276 ExTRAVAGANTES.

172 327 356 356 natrsiieommo-
407 327 425 347 1.
450 317 668 347 Praedicatores
691 316 789 354 regiae
817 316 980 346 maiestatis
1002 317 1110 357 aliique

172 356 243 405 ἱῗῗὲῖῗ
257 354 356 401 sfffigss‘gi
367 366 502 396 monachi
530 365 623 395 nostri
658 364 778 395 Ordinis
809 365 972 395 residentes
1001 366 1110 396 Matriti

172 407 235 432 '¹5⁰⁸'
366 423 432 443 cum
456 417 573 452 patente
605 417 655 442 aut
683 413 787 442 ordine
817 413 907 452 patris
940 414 1108 452 generalis,

365 462 452 492 etiam
476 461 682 500 exgenerales,
707 461 766 491 sint
787 461 913 491 subiecti
937 462 1028 501 priori
1050 472 1111 492 mo-

365 511 488 540 nasterii
511 511 541 539 S.
566 510 728 540 Ilieronimi
751 510 877 548 Matriti3
899 515 927 540 et
949 511 1057 550 pariter
1069 512 1111 541 vi-

366 559 458 595 carii,
484 563 691 598 procuratores
712 568 763 589 seu
791 559 943 589 oeconomi
967 565 1111 589 monaste-

366 608 476 637 riorum
500 607 672 637 monialium
695 607 754 638 sint
776 607 901 638 subiecti
925 608 999 647 patri
1020 608 1110 647 priori

366 656 412 686 cui
436 656 601 686 subduntur
624 656 799 686 monasteria
822 666 947 695 quorum
976 661 1044 686 sunt
1069 657 1111 686 vi-

367 705 440 734 carii
462 709 513 734 aut
535 709 740 744 procuratores
763 714 815 734 seu
837 705 999 735 oeconomi.

173 761 354 785 Quitiaevesuiu
406 762 436 783 11.
461 753 610 783 lllonacliis
632 753 825 783 existentibus
848 753 876 782 in
900 753 1036 783 domibus
1059 763 1111 784 no-

172 793 262 835 Sapisque
277 793 355 813 ''mm''
366 802 409 832 vis
424 806 452 832 et
468 802 611 841 collegiis,
634 802 757 832 inclusis
773 802 922 841 prioribus
945 807 973 832 et
992 802 1110 832 lectori-

365 851 420 881 bus
435 875 442 888 ,
462 851 592 890 quolibet
620 860 721 881 mense
743 856 809 881 octo
832 851 945 889 regales
976 855 1110 880 monetae

365 899 506 930 Castellae
535 909 587 939 pro
610 900 748 930 vestiario
777 899 949 937 solvantur3
974 899 1109 929 monachi

366 958 434 979 vero
464 949 530 978 aliis
559 948 744 978 monasteriis
767 957 833 978 cum
856 948 954 987 aliquo
978 948 1110 977 ministe-

364 997 408 1027 rio
429 996 624 1027 inservientes
639 1019 646 1032 ‚
670 1000 719 1025 aut
741 996 769 1026 in
793 996 852 1026 illis
874 996 960 1026 aliter
982 1005 1110 1025 commo-

364 1050 466 1076 rantes
488 1045 549 1075 sive
572 1054 638 1074 cum
661 1048 778 1083 patente
800 1045 861 1074 sive
883 1045 912 1074 in
936 1044 1041 1081 exilio,
1065 1044 1109 1073 vel

365 1105 380 1124 a
393 1095 481 1124 dictis
497 1094 684 1124 monasteriis
703 1095 875 1131 vestiantur,
893 1098 980 1132 prout
998 1093 1109 1133 proprii

366 1144 440 1181 filii,
464 1143 510 1173 vel
540 1143 603 1172 loco
632 1142 763 1172 vestiarii
795 1142 888 1172 dictos
910 1146 974 1172 octo
997 1141 1110 1180 regales

367 1192 497 1232 quolibet
525 1201 625 1221 mense
654 1191 726 1230 ipsis
760 1191 888 1230 persolvi
917 1190 1061 1227 debeant;
1086 1190 1109 1220 si

367 1247 463 1270 tamen
486 1240 597 1270 fuerint
619 1238 788 1269 carceribus
811 1239 982 1278 mancipati,
999 1243 1049 1268 aut
1070 1238 1110 1269 ita

366 1290 501 1329 impediti
522 1294 553 1319 ut
576 1289 664 1318 vitam
688 1297 874 1318 communem
893 1297 958 1317 cum
978 1288 1043 1317 aliis
1067 1297 1112 1317 se-

368 1339 419 1377 qui
441 1348 500 1368 non
534 1338 648 1367 valeant
663 1362 670 1375 ‚
695 1337 813 1377 propria
844 1337 1020 1366 monasteria
1043 1336 1108 1373 illi,

367 1387 397 1417 in
420 1397 477 1426 quo
500 1390 731 1424 commorantur,
749 1386 826 1426 quod
842 1395 857 1415 a
880 1385 1046 1415 definitorio
1065 1394 1111 1423 ge-

367 1436 460 1466 nerali
483 1435 528 1465 vel
550 1445 565 1464 a
595 1440 678 1474 patre
700 1435 829 1472 generali
851 1434 929 1464 inter
950 1434 1109 1473 capitulum

367 1489 397 1514 et
409 1484 582 1524 capitulum,
600 1487 732 1513 taxatum
748 1483 846 1520 suerit,
863 1483 976 1512 solvere
992 1487 1111 1512 tenean-

369 1538 425 1564 tur.
445 1532 582 1563 Monachi
604 1532 731 1571 denique
753 1532 784 1562 in
807 1532 993 1562 monasteriis
1012 1531 1110 1569 regiae

368 1583 466 1613 curiae
477 1586 528 1612 aut
540 1581 805 1619 cancellariarium,
817 1581 1001 1619 negotiorum
1014 1582 1110 1617 causa,

368 1632 541 1669 residentes,
557 1631 629 1670 ipsis
642 1630 772 1670 qualibet
789 1631 835 1660 die
851 1630 1018 1670 persolvant
1031 1630 1110 1659 iuxta

369 1685 465 1710 taxam
494 1681 566 1710 dicti
599 1680 757 1709 definitorii
781 1679 926 1717 generalis
949 1682 999 1708 aut
1022 1678 1111 1717 patris

368 1729 514 1768 generalis
536 1730 613 1759 inter
635 1729 797 1768 capitulum
820 1733 848 1758 et
869 1728 1041 1767 capitulum.

608 1800 803 1830 CONSTITUTlO
825 1800 874 1830 Ll.

202 1884 313 1931 (guomodo
335 1889 358 1903 so
410 1871 529 1907 Quilibet
551 1871 697 1900 monachus
721 1872 807 1900 nostri
830 1871 960 1906 Ordinis,
984 1882 1046 1901 cum.
1067 1873 1111 1901 (le-

175 1911 203 1932 ba
221 1916 255 1931 ere
265 1911 358 1931 debeant

175 1937 276 1958 monachi
292 1943 357 1963 quan·
369 1921 424 1950 bita
446 1921 558 1950 licentia
581 1930 633 1958 per
654 1920 768 1958 aliquod
799 1921 887 1959 ipsius
918 1920 1031 1950 Ordinis
1057 1931 1112 1950 nto-

176 1964 359 2016 ἓξοᾞξέὧῆζζᾙς
369 1970 522 1999 nasterium
537 1970 686 2007 transiens,
700 1970 787 2008 possit
802 1979 818 1998 a
837 1970 932 2008 priore
947 1970 991 1999 'vel
1009 1971 1112 2000 vicario

176 2017 322 2038 sammflffiss·
370 2019 458 2058 ipsius
480 2019 658 2054 monasterii,
681 2027 727 2046 seu
754 2017 818 2046 aliis
845 2019 985 2047 monachis
1007 2019 1042 2048 ad
1063 2029 1113 2048 au-

371 2068 501 2098 diendum
522 2067 702 2105 confessiones
734 2066 802 2096 inibi
833 2067 979 2105 deputatis,
1003 2069 1059 2096 sive
1081 2069 1112 2097 ab

371 2126 412 2154 eo,
436 2116 483 2154 qui
504 2115 538 2143 ad
560 2115 608 2143 hoc
628 2114 680 2143 sibi
700 2115 788 2153 suerit
809 2115 967 2153 specialiter
988 2117 1113 2154 designa-

371 2170 424 2199 tus,
448 2165 555 2193 etiamsi
577 2164 732 2193 huiusmodi
750 2164 907 2202 designatus
922 2166 1041 2195 eiusdem
1059 2176 1113 2194 mo-

372 2214 486 2243 nasterii
506 2214 646 2252 professus
668 2221 722 2241 non
742 2213 844 2250 fuerit,
868 2212 1050 2243 ecclesiastiea
1071 2224 1113 2243 re-

371 2263 462 2301 cipere
483 2265 664 2290 sacramenta.
690 2260 854 2290 itinerantes
883 2271 986 2300 quoque
1004 2265 1113 2301 priores

371 2315 397 2340 et
418 2309 544 2339 monachi
562 2309 725 2348 presbyteri,
743 2318 804 2338 cum
825 2310 914 2339 debitsi
936 2310 1048 2340 licentia
1071 2312 1113 2340 in-

372 2359 512 2395 cedentes,
548 2359 652 2397 possint
684 2357 748 2387 aliis
772 2357 884 2387 Ordinis
918 2360 1054 2388 monachis
1082 2369 1114 2389 ae

373 2406 424 2435 sibi
446 2407 563 2435 invicem
584 2406 744 2435 ministrare
759 2411 929 2436 sacramenta
950 2407 1115 2437 ecelesiasti-

373 2464 421 2484 ca.
455 2454 623 2492 Presbytcris
654 2459 745 2483 autem
775 2455 891 2484 alterius
924 2454 1037 2485 Ordinis
1068 2460 1115 2485 aut

375 2502 562 2532 saecularibus
583 2503 730 2532 monachus
751 2503 850 2542 absque
871 2503 986 2543 speciali
1014 2504 1116 2534 debitri-

379 2560 430 2589 que
452 2550 563 2579 licentia
584 2551 707 2588 confiteri
722 2561 775 2581 non
789 2551 873 2586 debet,
891 2553 946 2582 nisi
961 2552 1116 2582 huiusmodi

948 174 1132 198 BULLARIUM
1157 174 1315 199 ROMANUM

1906 177 1956 203 Au.
1976 177 2006 204 C.
2025 177 2095 206 ¹730

1154 223 1294 253 licentiam
1313 227 1406 263 petere
1427 224 1516 262 fuerit
1534 223 1644 253 oblitus.
1676 223 1783 253 Habens
1815 225 1897 254 etiam

1154 271 1310 302 huiusmodi
1345 272 1504 309 licentiam,
1538 273 1563 302 si
1597 273 1760 302 monachum
1784 272 1897 303 Ordinis

1154 320 1269 357 habeat,
1292 321 1338 350 cui
1359 321 1541 359 confiteatur,
1569 330 1741 360 nequaquam
1773 321 1898 360 confiteri

1153 368 1243 398 valeat
1264 369 1380 398 alterius
1403 368 1517 399 Ordinis
1538 369 1666 408 religioso
1688 370 1730 399 vel
1746 369 1894 399 saeculari.

1392 443 1586 473 Consurrrio
1604 444 1660 473 Lll.

1192 513 1252 544 Non
1272 519 1464 553 promoveatur
1478 515 1512 544 ad
1527 515 1650 544 ordinem
1665 524 1773 544 sacrum
1796 515 1897 554 aliquis
1934 530 1964 551 De
1980 531 2092 556 examina.

1153 563 1348 592 monachorum
1370 568 1540 601 nostrorum,
1565 564 1620 592 nisi
1641 563 1801 602 aliqualiter
1823 563 1898 593 Scri·
1908 557 2092 610 βξοάᾱξξζῗωξζ

1150 615 1249 650 pturas
1271 621 1374 645 sacras,
1399 622 1466 650 quas
1488 612 1563 650 legit,
1580 612 1715 650 intelligat
1737 612 1771 641 ad
1792 614 1898 642 emami-
1907 609 2030 657 ggsgfflgffflf‘
2045 615 2091 632 Φθ-

1154 662 1292 689 nationem
1313 661 1357 689 sui
1377 661 1481 699 prioris
1503 670 1564 690 cum
1585 661 1777 699 deputatorum
1808 662 1897 691 eonsi-

1153 708 1190 738 lio
1201 719 1212 742 ,·
1235 718 1284 738 nec
1305 709 1431 738 monachi
1451 714 1531 738 entra
1545 711 1709 738 monasteria
1727 708 1840 739 Ordinis
1862 711 1897 738 ad

1151 757 1309 786 discendum
1331 758 1499 787 mittantur.-
1529 759 1603 787 εῖτ-σα
1631 758 1679 787 hoc
1706 762 1795 787 tamen
1814 762 1896 797 pater

1150 805 1287 842 generalis
1316 806 1417 844 poterit
1447 816 1481 834 ex
1508 808 1592 835 causti
1613 806 1789 843 rationabili,
1813 811 1896 845 prout

1152 853 1203 882 sibi
1226 854 1370 888 videbitur,
1394 855 1565 893 dispensare.

1391 937 1650 958 EXTRAVAGANTES.

1192 1008 1210 1028 1.
1234 998 1318 1028 Pater
1333 999 1478 1036 generalis
1493 999 1635 1028 monacho
1651 1000 1895 1029 monasteriorum
1924 1011 2093 1042 ‘No—nardina-

1153 1047 1246 1076 nostri
1264 1046 1381 1077 Ordinis
1404 1048 1439 1076 ad
1462 1047 1646 1086 recipiendos
1666 1047 1784 1077 ordines
1807 1038 2093 1090 licen-2¹,15ssffssp‘fffssssff

1154 1095 1222 1125 tiam
1238 1105 1296 1125 non
1312 1096 1464 1134 concedat,
1482 1096 1552 1135 quin
1576 1096 1658 1135 prius
1682 1095 1787 1125 habeat
1803 1095 1898 1125 insor-
1907 1092 2007 1112 mationa.

1154 1144 1313 1174 mationem
1336 1154 1351 1174 a
1375 1145 1473 1184 priore
1495 1149 1523 1174 et
1545 1144 1692 1184 deputatis
1714 1144 1895 1180 monasterii,

1154 1193 1238 1223 cuius
1270 1193 1365 1223 dictus
1398 1193 1558 1223 monachus
1592 1198 1635 1223 est
1668 1193 1837 1232 professus,
1861 1193 1896 1223 de

1154 1243 1245 1272 causa
1276 1242 1320 1272 vel
1353 1243 1471 1279 cansis3
1501 1251 1593 1281 quare
1622 1242 1678 1282 ipsi
1711 1242 1746 1272 ad
1779 1242 1896 1272 ordines

1154 1291 1356 1330 suscipiendos
1378 1291 1527 1321 licentiam
1550 1300 1608 1320 non
1637 1291 1814 1321 concedunt.

1194 1349 1225 1369 11.
1248 1339 1382 1370 Monachi
1404 1350 1463 1369 non
1490 1344 1719 1379 promoveantur
1740 1339 1776 1369 ad
1798 1348 1896 1369 sacros
1906 1352 1949 1373 Nec
1965 1356 2013 1374 anie
2027 1359 2090 1380 qnar-

1154 1388 1274 1418 ordines
1288 1412 1296 1427 ,
1320 1388 1413 1418 donec
1447 1393 1584 1427 quartum
1608 1398 1717 1418 annum
1739 1387 1775 1417 ab
1797 1380 2094 1428 habituffinssssffiffifiss

1154 1441 1271 1476 recepto
1305 1437 1536 1476 compleverint,
1561 1437 1618 1466 nisi
1640 1437 1725 1466 aliter
1753 1446 1788 1466 ex
1815 1436 1898 1474 gravi
1909 1439 1963 1453 ‘'¹¹¹¹‘·
2139 1437 2143 1440 ⁴

1154 1486 1255 1523 causa,
1274 1485 1364 1524 priori
1388 1494 1456 1515 cum
1481 1485 1605 1515 consilio
1628 1485 1834 1524 deputatorum
1857 1485 1899 1515 vi-

1154 1533 1258 1562 deatur
1291 1533 1475 1571 faciendum
1510 1534 1549 1564 ita
1582 1538 1678 1563 tamen
1712 1533 1747 1563 ad
1779 1533 1896 1563 ordines

1155 1587 1382 1621 promoveantur
1398 1605 1406 1619 ,
1430 1582 1507 1621 quod
1537 1586 1600 1621 post
1622 1583 1746 1621 primam
1779 1583 1896 1612 missam

1155 1635 1299 1660 cantatam
1330 1630 1383 1659 sub
1412 1630 1571 1669 disciplina
1603 1631 1737 1668 magistri
1764 1639 1898 1670 perseve-

1154 1683 1244 1715 rent,
1269 1679 1367 1717 aliquo
1397 1683 1527 1718 tempore
1551 1679 1579 1708 in
1603 1678 1691 1708 rebus
1720 1679 1755 1708 ad
1785 1683 1897 1709 tantum

1154 1727 1351 1757 ministerium
1376 1727 1554 1756 necessariis
1576 1727 1754 1757 instruendi.
1779 1727 1898 1763 Quando

1155 1785 1222 1805 vero
1247 1785 1298 1815 pro
1328 1775 1482 1805 ordinibus
1514 1776 1709 1815 suscipiendis
1734 1780 1815 1806 extra
1837 1786 1898 1807 ino-

1158 1825 1319 1854 nasterium
1352 1824 1434 1853 missi
1467 1825 1599 1859 fuerint,
1623 1834 1689 1854 cuin
1717 1825 1896 1855 novitiorum

1155 1873 1307 1911 magistro,
1325 1873 1382 1911 vel,
1402 1882 1435 1902 eo
1458 1873 1610 1912 impedito,
1634 1883 1699 1903 cum
1723 1874 1814 1904 altero
1837 1884 1898 1904 mo-

1155 1921 1247 1950 nacho
1269 1922 1362 1959 gravi,
1380 1931 1395 1951 a
1412 1922 1508 1960 priore
1530 1922 1721 1960 designando,
1739 1923 1786 1952 cui
1801 1923 1832 1952 in
1851 1923 1898 1953 ili-

1155 1980 1226 2000 nere
1248 1970 1383 2008 subsint,
1408 1971 1538 2009 praecise
1565 1971 1815 2002 transmittantur.

1195 2028 1235 2048 111.
1260 2019 1291 2048 ln
1314 2019 1439 2057 singulis
1466 2020 1577 2049 nostris
1600 2020 1787 2050 monasteriis
1809 2021 1897 2052 lectio
1908 2029 1929 2049 tn
1943 2029 2030 2059 singolis
2045 2034 2091 2060 ως.

1155 2078 1255 2098 sacrae
1277 2068 1455 2107 Scriptmae,
1475 2073 1525 2098 aut
1546 2078 1666 2098 casuum
1689 2070 1894 2105 conscientiae,
1908 2055 2092 2108 ἓᾶἰθὲιέῗῑέῗιῘι-ιζῖ

1156 2116 1235 2145 iuxta
1267 2116 1418 2155 antiquam
1451 2117 1544 2146 nostri
1566 2116 1683 2147 Ordinis
1709 2110 2093 2156 consuetudi-3333?⁰32¹.

1156 2173 1222 2193 nem
1255 2164 1527 2203 praescriptumque
1559 2165 1738 2194 sacrosancti
1770 2161 1984 2196 Commissum.

1155 2213 1332 2251 Tridentini,
1356 2212 1498 2242 habeatur
1513 2237 1520 2251 ,
1544 2214 1591 2243 cui
1614 2214 1750 2244 assistere
1771 2214 1896 2245 debeant

1156 2271 1257 2291 omnes
1279 2261 1414 2291 monachi
1438 2271 1494 2291 non
1518 2262 1662 2301 impediti,
1679 2262 1782 2300 viginti
1804 2273 1896 2294 annos

1155 2320 1171 2340 a
1194 2310 1362 2349 receptione
1384 2310 1500 2340 habitus
1524 2311 1684 2350 completos
1706 2321 1763 2341 non
1787 2312 1897 2343 haben-

1156 2363 1221 2396 tes;
1244 2359 1328 2396 alias,
1346 2359 1402 2388 nisi
1419 2359 1626 2398 interveniant,
1646 2360 1761 2399 culpam
1777 2360 1807 2390 in
1822 2362 1897 2392 rese-

1156 2407 1248 2437 ctorio
1264 2407 1310 2436 vel
1326 2408 1452 2447 capitulo
1475 2407 1572 2438 dicere
1588 2412 1763 2445 teneantur3
1783 2409 1897 2440 stricte-

1156 2465 1214 2495 que
1248 2456 1430 2495 iniungimus
1453 2456 1599 2495 prioribus
1621 2461 1649 2486 et
1670 2457 1778 2487 nostris
1799 2457 1897 2488 visita-

1158 2504 1288 2542 toribus,
1312 2505 1390 2544 quod
1413 2505 1567 2535 lectionem
1590 2505 1758 2536 huiusmodi
1780 2506 1809 2536 in
1836 2499 1897 2536 mo-

1158 2553 1294 2584 nasteriis
1316 2553 1415 2583 sedulo
1439 2554 1533 2584 teneri
1555 2554 1711 2593 diligenter
1727 2558 1894 2593 procurent,
