2182 3137
225 186 271 212 An.
290 186 319 211 C,
345 186 414 211 ¹7:30

248 1881 370 1901 Atrihortatiu»
381 1881 406 1900 a=l

339 1909 409 1953 .f.'³.‘3.¹¹¹f
420 1925 588 1958 nitentiam
602 1930 809 1968 pcccatorum
822 1925 978 1968 pondere,
995 1923 1156 1967 precihus,

241 1967 263 1979 u*
291 1966 309 1980 ut
335 1963 364 1980 >ul

272 1908 338 1927 :titulo

460 178 502 208 lu<
1002 180 1183 204 BULLMtluM
1209 179 1365 203 noma-uu

410 234 581 275 wcrirula,
609 240 637 265 et
668 233 768 275 (quod
801 244 858 264 nos
890 230 1027 262 maxime
1061 239 1157 270 auge-

419 287 494 326 hat)
519 291 625 316 ¹<ancta
647 286 698 316 hot
726 283 880 321 Ecclesia,
901 287 948 314 tot
965 281 1157 313 haeresibus

418 344 449 369 ct
475 339 504 369 in
545 337 702 377 religione
734 335 875 367 dissidiis
911 335 1043 372 lacera,
1081 333 1158 365 mul·

419 397 588 432 torumque
625 388 763 421 liliorum
800 397 934 420 suorum
970 397 987 418 a
1024 385 1157 418 salutari

418 442 533 474 Christi
562 443 671 473 norma
702 440 842 483 graviter
867 438 1064 472 deviantium
1091 437 1157 469 vitii

418 494 510 526 t'octla
533 493 634 525 oculis
658 492 776 525 nostris
801 492 1048 529 obversaretur,
1077 490 1158 522 facta

420 547 509 590 quasi
530 546 622 578 vidua
638 546 771 588 plorans
785 544 816 576 in
829 548 934 583 nocte,
950 548 981 575 et
995 543 1158 587 lacrymae

421 599 488 630 rius
508 598 538 630 in
562 598 699 630 maxillis
717 597 825 637 eius¹3
846 601 878 628 ut
897 596 977 629 illud
996 595 1065 628 iure
1084 605 1159 628 con-

419 651 507 695 queri
544 661 730 694 possemus:
756 649 925 687 Quomodo
951 648 1157 681 obscuratum

418 710 465 737 est
482 714 604 743 ainaim,
618 708 758 736 mutatus
773 708 822 735 cst
838 702 927 735 color
941 701 1092 744 optimus,
1111 701 1158 734 di-

419 758 522 801 spersi
549 762 622 789 sunt
648 755 772 799 lapides
798 754 973 787 sanctuarii
992 754 1024 786 in
1053 753 1157 797 capite

419 810 562 844 omnium
578 807 783 853 plateai·um‘³.
798 808 882 847 Quae
898 808 930 840 in
946 807 1158 840 amaritudine

420 864 546 897 :mimae
572 868 703 896 nostrae
729 861 909 904 cogitantes
929 888 937 902 ,
963 871 1029 894 non
1063 860 1158 893 aliter

419 918 559 950 delatam
585 915 784 958 apostolicae
804 914 970 947 servitutis
987 913 1156 953 sarcinam,

420 980 514 1014 quam
542 974 575 1000 ut
600 967 873 1001 increbrescentis
907 968 1036 1000 divinae
1071 967 1157 1000 vocis

420 1022 555 1065 imperio
573 1049 580 1062 ,
608 1021 882 1065 quemadmodum
908 1031 965 1063 par
990 1025 1075 1061 erat,
1101 1020 1158 1052 hu-

419 1075 537 1108 militer
558 1074 829 1118 obscqucrenmr,
847 1074 993 1107 dolentes
1018 1072 1157 1116 suscepi-

420 1139 497 1161 mus.
513 1127 649 1161 Caelesti
664 1132 772 1160 autem
787 1127 910 1160 monito
926 1126 1043 1166 edocti,
1060 1125 1156 1169 quod,

419 1182 512 1214 sicuti
538 1192 635 1214 nemo
662 1181 700 1213 dc
726 1180 917 1213 suaiustitia
932 1189 1154 1223 praesumere,

420 1236 461 1267 ita
487 1235 525 1268 de
552 1234 607 1267 Dei
634 1234 859 1267 misericordia
885 1233 1033 1266 diffidere
1060 1243 1156 1265 nemo

419 1289 518 1322 delict
537 1316 544 1329 ,
570 1289 696 1321 Patrem
723 1288 819 1321 totius
844 1286 1075 1320 consolationis
1111 1296 1157 1319 as-

419 1342 509 1375 sidue
547 1342 779 1385 deprecamur,
808 1346 864 1381 ut,
890 1340 944 1384 qui
982 1340 1060 1372 tanti
1097 1339 1158 1372 fuit

418 1396 511 1429 nobis
538 1396 673 1428 honoris
700 1400 838 1435 auctor,
869 1395 936 1427 fore
969 1404 1035 1427 non
1068 1393 1158 1426 dedi-

418 1454 536 1491 gnetur
561 1447 849 1480 administrationis
874 1447 1010 1487 adiutor,
1037 1457 1090 1486 ac,
1116 1456 1157 1479 nc

419 1501 476 1534 sub
502 1501 611 1533 oneris
637 1499 793 1543 gravitate
812 1499 1069 1539 succumbamus,
1088 1510 1158 1542 sup·

419 1559 520 1596 ponat
544 1563 656 1586 manus
681 1564 753 1586 suas
775 1559 808 1585 et
824 1552 974 1585 virtutem
991 1551 1156 1594 largiatur,

419 1607 472 1651 qui
495 1606 632 1640 contulit
650 1606 852 1649 dignitatem.
872 1605 1017 1648 idipsum
1038 1611 1068 1638 et
1088 1614 1155 1644 vos,

418 1660 534 1704 quibus
577 1661 775 1703 pastoralem
816 1669 925 1692 curam
966 1658 1157 1701 impendere

417 1714 585 1757 coepimus
598 1740 605 1754 ,
630 1718 661 1746 ct
681 1713 847 1756 deinceps,
863 1712 1015 1756 quamdiu
1031 1711 1156 1744 divinae

419 1766 556 1799 bonitati
580 1765 768 1809 placuerit,
804 1764 982 1808 impensuri
1020 1774 1128 1797 sumus
1148 1790 1155 1804 ‚

419 1819 600 1853 coniunctis
626 1819 793 1852 nobiscum
819 1817 972 1861 precibus
997 1817 1110 1860 agatis.

463 1873 477 1916 ᾗ
502 1872 533 1905 1.
561 1872 715 1915 Deposito
741 1872 850 1915 itaque
876 1881 936 1914 per
963 1881 1071 1904 veram
1105 1880 1158 1913 pe-

419 1978 569 2018 ieiuniis‚
596 1978 733 2021 aliisque
759 1978 888 2021 pietatis
914 1977 1068 2021 operibus
1105 1987 1158 2009 au-

420 2032 528 2065 xilium
554 2043 590 2065 ex
616 2033 681 2065 alto
707 2031 842 2065 sinceris
872 2030 1157 2073 concordibusque

418 2085 576 2128 suffragiis
602 2086 829 2129 imploremus,
853 2090 903 2125 ut,
929 2094 946 2117 a
971 2094 1035 2127 quo
1060 2093 1157 2117 omne

418 2138 526 2171 datum
552 2138 711 2182 optimum
746 2143 778 2171 et
809 2147 905 2171 omne
939 2137 1059 2170 donum
1084 2147 1158 2180 per-

419 2191 535 2224 fectum
572 2191 762 2232 descendit,
788 2191 842 2224 det
874 2190 969 2224 nobis
1006 2189 1157 2233 spiritum

419 2243 546 2276 consilii
573 2249 603 2277 et
629 2244 838 2284 fortitudinis,
866 2254 929 2287 quo
950 2241 1156 2276 commissum

419 2296 512 2329 nobis
540 2296 740 2330 dominicum
766 2307 899 2340 gregem
935 2296 1074 2329 feliciter
1108 2305 1157 2328 re-

418 2360 495 2391 gere
521 2361 557 2383 ac
581 2361 653 2383 cum
678 2350 735 2384 illo
761 2350 798 2384 ad
818 2355 970 2383 aeternae
991 2349 1073 2383 vitae
1091 2349 1158 2392 glo·

419 2403 499 2435 riam
513 2404 684 2445 pervenire
701 2412 896 2436 mereamur.
916 2402 953 2436 Et
970 2402 1045 2446 quia
1063 2412 1158 2446 prae—

420 2456 533 2499 cipuae
559 2457 738 2498 pastorales
764 2456 907 2489 muneris
926 2455 1029 2489 nostri
1048 2461 1156 2500 partes

457 2525 467 2550 1
492 2524 609 2551 lliEami.

454 2569 470 2596 ‘2
491 2568 607 2596 nimam.

1201 232 1295 266 sunt,
1320 227 1472 260 omnibus
1498 228 1664 266 ecclesiis,
1691 238 1825 270 quarum
1845 229 1938 261 nobis

1202 279 1354 311 (livinitus
1380 279 1523 312 iniuncta
1549 285 1594 312 cst
1626 280 1832 319 sollicitudo,
1869 281 1939 313 ido-

1203 343 1282 365 ncos
1307 333 1478 375 praesules
1514 334 1739 372 constituere,
1768 343 1939 376 precemur

1202 390 1369 417 aeternum
1407 392 1592 427 pastorem,
1618 392 1672 423 ut,
1698 385 1752 428 qui
1791 384 1940 418 vicariam

1202 448 1291 469 suam
1317 437 1347 469 in
1371 438 1464 471 terris
1482 443 1671 481 potestatem
1692 438 1863 471 humilitati
1884 448 1941 470 no-

1203 495 1288 522 strae
1314 491 1494 523 concedere
1520 491 1669 534 dignatus
1695 497 1761 530 cst,
1789 492 1868 524 tales
1887 501 1941 523 no-

1202 543 1251 575 his
1278 543 1394 575 tribuat
1424 543 1571 576 ecclesiis
1607 544 1766 576 universis
1791 548 1940 586 pastores

1203 595 1397 639 praeficere,
1424 596 1478 639 qui
1504 601 1535 629 et
1559 596 1619 639 ipsi
1646 596 1718 629 faeti
1746 596 1846 630 forma
1871 606 1941 638 grc-

1203 648 1251 690 gis
1277 649 1434 691 populum
1461 659 1558 682 curae
1584 660 1659 682 suae
1685 649 1842 682 creditum
1876 658 1939 681 non

1202 702 1307 734 solum
1335 701 1481 734 doctrina
1506 702 1608 742 verbi,
1635 702 1690 735 sed
1717 701 1810 734 etiam
1835 711 1941 734 exem-

1203 755 1257 797 plo
1284 753 1361 787 honi
1396 755 1504 797 operis
1542 765 1699 798 prospere
1725 753 1885 795 dirigant,
1910 757 1942 786 et

1202 806 1357 840 ccclesias
1385 807 1446 840 sihi
1473 807 1662 840 commissas
1687 805 1819 840 uberius
1845 805 1942 848 picta-

1203 859 1241 892 tis
1266 860 1478 893 incrementis
1505 860 1718 903 locupletent.

1245 912 1260 955 ἓ
1286 912 1317 946 ⁶2.
1345 913 1513 946 Antistites
1538 923 1615 946 vero
1640 911 1805 952 catholici,
1823 911 1855 944 in
1874 920 1942 954 par·

1203 970 1265 998 tem
1285 966 1516 999 sollicitudinis
1542 971 1673 1000 nostrae
1692 965 1808 1005 vocati,
1828 964 1861 997 in
1879 964 1942 997 hoc

1202 1019 1288 1052 serio
1313 1019 1513 1060 incumbant,
1540 1026 1575 1052 ut
1600 1030 1653 1053 eos
1685 1018 1830 1061 deligant
1855 1017 1943 1050 ordi-

1204 1072 1250 1105 nis
1284 1073 1496 1105 ecclesiastici
1533 1073 1722 1111 ministros,
1748 1070 1941 1115 praesertim

1202 1127 1383 1159 animarum
1409 1132 1566 1166 rectores,
1595 1126 1648 1169 qui
1675 1125 1785 1157 munia
1809 1135 1867 1157 sua
1894 1124 1942 1157 di-

1202 1190 1264 1222 gne
1283 1179 1455 1223 impleant,
1482 1185 1513 1213 et
1539 1180 1625 1213 vivos
1649 1178 1775 1222 lapides
1799 1178 1830 1210 in
1857 1176 1942 1211 aedi-

1202 1232 1310 1265 ficium
1337 1233 1484 1266 caelestis
1510 1233 1710 1267 Hierusalem
1743 1241 1942 1276 praeparare

1201 1287 1398 1319 adnitantur.
1416 1286 1571 1330 Religiosi
1586 1297 1716 1330 quoque
1730 1291 1761 1319 et
1773 1285 1942 1319 sanctimo-

1202 1339 1305 1372 niales
1331 1345 1403 1372 vota
1428 1350 1484 1372 sua
1508 1339 1643 1373 Domino
1663 1338 1694 1371 in
1716 1337 1886 1370 sanctitate
1911 1342 1943 1371 et

1201 1392 1324 1425 iustitia
1338 1394 1486 1434 reddant,
1500 1399 1535 1426 ut
1551 1393 1656 1426 suavis
1672 1392 1789 1426 Christi
1807 1392 1888 1425 odor
1902 1391 1942 1424 de

1201 1446 1288 1478 bona
1309 1456 1423 1478 eorum
1441 1445 1684 1479 conversatione
1703 1445 1850 1487 fragrans
1871 1454 1943 1476 san-

1202 1504 1284 1532 ctam
1317 1505 1455 1533 matrem
1493 1499 1669 1533 Ecclesiam
1706 1497 1868 1532 recreat¹.
1899 1498 1943 1531 Ac

1202 1562 1316 1585 ornnes
1334 1553 1465 1585 demum
1490 1551 1615 1592 fideles,
1635 1550 1824 1584 abiicientes
1841 1560 1942 1594 opera

1203 1606 1420 1645 tenebrarum,
1441 1611 1472 1638 et
1488 1605 1661 1638 induentes
1679 1614 1766 1637 arma
1786 1603 1878 1644 lucis,
1898 1603 1942 1636 ita

1202 1658 1341 1700 dirigant
1354 1657 1387 1691 in
1401 1663 1577 1701 conspectu
1588 1656 1716 1690 Domini
1732 1656 1797 1689 vias
1811 1661 1842 1689 et
1854 1666 1943 1700 gres-

1201 1722 1254 1744 sus
1270 1721 1354 1751 suos,
1369 1717 1404 1744 ut
1417 1710 1501 1751 fidei,
1518 1721 1614 1755 quam
1627 1709 1830 1753 profitentur,
1845 1709 1942 1743 finem

1203 1770 1233 1797 et
1258 1763 1542 1808 repromisionem‚
1564 1764 1700 1797 salutem
1726 1763 1851 1796 scilicet
1875 1763 1943 1796 ani-

1202 1828 1327 1850 marum
1349 1828 1492 1857 suarum,
1508 1822 1674 1860 reportare
1695 1817 1832 1856 valeant,
1859 1816 1942 1859 iugi-

1203 1876 1249 1904 ter
1266 1880 1430 1904 memores
1455 1875 1607 1913 oportere
1639 1880 1709 1910 nos,
1734 1874 1894 1913 quotquot
1911 1875 1943 1903 et

1202 1924 1455 1968 qualescumque
1467 1923 1597 1957 tandem
1615 1934 1735 1964 sumus,
1750 1928 1822 1967 post
1836 1933 1942 1956 emen-

1202 1987 1271 2010 sum
1289 1977 1384 2010 huius
1405 1977 1552 2010 mortalis
1577 1976 1645 2010 aevi
1663 1976 1804 2010 stadium
1816 2003 1824 2017 ,
1839 1976 1943 2010 mani-

1202 2030 1311 2064 festari
1336 2034 1411 2063 ante
1436 2029 1580 2063 tribunal
1605 2029 1736 2070 Christi,
1764 2034 1800 2062 ut
1824 2029 1944 2063 referat

1202 2083 1438 2127 unusquisque,
1460 2088 1556 2126 prout
1581 2082 1690 2126 gessit,
1719 2083 1786 2116 sive
1811 2082 1941 2124 bonum,

1201 2137 1266 2170 sive
1279 2137 1410 2170 malum.
1426 2135 1563 2169 Oremus
1580 2136 1790 2178 unanimiter,
1808 2142 1843 2170 ut
1858 2136 1942 2170 Deus

1201 2189 1302 2231 pacis,
1319 2188 1371 2232 qui
1389 2199 1484 2231 reges
1502 2188 1534 2221 in
1553 2189 1690 2222 thronos
1709 2189 1856 2230 collocat,
1872 2189 1942 2223 dies

1202 2246 1329 2275 nostros
1356 2241 1388 2274 in
1412 2242 1470 2274 sua
1495 2241 1665 2285 disponat,
1692 2252 1728 2275 ac
1753 2241 1942 2286 principum

1202 2294 1456 2328 christianorum
1482 2294 1604 2327 animos
1625 2294 1743 2328 vinciat
1763 2295 1796 2328 in
1814 2295 1941 2329 vinculo

1201 2346 1380 2387 charitatis,
1396 2346 1572 2380 'furcarum
1599 2347 1804 2392 aliorumque
1829 2347 1943 2382 infide-
1973 2361 1976 2364 ·

1201 2401 1281 2434 lium
1307 2400 1389 2433 vires
1420 2406 1452 2433 ct
1476 2399 1614 2433 consilia
1638 2405 1797 2434 conterat.
1825 2401 1849 2434 Λ
1878 2411 1942 2435 ma-

1201 2464 1266 2497 gno
1306 2452 1536 2497 patrefamilias
1572 2453 1737 2497 supplices
1771 2458 1940 2498 petamuS,

1240 2571 1248 2598 t
1272 2569 1367 2598 Potius
1387 2569 1445 2605 lege
1465 2572 1572 2600 recreet
1592 2569 1630 2606 (a.
1645 2568 1694 2605 12).

1948 180 1996 204 An.
2014 179 2032 204 t:
2065 179 2133 206 1730

1966 922 2068 948 Quodque
2084 922 2134 948 ipsi«

1953 949 2059 970 incuinliat
2091 954 2135 968 mu-

2045 974 2135 995 selectos

1953 1001 2058 1022 ministros
2094 1000 2135 1021 sthi

1953 1033 2082 1055 comparare.
