2182 3137
85 172 132 195 Αι.
154 169 183 194 C.
202 168 265 194 ¹731

84 230 146 250 ‹ia-n>
185 228 266 257 dumta-
277 226 331 249 sex
351 216 597 249 cathedralibus
619 216 765 249 ecclesiis
784 216 1020 248 suburbicariis

82 255 173 302 {Elait-
197 260 266 274 ΜΝ
277 280 336 312 pro
362 270 458 302 titulo
483 270 700 302 cardinalatus
718 268 878 310 assignari
904 268 1020 307 solitis,

277 323 325 355 vel
352 322 391 355 ab
417 323 530 356 eadem
561 322 654 355 Curia
692 322 844 354 absentes
871 321 1021 353 similiter

278 385 315 407 ex
353 377 450 407 eausa
480 375 613 418 publica
659 380 690 406 et
714 373 931 406 destinatione
957 372 1021 405 Ro-

276 428 362 460 mani
389 427 553 460 Pontificis
579 433 713 465 tantum,
749 436 813 458 non
850 432 955 457 tamen
982 436 1018 457 ex

276 482 371 512 causa
397 479 593 512 residentiae
617 480 703 522 apud
729 479 824 511 aliam
849 478 909 510 sibi
935 488 1022 510 eom-

278 534 409 566 missam
436 534 618 570 ecclesiam,
646 539 681 565 ut
698 533 888 576 praefertur,
915 531 1019 573 optari

278 597 371 629 posse
408 586 633 618 cathedralem
660 586 832 618 ecclesiam
867 584 1020 616 suburbi-

277 639 394 671 cariam
419 639 465 671 sic
491 645 672 677 vacantem3
701 649 761 670 nec
781 637 963 670 cardinales
979 636 1019 668 ab

277 693 345 735 ipsa
381 692 475 725 Curia
508 693 680 728 absentes,
716 697 945 734 praeterquam
987 691 1017 722 in

278 746 348 777 solo
373 756 447 778 casu
473 745 622 787 superius
648 755 819 787 expresso,
850 744 889 775 ad
915 744 1021 785 optio-

277 808 350 830 nem
375 798 545 832 eiusmodi,
572 798 667 830 etiam
690 808 750 840 per
775 802 1018 840 procuratorem

278 862 314 883 ex
342 852 456 884 eodem
487 851 625 893 collegio
663 851 850 893 specialiter
887 850 1019 892 deputa-

277 910 356 941 tum,
382 904 600 936 admittendos
627 904 708 942 sore;
736 909 923 936 revocantes
943 913 1018 945 pro-

276 957 352 989 inde
379 962 411 989 et
436 963 621 996 cassanteS‚
646 956 802 999 irritaque
828 967 962 999 prorsus
989 962 1017 988 et

277 1011 387 1043 inania
430 1011 645 1043 decernentes
686 1010 853 1053 quaelibet
893 1009 1019 1042 indulta

277 1064 409 1105 optandi
436 1064 589 1096 ecclesias
624 1064 868 1096 suburbicarias
894 1063 1020 1105 praesa-

279 1122 324 1149 tas
351 1118 381 1149 in
407 1117 572 1155 absentia,
607 1128 642 1149 ac
668 1127 726 1159 per
752 1122 1018 1159 procuratorem,

279 1181 314 1201 ex
348 1170 406 1202 alia
440 1180 643 1212 quacumque
677 1173 774 1202 causa
808 1170 903 1202 etiam
942 1169 1020 1202 resi-

278 1223 406 1255 dentiae
432 1223 517 1265 apud
544 1223 680 1255 alteram
707 1223 882 1256 ecelesiam
919 1234 936 1255 a
961 1223 1021 1255 Ro-

277 1277 380 1308 manis
407 1275 617 1308 Pontificibus
634 1277 945 1319 praedecessoribus
965 1287 1021 1308 no-

277 1329 352 1361 stris
390 1329 547 1362 hactenus
587 1330 692 1362 forsan
731 1340 896 1369 concessa,
938 1340 1019 1372 quae

278 1387 387 1414 tamen
411 1382 556 1414 nondum
582 1382 648 1414 sint
673 1383 856 1415 executioni
889 1383 1020 1415 deman-

277 1434 360 1467 data.
388 1434 541 1477 Licetque
568 1435 660 1468 nobis
686 1446 875 1478 persuasum
893 1435 933 1467 sit
949 1446 1021 1468 sue-

277 1499 424 1522 cessores
439 1493 583 1527 nostros,
602 1489 762 1521 eiusmodi
778 1489 912 1527 indulta,
936 1499 1019 1531 qnae

277 1553 342 1575 non
370 1542 497 1574 modico
533 1541 658 1574 eisdem
694 1542 932 1574 suburbicariis
970 1552 1019 1574 ec-

277 1595 384 1627 clesiis
429 1606 608 1638 earumque
649 1595 855 1628 dioecesibus
895 1595 1017 1628 inferre

278 1654 411 1691 possent
437 1648 679 1686 detrimentum,
703 1648 834 1680 minime
854 1659 924 1681 esse
944 1659 1019 1680 con-

276 1711 447 1741 cessuros,
486 1701 580 1733 sicuti
624 1711 682 1733 nos
718 1702 780 1743 ipsi
822 1702 861 1733 ab
903 1711 1017 1734 eorum

276 1754 492 1787 concessione
517 1754 652 1787 omnino
683 1754 845 1787 abstinere
878 1755 1018 1787 intendi-

276 1819 364 1847 mus,
393 1807 619 1844 nihilominus,
637 1807 662 1839 si
684 1818 768 1850 quae
795 1814 908 1840 eontra
934 1808 1018 1840 lianc

275 1866 419 1894 nostram
456 1860 707 1903 dispositionem
744 1861 1016 1904 quandocumque

277 1921 308 1946 et
332 1914 613 1957 qualitercumque
640 1913 734 1945 tribui
760 1914 944 1956 eontigerit,
964 1915 1017 1946 illa

277 1967 470 2010 subreptitie
497 1967 632 1999 obtenta
649 1967 773 1999 censeri
796 1967 929 2005 debere,
950 1968 1017 1999 nul-

275 2021 364 2064 lique
403 2027 599 2063 propterea,
640 2019 777 2062 perinde
815 2030 851 2052 ac
887 2021 912 2051 si
952 2031 1016 2052 non

276 2079 501 2111 emanassent,
539 2072 707 2114 suffragari
748 2083 865 2115 posse,
903 2073 1038 2105 itidem*

276 2127 459 2158 statuimus.

81 2187 263 2232 mtztgmvffi·
319 2183 334 2222 ᾗ·
359 2179 390 2211 7.
418 2179 519 2212 Porro
545 2179 570 2210 si
598 2179 729 2222 quando
765 2179 912 2211 evenerit
948 2189 1016 2211 car-

80 2233 410 2286 213151113123232dinales,
437 2232 657 2275 patriarchali,
680 2231 868 2274 primatiali.
889 2233 1016 2265 archie-

81 2292 193 2343 {2⁰33ssss
216 2286 431 2343 gfflpiscopali
469 2286 519 2318 vel
544 2285 723 2318 cathedrali
750 2286 906 2318 ecclesiae
924 2297 1016 2329 prae-

80 2344 263 2397 aeggffialgoffie·
275 2339 389 2378 sectos,
414 2339 446 2370 in
472 2338 557 2370 dicta
581 2338 674 2371 Curia
702 2349 739 2371 ex
759 2339 902 2381 legitima
921 2341 1017 2371 causa

80 2398 263 2444 i'piii³³⁴¹⁰ssaus‘'a¹
275 2397 331 2424 aut
354 2391 446 2424 Sedis
460 2392 666 2434 Apostolicae
680 2392 811 2424 licentia
824 2398 1015 2435 praesentes

83 2429 343 2497 nfftffffioffiiitum
372 2444 519 2486 reperiri,
544 2454 616 2475 cum
650 2444 751 2477 sactus
789 2445 887 2477 fuerit
923 2446 1014 2478 locus

82 2481 132 2502 ηρ
194 2492 199 2501 ’
277 2497 434 2530 vacationi
467 2496 601 2529 alicuius
625 2507 662 2529 ex
687 2507 743 2530 sex
766 2497 912 2530 ecclesiis
941 2497 1016 2530 sub-

83 2503 164 2523 statuit.

278 2549 446 2583 urbicariis
481 2549 692 2590 huiusmodi,
729 2555 859 2583 nostrae
892 2561 930 2583 ac
955 2550 1017 2584 Ro-

890 169 1030 192 CLEMENS
1053 169 1097 192 xll
1122 171 1169 193 ΡΡ.

1700 167 1762 200 ΞΞἹ
1808 180 1856 202 An.
1879 179 1987 205 c.173i

1062 218 1147 249 mani
1183 218 1345 255 Pontificis
1370 232 1429 264 pro
1455 229 1600 266 tempore
1634 225 1800 259 existentis

1064 276 1172 312 partes
1198 279 1293 305 erunt
1323 275 1464 307 animum
1490 278 1604 310 sedulo
1630 278 1800 313 advertere

1064 328 1095 354 et
1119 323 1320 364 deliberare,
1354 328 1429 360 dum
1462 330 1667 363 absolventur
1691 343 1708 363 a
1733 332 1800 364 vin-

1063 375 1137 406 culo
1163 386 1228 418 quo
1259 378 1357 419 priori
1391 381 1546 414 eeclesiae
1580 388 1731 416 tenentur
1761 386 1799 418 ad

1064 426 1211 460 ell'ectum
1248 432 1381 472 optandi
1407 439 1438 465 et
1468 437 1662 478 assequendi
1697 439 1800 471 eccle-

1063 489 1141 510 stam
1168 488 1331 515 vacantem
1364 495 1400 516 ex
1428 487 1520 519 dictis
1552 489 1799 530 suburbicariis,

1064 537 1169 564 utrum
1207 536 1359 576 expediat
1384 538 1430 569 eis
1464 542 1662 580 concedere,
1700 545 1801 577 admi-

1064 584 1264 618 nistrationis
1299 600 1355 620 seu
1386 591 1449 623 alio
1475 594 1618 633 nomine,
1644 598 1800 630 retentio-

1063 646 1137 669 nem
1163 639 1294 671 alterius
1319 643 1472 676 ecclesiae
1496 646 1545 677 eui
1571 654 1664 679 antea
1689 660 1801 691 praee-

1064 695 1158 729 rant,
1185 702 1221 723 ac
1248 692 1278 724 in
1306 694 1437 735 primis,
1462 703 1570 730 utrum
1597 701 1710 734 ambae
1737 703 1802 734 sint

1065 742 1203 775 invicem
1229 746 1311 778 adeo
1344 748 1571 791 propinquae,
1599 759 1632 784 ut
1657 760 1801 796 pastora-

1064 796 1126 827 lem
1152 807 1260 829 curam
1281 799 1408 842 utrique
1427 804 1594 835 commode
1613 805 1802 847 impendere

1064 859 1222 892 suumque
1272 853 1489 887 ministerium
1534 863 1620 889 recte
1666 858 1802 901 implere

1064 903 1200 935 valeant.
1240 904 1389 937 Ceterum
1430 917 1493 939 non
1530 919 1702 951 possumus
1738 922 1802 944 non

1064 966 1271 1000 summopere
1298 969 1354 991 eos
1381 962 1631 1000 commendare,
1667 964 1742 1006 qni,
1769 972 1802 997 ut

1064 1020 1195 1041 omnem
1221 1021 1328 1044 euram
1355 1019 1387 1044 et
1411 1014 1550 1046 studium
1576 1026 1669 1048 suum
1693 1017 1723 1049 in
1748 1018 1804 1049 uti-

1063 1061 1186 1095 litatem
1221 1065 1380 1097 ecclesiae
1412 1066 1473 1098 iam
1512 1068 1572 1100 sibi
1610 1071 1802 1103 commissae

1063 1117 1216 1149 conferre
1253 1125 1404 1160 pergant,
1433 1131 1492 1153 nee
1519 1121 1557 1153 de
1583 1123 1748 1164 vigilantia
1773 1125 1801 1156 ei

1064 1168 1174 1201 debita
1199 1170 1372 1213 quicquam
1407 1173 1610 1213 detrahatur,
1645 1177 1730 1208 ultro
1763 1178 1802 1208 ab

1064 1222 1223 1254 eiusmodi
1250 1224 1383 1266 optione
1401 1226 1576 1265 abstinent,
1593 1229 1804 1270 quemadmo-

1064 1275 1139 1307 dum
1181 1277 1406 1318 superioribus
1451 1281 1652 1322 temporibus
1695 1283 1803 1324 plures

1064 1329 1244 1361 cardinales
1271 1330 1452 1371 (memores
1483 1333 1688 1365 saluberrimi
1714 1335 1802 1367 illius

1064 1380 1329 1415 Tridentinorum
1364 1384 1492 1416 Patrum
1526 1387 1640 1418 moniti
1671 1399 1684 1418 <t
1710 1388 1801 1420 valde

1064 1433 1216 1468 nimirum
1244 1436 1369 1469 felicem
1393 1437 1483 1470 illum
1503 1448 1573 1471 esse
1592 1441 1801 1479 censendum,

1063 1487 1114 1519 cui
1142 1499 1236 1521 unam
1264 1491 1435 1523 ecclesiam
1461 1491 1543 1523 benc
1570 1504 1605 1524 ae
1639 1494 1801 1526 sructuose

1062 1545 1094 1573 et.
1120 1551 1190 1573 cum
1214 1543 1390 1575 animarum
1412 1544 1471 1576 sibi
1491 1546 1733 1578 commissarum
1756 1557 1803 1578 sa-

1062 1595 1128 1626 lute
1159 1606 1272 1637 regere
1306 1597 1481 1639 eontigerit
1506 1599 1539 1640 i»
1572 1601 1695 1631 summa
1729 1610 1801 1632 cum

1062 1648 1156 1680 laude
1183 1648 1340 1681 fecerunt.

1106 1701 1121 1741 ,ξ
1139 1700 1169 1733 8.
1192 1702 1363 1735 Praeterea
1381 1704 1640 1742 considerantes,
1657 1705 1803 1737 cardina·
1889 1718 1993 1738 sisinum

1062 1754 1148 1786 libus
1174 1755 1274 1787 veteri
1301 1767 1389 1788 more
1415 1757 1598 1790 facultatem
1617 1765 1800 1800 competere
1813 1744 1994 1799 3²⁰3ssssssissit¹ssl¹fi

1062 1808 1196 1849 optandi
1223 1809 1317 1840 aliam
1345 1820 1380 1842 ex
1413 1819 1469 1842 sex
1492 1810 1724 1843 suburbicariis
1750 1797 1995 1843 ec-ss{3.1ff,fi’ssssn⁶⁰ss';²)‡ss

1062 1861 1179 1899 clesiis,
1199 1862 1324 1903 quoties
1344 1863 1519 1901 vacaverit,
1543 1863 1672 1896 dimissa
1691 1865 1800 1907 priore
1812 1849 1994 1895 iifriiiffli¹³dti⁹1¹iiii

1062 1924 1145 1956 quae
1171 1914 1231 1946 sibi
1266 1914 1298 1946 in
1328 1915 1455 1947 titulum
1482 1915 1645 1958 assignata
1679 1901 1994 1957 suerat;21'i1‘i1¹'³¹¹t¹r{ssii1f⁵e'

1063 1967 1092 1998 id
1119 1977 1215 2005 vero,
1243 1967 1268 1998 si
1303 1967 1492 2009 frequenter
1525 1968 1593 2008 siat,
1628 1954 1882 2012 Spirmmleneea.

1061 2019 1303 2052 incommodum
1341 2019 1453 2053 afferre
1491 2032 1586 2064 posse
1623 2023 1795 2064 gregibus,

1061 2083 1197 2114 quorum
1223 2078 1368 2115 pastores
1405 2074 1446 2105 ita
1472 2075 1587 2107 erebro
1613 2081 1796 2108 mutentur:

1060 2126 1218 2163 volumus,
1238 2132 1272 2158 ut
1289 2127 1500 2169 imposterum
1522 2128 1714 2167 cardinales,
1733 2129 1797 2171 qui,

1060 2179 1098 2210 ab
1124 2179 1240 2211 ordine
1267 2179 1531 2222 presbyterorum
1557 2181 1595 2212 ad
1615 2181 1703 2213 illum
1731 2182 1797 2224 epi-

1061 2238 1228 2275 scopatum
1253 2233 1481 2271 ascendentes,
1516 2244 1611 2265 unam
1644 2245 1680 2266 ex
1704 2245 1798 2277 prae-

1061 2285 1153 2317 dictis
1169 2285 1315 2318 ecclesiis
1333 2285 1567 2318 suburbicariis
1585 2287 1795 2326 obtinuerint,

1061 2339 1215 2381 deinceps
1241 2340 1278 2371 ad
1304 2339 1408 2377 aliam,
1436 2339 1543 2381 priore
1576 2339 1725 2379 dimissa,
1761 2351 1797 2373 ac

1061 2392 1207 2424 Romano
1246 2391 1401 2424 Pontifice
1438 2393 1658 2434 approbante,
1695 2395 1795 2426 semel

1061 2451 1182 2477 tantuin
1215 2444 1350 2477 transire
1387 2445 1530 2487 possint,
1569 2446 1653 2478 salva
1690 2452 1795 2479 tamen

1060 2498 1124 2530 illis
1156 2508 1287 2540 semper
1312 2502 1408 2539 atque
1442 2497 1555 2530 illaesa
1587 2498 1737 2532 facultate
1762 2510 1795 2532 o-

1059 2550 1184 2593 ptandi,
1209 2550 1338 2593 praevia
1373 2549 1562 2583 dimissione
1587 2551 1721 2594 prioris,
1747 2562 1796 2585 ec-
