2182 3137
148 235 199 262 An.
219 233 248 259 C.
271 231 335 258 1731

178 768 206 786 Ac
222 768 286 785 etiam
301 764 341 784 Or·

158 792 242 812 :linibus
284 796 341 810 men·

160 818 276 838 ‹licantium
321 819 341 836 et

161 845 275 871 praecipue
298 843 341 862 edi-

160 874 229 891 tarum
279 875 342 894 super

159 898 201 918 boe
217 903 228 916 a
252 896 342 916 Benedi-

160 926 195 943 σξιο
211 923 255 943 xm
266 924 341 942 consu<

161 950 271 969 {titionum-

384 222 450 255 232

348 280 625 318 Praedicatorum,
644 289 742 321 super
762 277 925 311 similibus
942 276 1091 309 immuni-

349 334 469 365 tatibus
495 339 526 365 et
551 331 823 375 exemptionibus,
841 341 902 374 per
920 340 1092 373 quoscum-

349 396 413 428 que
439 385 602 417 Romanos
621 384 795 417 Pontifices
815 384 1091 427 praedecessores

349 443 480 471 nostros
507 448 669 477 concessa,
696 438 734 469 ad
761 437 878 469 limites
904 435 982 468 iuris
1008 446 1093 468 com-

349 491 466 528 munis,
484 501 543 533 pro
570 501 627 521 usu
647 489 780 532 proprio
802 499 1017 532 personarum
1044 499 1094 520 ec-

350 543 623 582 clesiasticarum,
651 543 849 585 illorumque
876 542 959 573 victu
986 546 1017 573 et
1041 551 1093 572 ve·

352 596 456 629 stibus
483 601 627 635 tantum,
655 595 767 628 habito
794 600 944 637 respectu
971 594 1008 626 ad
1035 604 1093 625 nu-

350 659 475 681 merum
514 659 740 691 personarum,
759 656 857 687 motu,
876 647 1020 685 scientia,
1040 646 1094 678 de-

352 701 544 734 liberatione
564 708 595 734 et
614 699 726 734 tenore
744 701 876 744 paribus
895 700 1092 733 reducimus.

397 755 412 797 §
436 754 468 787 lt.
489 754 611 787 Similia
630 754 752 798 pariter
778 759 811 786 et
835 754 897 786 alia
924 763 1096 796 quaecum-

353 819 414 850 que
450 808 634 850 privilegia,
661 808 786 840 indulta
823 819 859 839 ac
897 806 1095 849 apostolieae

353 861 617 899 constitutiones,
649 871 708 903 per
734 860 896 893 Romanos
922 858 1097 891 Pontifices

354 913 621 955 praedecessores
647 919 777 946 nostros
802 913 958 945 hactenus
980 911 1095 949 editae,

354 972 386 997 et
410 967 587 1008 praecipue
614 977 671 1007 per
696 966 888 998 recolendae
920 963 1097 996 memoriae

356 1018 566 1051 Benedictum
589 1019 648 1050 ΡΡ.
668 1018 747 1055 Xlll,
768 1017 890 1060 pariter
908 1016 1100 1058 praedeees-

354 1080 459 1102 sorem
482 1077 639 1109 nostrum,
660 1071 766 1102 favore
790 1069 988 1112 regularium
1014 1068 1099 1100 Men-

357 1123 546 1162 dicantium,
571 1124 656 1156 bona
680 1122 807 1155 stabilia
833 1128 896 1154 tam
934 1121 965 1153 in
998 1120 1098 1163 parti-

358 1177 459 1209 culari
487 1187 581 1219 quarn
607 1177 639 1208 in
666 1176 827 1209 communi
865 1173 1099 1217 possidentium

357 1235 390 1261 et
402 1230 616 1273 pecuniarum
631 1239 724 1261 usum
740 1228 959 1264 retinentium,
972 1227 1009 1259 ad
1026 1236 1098 1258 eum

359 1287 487 1322 statum,
508 1283 539 1314 in
561 1293 626 1325 quo
652 1283 817 1323 regulares
837 1281 897 1323 ipsi
925 1286 998 1312 ante
1024 1290 1102 1312 cou-

357 1335 544 1367 stitutiones
565 1334 661 1377 ipsas,
687 1341 719 1367 et
744 1334 934 1377 praesertim
971 1332 1102 1365 Praedi-

359 1394 503 1421 catorum
522 1394 596 1421 ante
617 1399 714 1420 unam
733 1398 816 1431 quae
835 1387 951 1430 incipit
977 1387 1102 1419 Prelio-

359 1452 424 1480 sus,
449 1441 507 1473 sub
534 1442 641 1473 datum
661 1441 778 1480 Setiae,
799 1451 885 1473 anno
902 1439 1103 1472 incarnatio-

364 1495 414 1527 nis
434 1495 614 1527 dominicae
636 1504 821 1532 nnccxxvu,
842 1492 895 1526 ac¹
914 1493 1102 1526 eorumdem

362 1558 488 1580 necnon
526 1547 740 1579 Eremitarum
777 1547 808 1579 S.
843 1545 1011 1588 Augustini
1049 1544 1104 1577 Or-

365 1601 477 1632 dinum
512 1599 693 1641 respective
719 1599 835 1631 fratres
860 1605 935 1631 ante
971 1598 1102 1630 alteram

365 1663 447 1696 quae
466 1652 579 1695 incipit
601 1652 761 1691 Libenter,
783 1653 842 1684 sub
861 1652 968 1683 datum
990 1651 1103 1683 eodem

365 1716 452 1738 anno
471 1704 704 1737 incarnationis
722 1704 904 1736 dominicae
918 1713 1105 1741 xunccxxvuy

364 1759 511 1791 kalendis
537 1757 683 1795 ianuarii,
711 1757 748 1789 ad
776 1757 964 1789 eorumdem
983 1756 1105 1788 Eremi-

363 1812 517 1844 mitarum
545 1811 724 1853 respective
752 1810 904 1845 savorem.
924 1810 962 1841 ab
990 1809 1103 1841 eodem

365 1865 544 1897 Benedicto
571 1863 747 1905 respective
774 1862 875 1894 editas
902 1861 1106 1894 constitutio-

362 1927 428 1956 nes,
456 1916 718 1958 reperiebantur,
744 1915 925 1948 reducimus
951 1920 981 1946 et
1005 1924 1106 1956 repo—

366 1970 472 2002 nimus
490 1981 498 2010 3
518 1980 644 2002 necnon
672 1969 842 2012 quamdam
862 1968 999 2001 subinde
1022 1968 1107 1999 inter

365 2023 513 2055 eiusdem
538 2022 666 2055 Ordinis
692 2021 957 2054 Praedicatorum
992 2021 1106 2052 fratres

366 2076 555 2119 praedictos
573 2081 605 2108 et
622 2075 790 2108 Cameram
809 2074 1027 2117 Apostolicam
1054 2073 1108 2105 de-

367 2139 467 2171 super
501 2129 611 2170 vigore
648 2127 817 2160 cuiusdam
843 2127 977 2159 cedulae
994 2130 1108 2158 molus-

364 2182 496 2225 proprii
518 2182 662 2213 eiusdem
693 2180 859 2213 Benedicti
886 2180 987 2222 ipsius
1012 2189 1108 2211 manu

368 2237 428 2267 sub
461 2235 513 2267 die
539 2245 558 2267 x
582 2234 704 2266 mensis
737 2233 917 2265 decembris
952 2232 1028 2264 anni
1054 2232 1108 2264 Do-

369 2288 448 2320 mini
474 2295 656 2320 MDccxxvm
677 2285 821 2327 signatae
840 2285 953 2316 initam
975 2294 1110 2317 concor-

368 2340 466 2380 diam,
487 2339 625 2382 perinde
651 2349 687 2371 ac
712 2338 737 2370 si
763 2338 817 2370 illa
842 2348 1007 2380 nunquam
1032 2337 1112 2369 inita

369 2393 496 2432 suisset,
515 2393 554 2424 de
574 2392 681 2424 medio
699 2391 851 2429 tollimus,
874 2390 1030 2433 illamque
1055 2400 1112 2432 pe-

369 2446 456 2478 nitus
481 2451 513 2478 et
543 2445 678 2477 omnino
716 2444 923 2485 abrogamus,
960 2443 1003 2475 Ea
1037 2453 1112 2475 vero

370 2498 506 2537 indulta,
527 2497 780 2530 constitutiones
797 2496 1007 2538 apostolicas,
1026 2501 1112 2527 eete-

933 228 1115 252 BULLAtttUM
1141 230 1294 252 ROMAMJM

1882 227 1930 251 Αιι,
1946 225 1975 248 (ἶμ
1999 224 2067 251 1731

1133 286 1193 309 nos
1231 276 1404 309 Pontifices
1436 275 1710 318 praedecessores
1743 278 1874 307 nostros

1134 329 1338 372 regularibus
1375 328 1649 367 Mendicantibus,
1687 327 1874 360 altissimam
1924 337 1926 339 ·

1134 387 1358 425 paupertatem
1378 391 1452 413 vere
1466 380 1705 423 profitentibus,
1722 380 1876 422 nullaque

1134 436 1221 468 bona
1246 434 1374 466 stabilia
1399 444 1436 466 ac
1461 433 1672 476 pecuniarum
1697 443 1791 464 usum
1816 442 1877 464 nec

1135 489 1166 520 in
1191 487 1380 530 particulari
1408 497 1469 518 nec
1495 487 1526 518 in
1551 485 1716 518 communi
1736 485 1878 517 retinen-

1137 541 1231 580 tibus,
1251 542 1282 572 in
1303 540 1417 572 eodem
1436 545 1518 571 statu
1538 538 1793 581 exemptionum,
1809 537 1879 580 qui-

1136 595 1195 626 bus
1221 600 1313 626 antea
1340 593 1537 635 gaudebant,
1555 593 1641 623 iuxta
1662 591 1795 623 eosdem
1815 596 1880 622 ter-

1137 647 1242 679 minos
1267 647 1346 678 iuris
1371 645 1564 683 communis,
1591 644 1710 676 servari
1731 644 1880 676 volumus

1138 705 1235 742 atque
1262 699 1465 731 mandamus.

1183 754 1197 795 ᾗ
1222 753 1253 785 5.
1282 752 1337 784 llla
1365 762 1449 791 vero,
1477 761 1559 793 quae
1585 749 1753 782 nonnullis
1783 749 1882 781 colle·
1925 756 2076 783 Exempuones

1140 806 1199 847 giis
1226 806 1258 837 in
1291 805 1373 837 alma
1399 804 1483 836 Urbe
1509 806 1618 836 nostra
1645 783 2076 845 exigiemjbns‚gflss‘fdffms‘ssss'ssss

1139 868 1197 900 per
1222 858 1358 890 dilectos
1382 856 1467 889 filios
1486 857 1622 888 clericos
1641 856 1809 897 regulares
1826 854 1883 887 So·
1893 834 2076 898 iii-{iiiuf'ffvigiss

1140 910 1263 942 cietatis
1289 910 1357 942 lesu
1387 909 1451 941 sive
1478 909 1557 940 alios
1584 917 1804 951 quoscumque
1828 889 2004 938 m;,{3,¹}f⁴³“¹
2034 890 2077 908 ⁵¹³⁶

1141 962 1271 994 nistrari
1298 962 1483 1001 consuetis,
1510 962 1662 993 similiter
1687 971 1703 992 a
1730 959 1882 992 Romanis

1143 1014 1352 1047 Pontificibus
1404 1013 1716 1056 praedecessoribus
1763 1012 1883 1045 nostris

1142 1078 1294 1099 concessa
1320 1068 1461 1106 suerunt,
1489 1072 1520 1098 et
1545 1067 1662 1108 quibus
1689 1066 1747 1109 ipsi
1774 1066 1884 1098 baete-

1143 1130 1202 1151 nus
1229 1120 1330 1161 gavisi
1356 1125 1441 1157 sunt,
1460 1120 1567 1161 quoad
1594 1119 1710 1151 victum
1737 1124 1769 1151 et
1792 1119 1884 1151 vesti-

1144 1178 1210 1204 tum
1236 1173 1408 1210 dumtaxat,
1436 1182 1498 1204 non
1525 1178 1640 1210 autem,
1661 1176 1695 1202 ut
1717 1171 1884 1213 vulgodi-

1144 1225 1247 1263 citur,
1274 1236 1291 1256 a
1325 1225 1466 1267 fundam)
1492 1230 1523 1256 et
1553 1233 1757 1267 mnyazzeno,
1790 1229 1885 1265 prout

1144 1279 1285 1311 antehac
1309 1279 1515 1311 observatum
1541 1278 1609 1315 suit,
1637 1276 1805 1319 sull'ragari
1831 1287 1886 1308 vo-

1145 1332 1249 1363 lumus
1275 1337 1306 1364 et
1331 1332 1551 1364 decernimus.

1189 1386 1203 1427 ς
1224 1384 1256 1418 (i.
1286 1388 1327 1417 Ac
1351 1385 1479 1418 demum
1507 1385 1627 1417 similia
1651 1383 1823 1427 privilegia
1856 1388 1888 1415 et
1910 1388 2079 1408 irritatiotndui-

1861 1434 1867 1440 ,
1898 1417 1965 1434 turum
1988 1414 2080 1435 ninnium

1146 1437 1279 1474 indulta,
1298 1437 1472 1480 nepotibus
1492 1442 1524 1469 et
1544 1437 1615 1469 aliis
1634 1435 1886 1477 consanguineis
1898 1441 2010 1487 Essss'sfflliff
2037 1441 2081 1487 ἐζ

1147 1490 1194 1521 vel
1209 1490 1358 1522 affinibus
1375 1499 1655 1532 quorumcumque
1670 1488 1886 1520 Romanorum
1898 1493 2082 1541 {l‘ffissmssoss'c‘ssj

1147 1542 1338 1574 Pontificum
1376 1543 1663 1585 praedecessorum
1701 1545 1975 1573 nostrorum-<orum-

1147 1606 1206 1637 pro
1234 1601 1379 1638 tempore
1405 1595 1583 1627 viventium
1610 1605 1646 1626 ac
1684 1594 1745 1627 illis
1779 1603 1889 1635 respe-

1147 1648 1230 1680 ctive
1249 1659 1412 1689 concessa,
1431 1648 1543 1680 itidem
1561 1657 1746 1680 revocamus
1764 1652 1794 1679 et
1812 1647 1890 1679 abo-

1149 1702 1273 1739 lemus,
1302 1712 1338 1733 ac
1368 1707 1514 1733 revocata
1540 1707 1572 1733 et
1604 1701 1725 1733 abolita
1757 1710 1827 1732 esse
1854 1710 1890 1732 ac

1149 1755 1273 1786 censeri
1303 1754 1422 1785 debere
1448 1755 1594 1786 volumus
1629 1758 1661 1786 et
1692 1753 1886 1790 statuimus·,

1150 1808 1363 1846 declarantes,
1390 1807 1446 1839 illa
1471 1807 1592 1839 nemini
1620 1806 1808 1838 eorumdem
1834 1815 1890 1838 ne-

1151 1867 1273 1902 potum,
1299 1860 1366 1892 sive
1392 1859 1719 1901 consanguineorum,
1745 1859 1795 1891 vel
1822 1857 1891 1890 affi-

1150 1914 1248 1953 nium,
1266 1926 1282 1945 a
1305 1914 1355 1946 die
1374 1920 1501 1946 nostrae
1527 1913 1565 1945 ad
1587 1912 1703 1945 summi
1730 1911 1890 1954 apostola-

1152 1971 1200 1998 tus
1217 1965 1341 2009 apicem
1360 1964 1775 2008 assumptionis,sum-agari
1793 1974 1889 2007 posse

1151 2025 1181 2052 et
1199 2020 1331 2058 debere,
1351 2029 1407 2051 seu
1428 2018 1572 2061 potuisse
1590 2029 1626 2051 ac
1644 2018 1809 2051 debuisse.

1196 2075 1210 2117 ξ,
1235 2074 1266 2106 7.
1294 2073 1354 2105 Per
1374 2072 1553 2117 praemissa
1569 2078 1674 2105 autem
1696 2082 1761 2104 non
1788 2071 2086 2120 3¹¹[ess·„,{}¹ff-,'0¹g}‘⁵⁶g'gss

1153 2129 1257 2161 dimus
1282 2126 1425 2160 revocari
1445 2125 1666 2167 exemptiones
1691 2130 1722 2156 et
1747 2123 1895 2156 immuni·
1922 2125 2072 2153 comprehendi

1905 2154 2047 2179 exemptiones
2054 2157 2089 2172 ec-

1153 2186 1235 2213 tates
1268 2179 1527 2222 quibuscumque
1560 2177 1710 2220 personis
1740 2175 2030 2209 ecelesia-etesiasucis
2059 2178 2087 2199 (¹⁰

1906 2213 1950 2226 iure
1965 2207 2087 2231 competen-

1153 2234 1241 2266 sticis
1257 2239 1319 2265 tam
1335 2230 1556 2264 saecularibus
1573 2240 1669 2272 quam
1688 2228 1894 2272 regularibus
1905 2231 2090 2283 &iswilpssafifil

1154 2288 1193 2319 de
1212 2287 1280 2318 iure
1298 2289 1529 2327 competentes,
1545 2293 1652 2326 neque
1672 2281 2088 2333 thesaurariis,gssssg’ffissssssffi‘

1155 2337 1414 2382 appaltatoribus
1452 2342 1483 2368 et
1514 2335 1769 2368 conductoribus
1793 2335 1897 2367 bono-

1156 2401 1234 2429 rum,
1253 2389 1441 2421 introituum
1460 2394 1491 2420 et
1508 2388 1624 2420 iurium
1650 2388 1754 2420 dictae
1780 2387 1896 2420 Came-

1156 2453 1208 2475 rae
1235 2447 1376 2479 nostrae,
1395 2441 1435 2473 ab
1453 2441 1524 2483 ipsa
1541 2440 1673 2473 Camera
1691 2441 1741 2473 vel
1759 2439 1798 2472 ab
1822 2438 1895 2472 aliis

1155 2496 1241 2529 illius
1255 2494 1386 2527 nomine
1404 2493 1436 2526 in
1452 2493 1640 2536 appaltuum
1655 2498 1687 2526 et
1700 2491 1896 2525 locationum

371 2560 470 2593 raque
493 2560 647 2583 concessa
663 2560 722 2593 per
747 2558 973 2592 quoscumque
998 2548 1115 2581 Roma-
1156 2546 1391 2586 instrumentis,
1411 2551 1443 2579 et
1460 2547 1589 2579 illorum
1609 2547 1746 2584 ratione,
1762 2555 1800 2577 ex
1818 2554 1896 2577 con-

409 2614 419 2638 ¹
439 2612 510 2638 Male
526 2611 592 2638 edit.
609 2611 689 2637 Main.
705 2611 771 2645 legit
785 2611 823 2637 ad
839 2619 886 2646 pro
902 2619 935 2637 ac
949 2613 987 2643 (n.
1003 2612 1052 2640 Τ.).

1159 2606 1262 2633 tractu
1289 2600 1447 2642 tituloque
1465 2609 1539 2632 vere
1558 2608 1696 2631 oneroso
1713 2607 1894 2630 concessas.
