2182 3137
174 217 227 243 An.
245 218 273 244 C.
297 218 358 244 1731

213 488 358 514 Transumptis

174 515 245 534 danda
262 515 320 535 tides.

205 1756 326 1777 Exordium.

187 2389 277 2418 Philippi
295 2388 370 2413 IIispa-

185 2421 267 2435 nllss'um
315 2421 369 2438 1*ssng

187 2439 438 2472 1³r00⁰⁵⁵³⁰f1¹rfilii
464 2438 565 2471 nostri
600 2438 741 2481 Philippi
774 2437 1002 2480 Hispaniarum
1035 2438 1120 2481 regis

187 2474 252 2487 rimus
274 2468 370 2487 ‹louunus

187 2496 260 2541 ἓξὲξ
300 2492 533 2524 rofre-catholici
558 2491 712 2534 precibus
738 2491 831 2523 nobis
858 2501 957 2533 super
978 2491 1041 2523 hoc
1062 2492 1122 2523 hu-

410 209 475 242 2244

372 266 403 298 in
423 277 478 299 suo
498 267 615 299 robore
643 266 874 310 permansuris,
894 267 933 299 ad
959 267 1112 310 praemis-

371 330 480 352 sorum
508 318 656 351 effectum
677 319 736 351 hac
762 319 828 352 vice
855 320 1020 352 dumtaxat
1039 330 1113 362 spe-

371 372 498 404 cialiter
523 377 553 403 ct
579 382 731 414 expresse
752 372 962 414 derogamus3
984 372 1112 404 ceteris-

371 435 432 467 que
457 425 627 457 contrariis
654 424 924 467 quibuscumque.

414 477 428 518 ἓ
451 476 483 507 4.
511 476 665 508 Volumus
700 481 806 506 autem
833 481 868 507 ut
892 475 1110 517 praesentium

369 529 550 562 litterarum
584 528 812 570 transumptis,
846 538 903 560 seu
929 529 1108 571 exemplis,

370 581 464 613 etiam
491 580 682 623 impressis,
708 590 805 612 manu
831 580 965 613 alicuius
990 581 1110 613 notarii

369 633 490 676 publici
516 633 708 675 subscriptis
724 660 732 673 ,
759 639 791 665 et
815 633 924 674 sigillo
948 644 1110 676 personae

370 687 402 718 in
418 685 642 718 ecclesiastica
660 685 816 727 dignitate
834 686 1030 719 constitutae
1045 697 1111 718 mu-

371 739 458 778 uitis,
481 739 594 771 eadem
621 749 756 780 prorsus
782 739 861 771 fides
882 739 1003 782 ubique
1025 740 1112 772 loco-

371 802 441 824 rum
479 796 541 823 tam
567 791 599 823 in
626 791 744 824 iudicio
781 802 877 834 quam
911 798 1001 824 extra
1029 792 1110 825 illud

371 844 554 884 habeatur,
583 855 666 887 quae
698 844 876 877 haberetur
908 845 987 888 ipsis
1017 856 1111 888 prae-

370 898 517 930 sentibus
534 898 559 930 si
579 898 688 930 forent
705 898 870 930 exhibitae
887 899 936 931 vel
951 904 1110 931 ostensae.

415 950 528 982 Datum
547 951 679 990 Romae,
702 951 787 994 apud
810 951 841 983 S.
861 951 991 983 Mariam
1012 951 1111 984 Maio-

372 1013 454 1041 rem,
471 1003 530 1035 sub
545 1004 666 1035 annulo
685 1003 870 1042 piscatoris,
886 1004 938 1036 die
958 1014 1014 1036 vul
1032 1014 1112 1036 mar-

373 1056 424 1096 tii,
443 1056 654 1099 pontificatus
675 1056 780 1088 nostri
806 1067 891 1089 anno
909 1066 932 1088 1.

407 1114 466 1140 Dat.
487 1113 530 1140 die
549 1114 565 1140 8
585 1114 675 1140 martii
697 1114 774 1146 1731,
797 1113 892 1148 pontif.
914 1122 984 1140 anno
1004 1121 1022 1140 1-

660 1163 694 1195 F.
722 1163 809 1195 card.
837 1163 1021 1197 OLivEntus.

678 1287 811 1320 XXVIII.

375 1357 653 1399 Clzristifidelibus
678 1357 900 1390 saecularibus
924 1368 962 1390 ac
985 1358 1114 1401 reyula-

417 1411 506 1443 ribus
531 1410 772 1454 Hispaniarum
798 1410 984 1443 conceditur
1000 1411 1116 1444 recita-

419 1464 461 1496 tio
487 1465 583 1507 officii
609 1469 637 1497 ct
662 1465 778 1497 missae
799 1464 832 1497 S.
854 1464 1010 1498 Antolini
1033 1475 1115 1497 mar-

419 1519 500 1559 tyris
524 1528 597 1550 cum
621 1517 765 1550 oratioue
782 1521 810 1550 et
833 1518 1023 1550 lectionibus
1040 1528 1115 1561 pro-

415 1571 501 1614 priis
525 1571 658 1603 secundi
681 1575 710 1603 ct
736 1571 824 1603 tertii
847 1571 1008 1603 nocturni.

582 1642 718 1668 Clemens
739 1642 819 1674 Papa
839 1642 908 1674 XII,

493 1686 530 1713 ad
550 1689 731 1720 perpetuam
750 1686 796 1712 rei
816 1686 1002 1713 memoriam.

419 1748 525 1790 Exigit
551 1748 750 1790 apostolicae
785 1748 948 1781 servitutis
974 1749 1117 1781 ministe-

376 1802 482 1842 rium,
513 1801 600 1844 quod
630 1800 844 1833 imbecillitati
870 1807 1000 1834 nostrae
1029 1813 1116 1835 com-

376 1855 504 1887 mittere
529 1853 629 1886 voluit
654 1854 763 1886 divina
801 1853 967 1896 dignatio,
992 1860 1028 1886 nt
1063 1855 1116 1898 pia

376 1907 603 1940 sublimiorum
622 1906 804 1950 principum
824 1908 1022 1940 orthodoxae
1042 1908 1115 1940 fidei

378 1960 517 1993 tuendae
551 1966 582 1992 et
612 1961 844 2002 propagandae
876 1962 945 1993 zelo
982 1961 1117 2003 allisque

377 2013 613 2055 multiplicibus
629 2013 660 2045 in
674 2013 816 2046 Ecclesia
831 2013 886 2046 Dci
903 2014 1027 2046 meritis
1046 2023 1119 2046 con-

378 2067 570 2109 spicuorum
595 2071 676 2106 vota,
700 2068 818 2109 quibus
843 2067 1011 2100 beatorum
1037 2077 1119 2098 mar-

379 2125 484 2162 tyrum
510 2120 657 2152 caelestis
683 2120 882 2152 Hierusalem
908 2120 1034 2160 civium,
1061 2120 1120 2152 im-

380 2173 595 2205 marcescibili
611 2173 732 2214 gloriae
750 2175 869 2205 corona
887 2172 1118 2213 redimitorum,

379 2226 547 2258 veneratio
565 2225 597 2257 in
613 2225 707 2257 terris
734 2231 953 2267 promovetur,
971 2226 1008 2258 ad
1028 2237 1122 2258 exau-

382 2279 514 2312 ditionis
547 2278 682 2321 gratiam
715 2279 1042 2321 paternacharitate
1067 2280 1120 2311 ad-

380 2335 556 2366 mittamus.

425 2386 491 2429 §I.
519 2386 638 2428 Itaque,
664 2385 726 2428 piis
750 2385 908 2418 carissimi
936 2385 967 2417 in
993 2385 1121 2418 Christo

385 2545 502 2577 militer
527 2544 688 2586 porrectis
725 2543 943 2576 favorabiliter
978 2554 1120 2576 annuere

385 2596 562 2640 cupientes,
589 2597 627 2630 de
653 2596 885 2630 venerabilium
911 2596 1045 2628 fratrum
1063 2606 1122 2628 no-

952 219 1132 243 BULLARIUM
1159 219 1313 244 nom-Nun

1901 222 1951 248 An.
1970 221 1999 248 C.
2019 222 2085 249 1731

1157 272 1295 301 strorum
1320 268 1350 301 S.
1372 268 1408 300 R.
1429 268 1463 300 E.
1492 268 1706 301 cardinalium
1731 269 1830 301 sacris
1852 269 1893 301 ri-

1157 319 1240 351 tibus
1256 321 1517 363 praepositorum
1533 321 1679 358 consilio,
1694 326 1727 352 ut
1745 322 1777 353 in
1795 321 1893 353 omni-

1155 373 1213 405 bus
1232 373 1339 415 regnis
1357 378 1387 405 et
1405 373 1555 406 dominiis
1573 373 1632 415 ipsi
1654 374 1803 416 Philippo
1821 374 1894 406 sub-

1154 424 1245 457 iectis
1270 426 1405 467 singulis
1431 425 1524 458 anuis
1550 425 1688 458 officium
1723 426 1785 458 diei
1821 426 1890 458 sesti

1153 478 1185 510 S.
1213 477 1356 511 Autolini
1393 478 1539 521 martyris
1576 488 1645 509 cum
1681 478 1828 510 orati0ne
1863 483 1894 511 et

1154 530 1347 563 lectionibus
1374 531 1516 573 propriis
1534 530 1668 563 secundi
1687 537 1718 562 ct
1737 531 1821 563 tertii
1842 541 1895 563 no-

1154 583 1257 615 cturni
1279 589 1412 622 tautum,
1431 584 1606 616 dummodo
1625 583 1749 626 reliqua
1770 594 1895 616 suman-

1155 640 1204 666 tur
1223 636 1261 668 de
1279 636 1450 675 communi,
1468 637 1526 668 sub
1545 636 1606 667 ritu
1626 636 1746 679 duplici
1767 636 1892 675 minori,

1154 689 1288 721 servatis
1331 694 1438 721 tamen
1475 688 1634 728 rubricis,
1669 689 1707 720 ab
1744 688 1893 721 omnibus

1154 741 1418 774 christifidelibus
1443 742 1662 774 saecularibus
1687 747 1718 773 ct
1741 741 1895 783 regulari-

1154 794 1211 826 bus
1244 794 1411 837 utriusque
1444 805 1537 826 sexus
1565 794 1714 833 recitari,
1741 799 1771 826 et
1798 794 1895 826 missa

1154 847 1331 889 respective
1364 848 1522 880 celebrari
1549 847 1670 890 possit,
1701 846 1895 879 auctoritate

1153 900 1344 942 apostolica,
1373 905 1486 932 tenore
1513 900 1747 943 praesentium,
1775 909 1893 932 conce-
1943 904 1954 915 ⁰

1154 953 1259 985 dimus
1286 958 1316 985 et
1340 953 1557 993 indulgemus.

1198 1006 1213 1047 ἓ
1238 1005 1269 1038 ΕΖ.
1289 1005 1357 1038 Non
1383 1006 1584 1038 obstantibus
1611 1005 1895 1038 constitutionibus
1937 1015 1986 1035 eum
2007 1014 2094 1044 obstan-

1155 1064 1186 1091 et
1210 1059 1468 1091 ordinationibus
1492 1059 1690 1101 apostolicis,
1709 1042 2093 1102 ceterisqueiiii'nwmm'

1155 1112 1323 1145 contrariis
1350 1112 1622 1155 quibuscumque.

1199 1165 1214 1207 ἓ
1239 1165 1270 1197 3.
1294 1165 1448 1197 Volumus
1466 1171 1574 1198 autem
1590 1172 1625 1197 ut
1643 1165 1788 1208 ipsarum
1807 1175 1897 1208 prae-

1156 1218 1296 1250 sentium
1347 1218 1527 1250 litterarum
1569 1218 1781 1260 transumptis
1797 1244 1804 1255 ,
1839 1228 1895 1250 seu

1157 1271 1326 1314 exemplis,
1347 1271 1442 1303 etiam
1473 1270 1650 1312 impressis,
1677 1281 1775 1302 manu
1801 1271 1897 1303 alicu-

1157 1324 1248 1356 cuius
1272 1323 1389 1355 notarii
1415 1323 1537 1365 publici
1571 1323 1777 1366 subscriptis,
1804 1328 1835 1355 et
1860 1323 1899 1355 si-

1158 1377 1236 1418 gillo
1262 1386 1422 1418 personae
1440 1375 1472 1407 in
1492 1375 1649 1417 dignitate
1677 1375 1898 1408 ecclesiastica

1158 1429 1356 1462 constitutae
1369 1428 1516 1468 munitis,
1536 1428 1649 1461 eadem
1668 1439 1803 1471 prorsus
1817 1428 1897 1461 fides

1158 1483 1197 1515 ab
1223 1481 1372 1515 omnibus
1398 1487 1430 1513 et
1453 1481 1574 1523 ubique
1611 1486 1675 1513 tam
1711 1482 1743 1513 in
1781 1480 1898 1513 iudicio

1159 1546 1254 1578 quam
1279 1540 1367 1567 extra
1392 1534 1563 1573 habeatur,
1586 1544 1668 1576 quae
1693 1533 1772 1576 ipsis
1806 1544 1900 1576 prae-

1158 1588 1302 1620 sentibus
1328 1587 1502 1619 haberetur
1537 1586 1561 1618 si
1595 1586 1701 1619 forent
1735 1586 1898 1619 exhibitae

1159 1641 1206 1672 vel
1234 1645 1396 1673 ostensae.

1203 1694 1316 1725 Datum
1343 1693 1478 1731 Romae,
1498 1692 1583 1734 apud
1603 1691 1635 1724 S.
1654 1691 1784 1724 Mariam
1805 1691 1901 1724 Maio-

1160 1757 1238 1787 rem,
1253 1746 1312 1778 sub
1331 1746 1452 1778 annulo
1468 1744 1651 1784 Piscatoris‚
1672 1745 1723 1777 die
1741 1755 1807 1778 xvu
1823 1755 1902 1778 inar—

1161 1800 1193 1832 tii
1219 1809 1392 1839 ninccxxxi,
1409 1798 1620 1842 pontificatus
1644 1799 1750 1831 nostri
1779 1808 1899 1831 annor.

1196 1862 1254 1889 Dat.
1273 1862 1317 1888 die
1334 1862 1365 1888 17
1382 1861 1470 1887 martii
1489 1861 1568 1894 1731,
1586 1860 1689 1895 pontif.
1707 1869 1780 1887 anno
1795 1867 1815 1887 1.
2065 1868 2079 1880 x

1453 1915 1488 1947 F.
1512 1915 1600 1947 card.
1627 1913 1811 1947 Ouvmuns.

1960 1172 2022 1193 tudes
2038 1173 2095 1192 tran—

1911 1205 1969 1225 ‹ump
1974 1202 2048 1220 torum.

1481 2039 1590 2072 XXIX.

1163 2114 1306 2145 Litterae
1318 2120 1484 2154 processus
1496 2108 1698 2142 sanctissimi
1713 2106 1839 2140 domini
1852 2116 1905 2138 no-

1208 2165 1270 2197 stri
1295 2163 1467 2197 Clementis
1491 2162 1604 2204 Papae
1628 2161 1697 2193 XII
1717 2159 1905 2202 publicatae

1209 2219 1262 2250 die
1288 2217 1409 2251 Coenae
1432 2215 1569 2248 Domini
1592 2224 1679 2246 anno
1702 2222 1874 2247 unccxxxi.

1373 2287 1508 2313 Clemens
1528 2285 1701 2318 episcopus,

1355 2337 1462 2357 servus
1483 2336 1636 2356 servorum
1651 2329 1714 2359 Dei,

1303 2378 1340 2403 ad
1361 2376 1499 2402 futuram
1519 2374 1565 2401 rei
1585 2373 1772 2400 memoriam.

1210 2437 1383 2470 Pastoralis
1400 2436 1535 2469 Romani
1556 2434 1721 2468 Pontificis
1740 2434 1905 2477 vigilantia

1166 2495 1197 2523 ct
1222 2489 1419 2528 sollicitud0‚
1445 2494 1506 2522 etc.
1523 2487 1543 2521 ¹.

1200 2559 1213 2586 1
1237 2559 1333 2585 Cetera
1368 2558 1489 2585 consulto
1519 2557 1682 2584 omittuntur
1711 2564 1772 2583 cum
1802 2555 1905 2590 pluries

1165 2603 1280 2639 repetita
1299 2602 1453 2630 habeantur
1472 2602 1499 2628 in
1520 2600 1745 2637 praecedentibus
1765 2600 1855 2626 tomi5.
