2182 3137
47 196 228 231 An.c.i731

241 245 311 284 tiis,
340 245 488 278 censuris
515 250 546 277 et
571 243 704 287 poenis,
728 254 744 275 a
773 241 842 273 iure
873 241 922 273 vel
943 240 981 272 ab

241 299 383 338 homine,
399 298 511 342 quavis
531 298 702 330 occasione
722 297 769 328 rcl
785 296 881 327 causa
899 293 982 331 latis,
1004 311 1005 314 =

240 352 265 384 si
299 352 414 395 quibus
446 351 694 394 quomodolibet
720 348 894 381 innodatae
920 347 983 379 exi-

240 411 339 444 stunt,
352 405 391 437 ad
412 404 560 437 effectum
579 401 800 445 praesentium
820 401 983 432 dumtaxat

240 457 521 500 consequendum,
540 457 653 488 liarum
673 455 757 487 serie
776 454 982 486 absolventes

240 516 272 542 et
295 510 462 543 absolutas
480 510 549 542 sore
572 514 755 548 censentes,
774 505 981 550 supplicatio-

240 563 335 596 nibus
361 573 472 595 eorum
506 562 638 594 nomine
670 561 762 593 nobis
790 569 888 602 super
919 559 982 591 hoc

240 616 405 649 humiliter
430 615 590 658 porrectis
618 613 773 652 inclinati,
793 612 983 645 declaratio-

240 680 312 703 nem
336 676 365 701 et
385 669 552 702 decretum
573 667 680 710 magni
699 665 844 709 magistri
864 671 895 698 et
912 676 982 698 con-

239 723 300 756 silii
326 722 591 766 praedictorum,
619 722 700 753 sueta
724 726 759 752 ut
789 719 985 762 praefertur,

239 787 311 809 cum
338 775 490 808 omnibus
518 778 548 807 et
573 773 710 816 singulis
737 773 767 805 in
795 772 840 804 eis
858 781 1006 814 expres--

239 829 293 869 sis,
320 828 513 862 auctoritate
537 827 726 870 apostolica,
755 832 864 858 tenore
890 835 984 868 prae-

238 883 400 923 sentium,
427 882 657 916 confirmamus
683 887 714 914 et
739 880 980 924 approbamus,

238 936 372 979 illisque
390 935 591 968 inviolabilis
610 933 808 978 apostolicae
824 932 982 965 firmitatis

239 990 340 1023 robur
364 989 548 1028 adiicimus,
575 998 611 1020 ac
640 997 754 1021 omnes
781 992 812 1020 et
837 987 983 1028 singulos

239 1043 318 1076 iuris
352 1047 385 1075 et
417 1042 490 1074 sacti
516 1041 679 1080 desectus,
705 1040 731 1072 si
757 1039 811 1083 qui
842 1039 984 1081 desuper

239 1095 487 1139 quomodolibet
512 1093 755 1130 intervenerint,
775 1093 980 1136 supplemus.

284 1150 299 1192 g
323 1148 607 1186 R.Dece1'ncutes,
634 1147 763 1179 easdem
792 1150 981 1189 praesentes

238 1202 363 1236 litteras
388 1211 517 1244 semper
542 1200 658 1239 firmas,
679 1199 799 1232 validas
826 1204 856 1231 et
877 1198 982 1230 ellica-

238 1265 292 1288 ces
318 1255 457 1287 existere
484 1259 516 1286 et
540 1253 620 1292 sore,
645 1263 784 1295 suosque
816 1251 981 1295 plenarios

57 1161 137 1187 sieque
148 1160 229 1191 ubique

44 1193 124 1217 narrari
141 1193 228 1214 praeci-

45 1217 109 1241 pitur.

239 1314 270 1342 et
298 1309 441 1350 integros
468 1306 604 1340 effectus
627 1306 735 1339 sortiri
758 1311 789 1337 et
810 1305 979 1345 obtinere,
1002 1309 1004 1332 1

238 1372 275 1394 ac
293 1361 371 1400 illis,
392 1360 430 1392 ad
449 1370 530 1402 quos
551 1364 676 1402 spectat
701 1364 732 1391 et
757 1369 815 1401 pro
838 1364 981 1400 tempore
1002 1375 1004 1380 v

238 1413 420 1457 spectabit,
454 1413 487 1444 in
523 1412 673 1445 omnibus
711 1417 742 1444 et
779 1421 837 1454 per
874 1411 981 1443 onmia

239 1467 431 1511 plenissime
458 1465 647 1508 suffragari,
679 1470 711 1498 et
735 1464 774 1497 ab
800 1465 846 1497 eis
872 1475 981 1507 respe-

238 1521 320 1554 ctive
345 1519 579 1553 inviolabiliter
604 1518 780 1558 observari,
811 1518 923 1560 sicque
949 1517 980 1549 in

238 1573 430 1618 praemissis
454 1583 515 1616 per
540 1582 764 1615 quoscumque
783 1570 906 1603 iudices
932 1581 982 1603 or-

238 1627 383 1661 dinarios
411 1632 442 1659 et
467 1627 634 1668 delegatos
650 1652 657 1665 ,
682 1625 778 1658 etiam
813 1635 980 1657 causarum

237 1680 348 1725 palatii
375 1679 547 1724 apostolici
573 1679 754 1717 auditores,
772 1688 808 1710 ac
828 1688 980 1720 magnum

237 1733 425 1777 magistrum
452 1739 484 1766 et
517 1733 696 1772 consilium,
725 1731 854 1775 aliaque
881 1731 982 1764 tribu-

237 1787 324 1822 nalia
349 1796 577 1831 quaecumque
609 1785 778 1828 hospitalis
810 1784 980 1828 praedicti,

238 1840 377 1875 iudicari
403 1845 435 1873 et
460 1839 589 1873 deliniri
615 1839 736 1872 debere
753 1865 760 1878 ‚
787 1849 822 1870 ac
852 1838 980 1870 irritum

239 1899 270 1928 et
295 1893 390 1926 inane
416 1892 443 1925 si
469 1902 562 1925 secus
581 1901 681 1935 super
702 1891 753 1924 liis
770 1902 786 1924 a
804 1901 980 1934 quoquam,

238 1947 350 1991 quavis
374 1945 576 1986 auctoritate,
603 1945 747 1978 scienter
764 1944 813 1977 vel
832 1944 983 1987 ignoran-

238 2006 296 2040 ter,
311 1999 488 2042 contigerit
503 1998 669 2032 attentari.

283 2054 298 2097 ᾗ
323 2052 355 2085 4.
383 2051 451 2085 Non
477 2051 680 2084 obstantibus
706 2050 910 2094 praemissis,
946 2060 983 2083 ac

239 2106 530 2141 constitutionibus
555 2110 585 2138 et
611 2105 874 2138 ordinationibus
905 2115 982 2148 apo-

238 2160 373 2200 stolicis,
390 2169 518 2193 necnon
538 2159 697 2192 dictorum
716 2158 902 2202 hospitalis,
922 2159 981 2191 lin-

238 2224 374 2258 guarum
393 2220 424 2247 et
441 2213 654 2256 prioratuum,
674 2213 769 2245 etiam
788 2213 982 2251 iuramento,

238 2266 486 2302 confirmatione
512 2266 701 2309 apostolica,
721 2267 769 2299 vel
795 2267 908 2309 quavis
934 2265 982 2298 sir-

237 2321 348 2355 mitate
373 2320 434 2354 alia
459 2320 630 2360 roboratis,
649 2319 776 2353 statutis
799 2325 830 2353 et
848 2330 983 2354 consue-

240 2374 415 2414 tudinibus,
441 2374 682 2413 stabilimentis‚
700 2374 813 2406 usibus
838 2379 869 2407 et
894 2379 983 2407 natu-

237 2428 290 2468 ris,
318 2437 354 2460 ac
378 2426 639 2460 ordinationibus
656 2426 901 2470 capitularibus,
919 2426 984 2470 pri-

237 2480 363 2523 vilegiis
389 2489 530 2523 quoque,
552 2479 682 2512 indultis
710 2485 742 2512 et
765 2480 883 2513 litteris
907 2490 983 2523 apo-

237 2534 363 2568 stolicis
404 2533 437 2566 in
481 2533 682 2566 contrarium
727 2534 982 2576 praemissorum

238 2586 486 2633 quomodolibet
517 2587 700 2626 concessis,
727 2586 924 2620 confirmatis
951 2592 983 2620 et

330 2647 412 2677 Bult.
433 2648 519 2677 Rom.
540 2663 575 2670 —
597 2648 658 2677 Vol.
679 2647 787 2676 XXIII.
933 2647 967 2676 33

70 2062 227 2084 Contrariorum

43 2089 162 2116 derogatio.

857 193 999 216 CLEMENS
1028 193 1069 215 xll
1096 193 1144 216 FP.

1667 180 1730 213 257
1777 187 1958 215 An.c.1731

1027 240 1208 280 innovatis3
1237 241 1355 284 quibus
1380 240 1532 274 omnibus
1558 245 1587 272 et
1614 238 1771 281 singulis,

1028 293 1156 325 illorum
1185 299 1312 325 tenores
1336 293 1567 336 praesentibus
1590 302 1647 335 pro
1673 292 1772 333 plene

1027 351 1058 378 et
1082 345 1284 378 sufficienter
1308 345 1470 387 expressis
1497 356 1531 377 ac
1557 344 1595 376 de
1617 344 1714 376 verbo
1734 342 1773 374 ad

1004 409 1005 414 ¹
1028 399 1161 431 verbum
1188 398 1319 430 insertis
1346 398 1521 436 habentes,
1547 397 1610 430 illis
1636 396 1715 428 alias
1741 396 1771 428 iu

1004 462 1005 467 ¹
1026 461 1084 483 suo
1110 450 1227 483 robore
1253 450 1487 493 permansuris,
1513 450 1551 481 ad
1577 449 1773 492 praemisso·

1028 515 1097 536 rum
1125 503 1288 543 effectum,
1316 504 1376 536 liae
1401 504 1467 536 rice
1493 503 1676 542 dumtaxat,
1703 513 1773 544 spc-

1004 571 1005 578 ¹
1028 557 1156 590 cialiter
1173 563 1205 589 et
1223 567 1374 599 expresse
1400 556 1597 598 derogamus
1614 567 1621 596 ·‚
1642 555 1772 588 ceteris-

1005 623 1006 627 *
1028 621 1090 654 que
1117 609 1289 642 contrariis
1314 608 1584 651 quibuscumque.

1072 664 1186 696 Datum
1213 663 1354 701 Romae,
1382 662 1468 704 apud
1494 662 1525 694 S,
1555 662 1684 693 Mariam
1712 661 1774 693 Ma-

1005 723 1006 728 ’
1029 717 1148 756 iorem,
1175 716 1235 748 sub
1261 715 1384 748 annulo
1410 714 1595 753 Piscatoris‚
1621 714 1671 746 die
1697 724 1771 747 xviii

1028 769 1101 801 maii
1117 767 1509 811 irnccxxx1,pontifficatus
1525 767 1627 800 nostri
1647 777 1732 799 anno
1749 777 1771 800 1.

1064 831 1124 858 Dat.
1149 830 1194 858 die
1218 831 1247 857 18
1267 830 1331 857 maii
1352 830 1433 863 1730,
1455 830 1555 865 pontis.
1577 838 1649 856 anno
1671 837 1689 856 1.

1354 885 1387 917 1³.
1414 884 1502 918 card.
1530 884 1715 917 OLivEnics.

1339 1002 1362 1034 X
1369 1001 1391 1033 X
1398 1001 1419 1034 X
1425 1001 1447 1033 V
1452 1027 1459 1034 .

1029 1073 1249 1117 Confirmatio·
1274 1073 1433 1106 decretum
1461 1083 1571 1105 sacrae
1597 1073 1773 1115 Couslreqct-

1073 1126 1172 1159 lionis
1189 1127 1410 1169 episcoporum
1428 1130 1457 1158 el
1471 1125 1687 1168 ressularium⁷
1704 1136 1773 1167 pro-

1071 1180 1217 1212 curatori
1239 1179 1427 1222 prorz'nciae
1454 1178 1485 1212 S.
1506 1178 1683 1210 Saturnini
1705 1179 1773 1220 sra-

1074 1237 1160 1264 lrum
1200 1232 1368 1264 lllz'norum
1403 1232 1493 1263 sauli
1528 1231 1701 1263 francisci
1735 1231 1774 1262 de

1071 1285 1285 1319 observantia
1326 1285 1499 1318 concedens
1534 1285 1770 1317 iustitutionem

1070 1340 1200 1382 colleqz'i
1232 1340 1520 1371 missiouariorum
1550 1338 1690 1370 eiusdem
1718 1337 1773 1370 01·-

1070 1392 1160 1425 dim‘s
1187 1393 1222 1425 in
1247 1397 1402 1425 conventu
1438 1392 1471 1426 S.
1504 1392 1623 1424 Luciae
1659 1391 1772 1434 oppidi

1069 1445 1102 1478 S.
1131 1445 1253 1479 Gswe'ni
1280 1446 1469 1479 Ussellensis
1493 1445 1654 1478 dioecesis.

1234 1517 1370 1544 Clemens
1392 1518 1475 1551 Papa
1500 1517 1562 1548 ΧΠ,

1168 1561 1206 1588 ad
1226 1561 1365 1588 futuram
1386 1561 1431 1588 rei
1452 1561 1637 1589 memoriam.

1069 1624 1084 1668 g
1102 1624 1132 1657 ’1.
1149 1624 1259 1668 Nuper
1277 1634 1335 1667 pro
1354 1629 1446 1667 parte
1466 1624 1575 1657 dilecti
1595 1624 1650 1658 silii
1670 1625 1772 1658 Bona-
1796 1634 1967 1660 Pei-provincia-

1281 1677 1285 1682 .
1353 1677 1358 1682 .
1379 1677 1384 1682 .
1438 1677 1444 1683 .
1474 1677 1479 1682 .
1534 1678 1539 1683 .
1643 1679 1648 1683 .
1700 1679 1705 1683 .
1746 1679 1751 1684 .
1783 1660 1824 1680 lem
1876 1661 1966 1681 huiusce

1026 1683 1178 1711 venturae
1205 1688 1223 1710 a
1247 1677 1385 1711 Mirabili
1404 1683 1540 1710 ministri
1560 1679 1906 1721 provxncralisprovinc-ae
1932 1694 1967 1707 ox-

1026 1731 1210 1774 provinciae
1235 1730 1267 1764 S.
1294 1731 1458 1764 Saturnini
1485 1732 1517 1764 in
1543 1732 1691 1765 Sardinia
1716 1714 1967 1769 Oi·-¹a'ii⁵¹.r¹=¹1¹<⁵iii³0i1⁰„¹i1‘i}

1026 1785 1109 1818 dinis
1143 1785 1276 1817 fratrum
1313 1785 1417 1817 sancti
1443 1785 1608 1819 Francisci
1645 1786 1684 1819 de
1709 1770 1924 1819 Ob-cfflffmm'

1025 1836 1187 1871 servantia
1213 1844 1478 1881 nuncupatorum
1500 1839 1594 1872 nobis
1613 1841 1770 1882 exposito,

1026 1891 1111 1935 quod
1138 1892 1218 1934 ipse,
1238 1902 1273 1924 ex
1297 1891 1440 1924 unanimi
1469 1892 1565 1924 totius
1591 1891 1769 1925 delinitorii

1026 1945 1172 1977 eiusdem
1208 1944 1395 1987 provinciae
1431 1955 1604 1984 consensu,
1630 1955 1770 1978 conven-

1027 2003 1090 2030 tum
1108 1997 1139 2030 S.
1160 1997 1275 2030 Luciae
1293 1998 1405 2041 oppidi
1427 1997 1458 2031 S.
1479 1998 1589 2031 Gavini
1609 1998 1770 2031 Usselleu·

1025 2051 1067 2083 sis
1094 2051 1253 2084 dioecesis
1279 2051 1474 2094 signandum
1495 2051 1703 2091 decreverat,
1722 2058 1766 2092 ut,

1026 2105 1111 2136 iuxta
1143 2104 1269 2137 indulta
1301 2104 1479 2146 apostoliea
1510 2110 1541 2137 ct
1578 2115 1724 2138 normam
1751 2118 1768 2138 a

1026 2159 1128 2191 felicis
1154 2158 1392 2191 recordationis
1418 2158 1607 2192 Innocentio
1639 2159 1697 2191 Pr.
1730 2159 1767 2192 >21

1026 2213 1277 2256 praedecessore
1303 2217 1413 2244 nostro
1439 2213 1685 2255 praescriptam,
1703 2214 1769 2246 col-

1027 2265 1146 2308 legium
1179 2265 1458 2298 missionariorum
1497 2266 1629 2298 l'ratrum
1663 2265 1768 2300 (lictae

1027 2319 1212 2362 provinciae
1239 2318 1317 2351 inibi
1345 2318 1589 2355 institueretur,
1617 2329 1768 2362 maguum

1027 2373 1101 2405 inde
1120 2382 1256 2415 sperans
1276 2372 1456 2404 animarum
1476 2372 1614 2404 fructum
1634 2378 1665 2405 et
1683 2383 1769 2406 emo·

1027 2428 1204 2460 lumentum
1221 2437 1227 2465 ;
1249 2426 1387 2468 ideoque
1407 2431 1469 2458 tam
1487 2436 1544 2458 suo
1570 2436 1664 2469 quam
1684 2436 1770 2460 com-

1026 2480 1141 2512 missae
1180 2478 1240 2511 sibi
1279 2478 1465 2521 provinciae
1505 2479 1635 2512 nomine
1676 2480 1768 2513 nobis

1027 2532 1227 2576 supplicato,
1253 2538 1288 2564 ut
1322 2531 1472 2574 collegii¹
1509 2532 1694 2566 huiusmodi
1720 2533 1768 2566 in-

1063 2597 1073 2622 1
1098 2594 1170 2622 Edit.
1192 2593 1272 2622 Main.
1294 2593 1360 2629 legit
1379 2594 1530 2630 colleyz'mn
1546 2595 1585 2630 (n.
1602 2599 1652 2630 T.).
