2182 3137
188 213 240 239 An.
260 213 290 238 C.
314 212 380 239 1732

214 2037 361 2058 confirmatur.

426 206 491 237 {iiiii

385 261 543 294 emanarit
564 262 731 294 decretum
753 262 875 295 tenoris
893 263 947 306 qui
966 263 1125 306 sequitur,

385 314 557 347 videlieet:

426 366 456 395 In
484 367 711 405 congregatione
746 367 917 406 particulari
951 377 967 397 a
1000 368 1123 398 sanctis-

385 415 458 445 simo
481 416 599 445 domino
623 420 724 446 nostro
747 416 899 446 Clemente
916 416 964 446 XII
986 417 1123 456 deputata

384 466 614 495 reverendorum
638 470 754 504 patrum
778 466 966 496 dominorum
990 466 1121 504 Merlini,

385 515 553 551 Gugliehni,
577 519 606 544 et
628 515 683 544 mei
707 515 900 554 infrascripti,
921 524 1009 554 super
1024 514 1124 545 obser-

385 565 484 593 vanua
505 564 749 594 constitutionum
766 564 937 602 AEgidianae
955 568 984 594 et
996 564 1123 603 Carpen-

383 613 423 642 sis
446 613 474 642 iu
500 614 651 652 provincia
673 613 830 647 Marchiae,
855 613 956 643 habita
977 614 1023 643 die
1046 622 1062 642 v
1078 614 1121 643 iu-

383 663 425 693 nii
447 672 606 701 uoccxxx1,
624 662 784 692 resolutum
807 663 872 692 suit:
897 663 1122 692 constitutiones

383 712 568 750 AEgidianam
600 717 629 741 et
655 712 830 751 Carpensem
865 712 1024 741 servandas
1058 721 1122 741 esse

383 762 463 791 iuxta
487 762 627 797 modum3
653 762 756 791 modus
776 766 832 798 est,
867 761 944 800 quod
967 761 1043 790 idem
1072 770 1123 790 no—

384 812 475 841 tarius
496 811 641 851 stipulans
663 811 772 850 absque
795 811 856 840 ulla
877 811 1022 847 mercede,
1041 820 1124 850 prae-

383 867 429 893 ter
451 862 530 891 illam
554 865 725 890 consuetam
759 860 960 899 stipulationis
992 861 1054 889 sive
1077 869 1123 889 ro-

383 913 448 950 giti,
466 916 600 941 teneatur
616 910 767 947 exhibere,
788 910 863 939 infra
887 909 1045 939 terminum
1063 909 1123 938 die-

383 971 448 991 rum
472 961 639 1000 quindecim
663 970 676 989 a
700 960 746 989 die
769 959 984 998 stipulationis,
1008 958 1122 987 notario

383 1012 464 1041 illius
499 1011 622 1046 iudicis,
657 1019 670 1039 a
705 1008 949 1039 contrahentibus
982 1007 1121 1046 eligendi,

384 1070 481 1091 coram
504 1070 560 1099 quo
583 1059 646 1088 [ieri
669 1057 755 1087 debet
786 1057 964 1094 insinuatio,
989 1055 1122 1085 eamdem

383 1110 496 1149 copiam
533 1108 680 1147 publicam
712 1107 791 1136 iuxta
828 1106 945 1135 Bullam
977 1105 1122 1135 Sixtinam

385 1158 605 1188 archiviandam
635 1158 696 1186 una
724 1165 790 1185 cum
814 1156 1011 1185 instrumento
1034 1153 1121 1191 origi-

386 1208 458 1245 nali,
482 1207 516 1236 ad
541 1207 596 1236 hoc
618 1210 650 1235 ut
674 1206 839 1244 praedictus
862 1204 994 1233 notarius
1017 1203 1123 1232 iudicis

383 1256 606 1293 insinuationis,
632 1255 667 1285 ad
692 1254 863 1284 instantiam
898 1254 985 1283 unius
1009 1253 1052 1282 vel
1082 1253 1124 1282 al-

383 1305 474 1335 terius
496 1314 531 1334 ex
563 1303 821 1341 contrahentibus,
855 1302 916 1332 sive
950 1304 985 1331 de
1019 1311 1121 1331 eorum

384 1354 531 1391 mandato,
555 1363 637 1383 more
660 1353 745 1383 solito
767 1352 838 1382 illud
864 1351 1004 1387 insinuet,
1022 1351 1124 1380 sidem-

383 1413 439 1444 que
471 1403 683 1433 insinuationis
716 1403 803 1432 faciat
837 1407 895 1432 tam
927 1402 957 1431 in
990 1401 1122 1439 margine

382 1454 452 1483 dicti
485 1453 673 1483 instrumenti
697 1452 867 1491 originalis,
900 1460 987 1490 quam
1022 1450 1122 1489 copiae

382 1503 605 1533 archiviandae:
623 1504 777 1532 reservata
790 1507 885 1531 tamen
903 1501 1042 1530 facultate
1054 1510 1124 1529 con-

383 1553 570 1583 trahentibus
594 1552 760 1592 praedictos
783 1551 914 1580 notarios
947 1550 1122 1589 stipulantes

383 1602 507 1642 cogendi
528 1602 563 1632 ad
587 1601 745 1641 praefatam
769 1599 981 1629 exhibitionem
1012 1600 1123 1628 instru-

383 1653 475 1682 menti
498 1651 651 1689 originalis
673 1654 702 1680 et
725 1650 825 1688 copiae
848 1649 1055 1679 archiviandae
1078 1648 1123 1677 in-

383 1703 425 1731 fra
458 1702 569 1730 dictum
604 1700 761 1730 terminum
795 1699 908 1728 dierum
940 1698 1120 1737 quindecim.

380 1751 527 1790 Factaque
551 1759 602 1789 per
624 1758 669 1778 me
688 1749 734 1778 die
757 1747 949 1787 subsequenti
980 1749 1061 1776 sexta
1094 1757 1123 1776 e-

381 1800 494 1830 iusdem
508 1799 617 1829 mensis
634 1798 706 1827 iunii
723 1797 865 1826 relatione
880 1797 1032 1827 Sanctitati
1048 1797 1122 1826 Suae

381 1851 416 1880 de
438 1850 588 1889 praedicta
610 1848 801 1885 resolutione,
817 1846 1026 1877 Sanctissimus
1042 1846 1121 1875 illam

383 1899 568 1939 approbavit.

591 1947 625 1976 N.
650 1946 781 1984 archiep.
807 1945 926 1974 Nazian.
952 1943 1080 1973 auditor.

426 2027 440 2069 ἓ
465 2025 497 2058 ⁶2.
525 2024 602 2057 Cum
640 2028 745 2055 autem
763 2049 770 2062 ‚
797 2022 882 2054 sicut
917 2021 1027 2053 dilecti
1065 2020 1120 2053 lilii

382 2078 630 2113 communitates
668 2083 699 2109 et
732 2076 968 2114 universitates,
1003 2080 1035 2108 et
1068 2075 1122 2107 ho-

380 2134 484 2166 mines
509 2133 613 2166 dictae
645 2130 832 2173 provinciae
859 2129 952 2162 nobis
984 2130 1122 2162 subinde

381 2187 501 2230 exponi
528 2187 686 2222 fecerunt,
723 2184 785 2226 ipsi
820 2184 986 2216 decretum
1015 2183 1123 2215 huius-

380 2240 477 2278 modi,
500 2250 563 2283 quo
591 2238 713 2270 firmius
738 2237 894 2270 subsistat
919 2242 951 2268 et
976 2242 1123 2269 servetur

382 2293 537 2331 exactius,
558 2291 756 2335 apostolicae
783 2289 1041 2323 confirmationis
1068 2300 1123 2322 no-

382 2352 467 2379 strae
498 2344 681 2389 patrocinio
718 2343 911 2377 communiri
946 2344 1122 2386 plurimum

384 2399 589 2432 desiderent:
616 2408 692 2435 nos,
719 2397 894 2440 specialem
922 2397 999 2440 ipsis
1025 2408 1123 2440 expo-

382 2453 535 2485 nentibus
556 2450 690 2494 gratiam
710 2451 816 2483 facere
843 2452 1000 2488 volentes,
1019 2457 1050 2483 et
1068 2462 1122 2484 eo-

383 2517 452 2539 rum
490 2505 672 2547 singulares
710 2515 865 2547 personas
902 2515 918 2536 a
955 2504 1122 2547 quibusvis

384 2558 741 2597 excommunicationis,
769 2557 994 2601 suspensionis
1019 2563 1049 2590 et
1074 2557 1120 2590 in-

384 2611 526 2652 terdicti,
540 2611 677 2655 aliisque
691 2610 923 2644 ecclesiasticis
940 2610 1122 2650 sententiis,

967 215 1145 237 BULLARlUM
1175 216 1331 239 ROMANUM

1167 264 1316 296 censuris
1342 271 1374 297 et
1399 265 1533 308 poeniS,
1566 278 1583 298 a
1611 266 1681 298 iure
1708 268 1756 299 vel
1787 267 1826 299 ab
1850 268 1908 299 ho-

1168 317 1267 356 mine,
1297 318 1407 360 quavis
1432 319 1602 351 occasione
1627 320 1677 352 vel
1703 322 1797 352 causa
1822 321 1906 361 latis,

1167 371 1191 403 si
1218 372 1336 414 quibus
1364 372 1612 414 quomodolibet
1640 373 1817 406 innodatae
1843 374 1909 406 exi-

1167 432 1266 465 stunt,
1292 427 1330 459 ad
1358 426 1508 459 effectum
1533 429 1755 470 praesentium
1786 429 1910 461 dumta-

1166 485 1218 512 xat
1243 480 1524 522 consequendum,
1552 481 1666 513 harum
1692 481 1777 514 serie
1803 482 1910 515 absol-

1166 539 1276 565 ventes
1302 539 1334 565 et
1358 533 1524 566 absolutas
1551 533 1618 566 sore
1637 539 1818 573 censentes,
1837 545 1909 578 snp-

1166 586 1396 628 plicationibus
1415 596 1526 618 eorum
1545 586 1675 619 nomine
1693 586 1789 619 nobis
1808 598 1908 630 snper

1168 639 1230 671 hoc
1249 639 1418 672 humiliter
1444 640 1603 682 porrectis
1620 639 1779 679 inclinati,
1797 640 1908 673 decre-

1167 698 1232 724 tum
1259 692 1507 734 praeinsertum,
1534 692 1726 725 auctoritate
1751 693 1908 736 apostoli-

1166 746 1223 783 ea,
1252 750 1364 777 tenore
1398 745 1621 788 praesentium
1648 745 1753 777 denuo
1790 755 1908 788 appro-

1166 798 1281 830 bamus
1307 803 1338 830 et
1363 798 1610 837 confirmamus,
1636 798 1752 841 illique
1777 798 1909 832 inviola-

1167 851 1240 884 bilis
1266 852 1463 894 apostolicae
1485 852 1646 885 firmitatis
1672 852 1773 885 robur
1798 853 1909 885 adiici-

1166 915 1245 943 mus,
1271 915 1307 937 ac
1333 916 1444 937 omncs
1464 912 1495 938 et
1513 905 1662 947 singulos
1681 905 1760 938 iuris
1779 912 1810 938 et
1834 906 1905 938 sacti

1167 957 1331 995 desectus,
1357 957 1382 989 si
1408 959 1461 1000 qui
1488 959 1631 1001 desuper
1656 959 1908 1002 quomodolibet

1166 1010 1416 1050 intervenerint,
1445 1013 1649 1054 supplemus.

1210 1063 1225 1105 ἓ
1250 1064 1282 1096 3.
1309 1063 1538 1103 Decet-nentes,
1560 1065 1690 1097 easdem
1718 1070 1908 1107 praesentes

1167 1116 1293 1148 litteras
1320 1127 1450 1159 semper
1476 1117 1603 1156 firmas,
1629 1118 1750 1150 validas
1782 1123 1814 1150 et
1842 1118 1909 1150 effi-

1167 1180 1261 1202 caces
1281 1170 1421 1202 existere
1440 1175 1471 1202 et
1488 1171 1568 1211 sore,
1583 1181 1723 1213 suosque
1741 1170 1908 1214 plenarios

1167 1229 1199 1255 et
1219 1223 1363 1265 integros
1390 1223 1520 1256 ell‘ectus
1554 1224 1661 1256 sortiri
1691 1230 1723 1256 et
1747 1224 1908 1265 obtinere,

1167 1287 1203 1309 ac
1229 1276 1313 1316 illis,
1347 1277 1386 1309 ad
1412 1287 1494 1320 quos
1518 1282 1645 1319 spectat
1679 1282 1710 1311 et
1745 1288 1804 1321 pro
1831 1283 1909 1311 tem-

1167 1340 1246 1372 pore
1264 1330 1538 1373 quandocumque
1559 1331 1728 1374 spectabit,
1747 1331 1781 1363 in
1807 1331 1908 1364 omni-

1166 1384 1226 1416 bus
1248 1389 1279 1416 et
1304 1394 1363 1426 per
1389 1385 1498 1417 onmia
1517 1385 1704 1427 plenissime
1726 1385 1906 1428 suffragari,

1166 1442 1198 1469 et
1222 1437 1262 1469 ab
1288 1437 1334 1470 eis
1367 1437 1547 1480 respective
1584 1438 1818 1471 inviolabiliter
1852 1438 1910 1472 ob-

1165 1491 1305 1531 servari,
1332 1491 1445 1534 sicque
1464 1491 1496 1522 in
1515 1491 1707 1534 praemissis
1729 1502 1788 1535 per
1812 1503 1907 1535 quos-

1172 1554 1320 1587 cumque
1337 1544 1462 1577 iudices
1481 1545 1666 1578 ordinarios
1680 1551 1711 1578 et
1728 1546 1908 1588 delegatos,

1166 1597 1263 1630 ctiam
1289 1608 1460 1630 causarum
1485 1599 1595 1642 palatii
1618 1599 1793 1641 apostolici
1819 1599 1908 1632 audi-

1167 1656 1277 1691 tores,
1305 1652 1444 1684 iudicari
1481 1657 1513 1685 et
1548 1652 1676 1685 definiri
1703 1653 1844 1692 debere,
1871 1664 1908 1685 ac

1166 1705 1291 1736 irritum
1326 1711 1358 1737 et
1388 1705 1484 1738 inane
1510 1706 1535 1738 si
1572 1717 1666 1738 secus
1692 1717 1788 1749 super
1813 1706 1864 1739 his
1891 1718 1908 1739 a

1167 1769 1339 1801 quoquam,
1378 1759 1488 1801 quavis
1524 1759 1725 1798 auctoritate,
1767 1759 1909 1792 scienter

1168 1813 1216 1844 vel
1243 1811 1442 1853 ignoranter,
1471 1811 1647 1854 contigerit
1671 1812 1839 1846 attentari.

1210 1866 1225 1907 ξ
1249 1865 1280 1897 4.
1308 1864 1378 1897 Non
1412 1864 1618 1898 obstantibus
1644 1865 1850 1908 praemissis,
1872 1877 1909 1899 ac

1166 1918 1456 1951 constitutionibus
1482 1924 1513 1950 et
1537 1918 1798 1951 ordinationibus
1831 1929 1909 1962 apo-

1166 1971 1300 2010 stolicis,
1323 1981 1461 2009 necnon,
1489 1976 1647 2014 quatenus
1675 1982 1758 2014 opus
1784 1971 1835 2011 sit,
1861 1971 1908 2005 di-

1166 2029 1290 2056 ctarum
1309 2024 1580 2056 communitatum
1605 2030 1636 2057 et
1660 2025 1906 2058 universitatum

1167 2077 1353 2120 provinciae
1372 2078 1571 2117 huiusmodi,
1589 2077 1702 2111 aliisve
1728 2078 1906 2122 quibusvis,

1167 2131 1264 2164 etiam
1290 2131 1486 2172 iuramento,
1506 2131 1752 2164 confirmatione
1777 2136 1909 2174 aposto-

1166 2184 1245 2224 lica,
1272 2185 1321 2217 vel
1347 2185 1458 2227 quavis
1483 2184 1632 2218 firmitate
1653 2185 1715 2217 alia
1736 2185 1908 2225 roboratis,

1165 2238 1292 2271 statutis
1327 2243 1358 2270 et
1389 2237 1701 2276 consuetudinibus,
1728 2237 1909 2280 privilegiis

1167 2301 1307 2335 qnoque,
1334 2290 1468 2323 indultis
1505 2296 1536 2322 et
1571 2291 1687 2324 litteris
1717 2291 1907 2334 apostolicis

1166 2345 1197 2377 in
1222 2344 1422 2378 contrarium
1450 2345 1705 2387 praemissorum
1732 2346 1909 2388 quomodo-

1166 2399 1246 2432 libet
1263 2398 1438 2436 concessis,
1458 2398 1657 2430 confirmatis
1679 2403 1710 2431 et
1730 2399 1906 2440 innovatis3

1166 2451 1283 2495 quibus
1307 2451 1457 2484 omnibus
1485 2457 1517 2483 et
1541 2451 1686 2494 singulis,
1705 2451 1835 2485 illorum
1861 2458 1906 2485 te-

1167 2515 1265 2537 nores
1291 2503 1521 2547 praesentibus
1553 2515 1613 2546 pro
1638 2505 1736 2547 plene
1763 2510 1795 2537 et
1820 2505 1908 2537 suffi-

1166 2557 1289 2589 cienter
1313 2556 1475 2599 expressis
1501 2567 1538 2589 ac
1563 2557 1603 2589 ad
1627 2557 1762 2590 verbum
1777 2557 1907 2591 insertis

1168 2611 1337 2651 habentes,
1357 2610 1421 2644 illis
1446 2610 1524 2643 alias
1550 2610 1584 2642 in
1609 2621 1667 2643 suo
1692 2611 1811 2644 robore
1832 2621 1906 2654 per-

1915 223 1961 244 An.
1981 221 2012 245 C.
2034 221 2100 248 1732

1945 1073 2070 1095 clausulae.

1946 1867 2106 1888 contrariorum

1920 1893 2039 1919 derogatio.
