2182 3137
31 273 123 307 tia-c.
147 277 216 306 1733

29 341 105 365 vueflia
120 326 334 362 coum-familia
366 328 593 368 extra-Hispana
625 331 813 367 assumptus,
848 326 960 357 nullam

29 368 455 418 ¹ti'rijjcawh²¹⁰1’11risdictior.e1n
483 382 619 407 exerceat
641 377 670 406 in
693 380 839 407 conventu
862 380 961 405 nostro

220 435 341 456 romano
364 428 393 456 S.
417 426 530 461 Caroli,
551 426 607 456 nisi
630 435 692 456 eam
718 430 850 464 tantum,
875 434 961 465 quam

220 474 250 504 in
274 475 347 505 alios
365 475 521 514 Hispaniae
539 480 702 505 conventus
725 483 861 504 exercere
884 478 963 513 pote-

220 523 276 561 rit,
300 527 329 553 et
356 523 432 562 quod
461 523 490 553 in
519 533 552 553 eo
575 527 720 553 conventu
753 522 882 553 residere
904 531 961 552 non

221 571 335 610 possit:
359 571 435 610 quod
459 571 564 610 potiori
587 572 651 601 iure
674 571 896 609 intelligendum
920 575 963 600 est

222 619 257 649 de
279 620 482 650 commissario
505 621 635 658 generali
658 620 895 659 extra-Hispano.

262 672 349 698 van.
373 668 453 704 Quod
477 674 648 708 procurator
669 670 828 708 generatis,
853 669 903 709 qui
926 679 963 699 ex

220 717 363 756 Hispania
389 727 448 747 non
481 719 569 748 suerit
601 719 711 748 electus
729 742 736 756 ,
761 727 910 757 nunquam
933 718 962 747 in

221 766 370 805 praedicto
393 771 537 797 conventu
556 767 729 797 commorari
747 767 838 806 possit
853 771 902 797 aut
919 776 965 797 re-

219 815 327 845 sidere.

261 873 359 894 vam.
384 864 463 900 Quod
488 873 539 904 pro
569 865 622 894 hac
650 865 745 904 prima
777 865 838 895 vice
861 865 963 895 suffra-

221 913 300 951 gium
324 913 450 944 habeant
472 923 572 944 omnes
603 914 723 944 secundi
752 915 823 944 socii
847 915 964 954 provin-

222 963 353 1001 ciarum,
378 968 408 994 ut
431 964 622 1003 suppleantur
645 964 782 1003 suffragia
807 965 962 1002 vocalium,

221 1012 270 1051 qui
284 1012 318 1042 ad
333 1013 428 1042 futura
442 1013 568 1053 capitula
583 1014 730 1052 generalia
748 1023 782 1044 ex
801 1023 877 1044 nunc
895 1014 963 1053 eligi

220 1061 337 1091 debent.

50 1118 160 1149 Quaedam
176 1124 212 1139 ex·
260 1119 338 1141 me.
356 1110 437 1146 Quod
454 1111 482 1141 in
501 1111 603 1149 regula
620 1113 732 1149 nestra,
752 1111 778 1141 in
797 1122 865 1152 qua,
884 1112 962 1142 iuxta

25 1145 210 1199 ξ’...ἕζιῗζῦἶᾍωῗξ
221 1159 441 1199 dispositionem
465 1160 642 1190 sanctissimi
676 1160 786 1190 domiui
809 1161 901 1191 nostri
926 1162 965 1191 fe-

220 1207 285 1238 licis
307 1208 519 1238 recordationis
542 1207 651 1238 Urbani
670 1209 741 1244 ΥΙΙΙ,
765 1209 872 1239 (licitur
888 1210 964 1249 quod

219 1257 313 1286 electio
334 1258 526 1286 ministrorwn
554 1257 770 1296 provincialium
800 1262 825 1287 el
852 1268 964 1287 conven-

219 1306 339 1334 tualium
364 1307 412 1344 fiat
440 1308 469 1334 in
492 1306 613 1345 capitulo
640 1306 786 1344 yerueroh,
815 1307 965 1337 auferatur

220 1363 273 1384 vox
303 1354 452 1393 generali:
475 1359 619 1393 quatenus·
637 1378 644 1392 ,
669 1355 747 1385 iuxta
782 1356 872 1386 Breve
900 1366 965 1386 san-

220 1403 342 1432 ctissimi
365 1403 474 1432 domini
495 1403 606 1433 domini
630 1404 720 1433 nostri
740 1404 896 1434 Clementis
912 1405 965 1434 Pa-

221 1461 273 1490 pae
293 1451 358 1489 xtl,
380 1452 547 1482 huiusmodi
572 1452 730 1482 electiones
753 1453 809 1482 iam
831 1453 893 1483 [ieri
917 1453 965 1483 de-

219 1500 288 1530 bent
309 1501 339 1530 in
363 1501 490 1540 capitulo
513 1501 696 1540 provinciali.

260 1559 328 1580 Lxx.
352 1550 432 1586 Quod
456 1551 573 1589 regula,
598 1551 646 1581 ubi
671 1561 734 1591 cap.
759 1561 804 1581 xm
828 1551 964 1581 definito-

220 1599 264 1630 rio
280 1600 409 1638 generali
432 1600 576 1639 depositio
593 1601 791 1640 praelatorum
815 1605 841 1630 et
861 1610 963 1630 eorum

220 1648 389 1687 subrogatio
412 1653 592 1687 reservatur,
611 1649 786 1687 intelligitur
804 1650 840 1679 de
862 1650 964 1680 desini-

220 1697 296 1728 torio
318 1698 448 1735 generali
471 1698 598 1727 familiae
621 1698 700 1728 illius
723 1699 772 1738 qui
795 1699 962 1738 deponitur.

260 1755 337 1776 Lxxt.
361 1746 440 1782 Quod
471 1746 524 1776 sub
548 1750 614 1776 voto
637 1756 693 1776 non
717 1747 864 1777 ambiendi
888 1757 965 1777 com-

220 1792 442 1836 prehenduntur
464 1795 684 1825 commissarius
707 1796 864 1834 generalis,
890 1797 964 1826 vice-

219 1844 450 1880 commissarius,
465 1844 634 1874 definitores
656 1845 807 1882 generales
823 1845 962 1882 familiae,

220 1896 249 1924 'et
272 1903 373 1924 omnes
397 1893 445 1923 alii
469 1894 517 1932 qui
550 1893 650 1923 habitu
681 1894 723 1923 vel
753 1899 818 1923 actu
842 1894 962 1933 praelati

218 1942 338 1973 suerint.

259 2000 346 2021 mxu.
369 1990 450 2026 Quod
474 1990 551 2020 circa
575 1990 740 2020 vacationes
763 2000 813 2020 seu
836 1990 963 2021 intersti-

219 2040 258 2069 tia
275 2064 282 2077 ‚
305 2048 379 2079 quae
402 2039 432 2069 in
461 2039 569 2069 nostris
597 2039 857 2069 constitutionibus
882 2049 963 2079 prae-

220 2088 403 2126 scribuntur,
424 2088 557 2125 addatur,
578 2088 653 2127 quod
670 2088 767 2118 nullus
786 2088 876 2127 possit
894 2088 962 2127 eligi

220 2138 248 2167 in
273 2138 412 2178 capitulo,
437 2137 466 2166 in
489 2147 546 2177 quo
569 2137 672 2176 spirat,
693 2137 720 2167 in
739 2137 825 2167 aliam
850 2137 963 2176 praela-

220 2191 328 2224 turam,
352 2186 407 2215 nisi
433 2186 460 2215 in
484 2186 665 2225 superiorem
682 2186 860 2225 generalem,
879 2186 964 2216 mini-

219 2240 312 2266 strum
335 2235 448 2265 scilicet
471 2235 550 2265 iuxta
579 2240 693 2265 nostras
716 2236 960 2273 constitutiones,

219 2285 377 2320 vicarium,
400 2284 632 2314 commissarium
656 2289 705 2314 aut
728 2285 963 2314 vicecommissa-

220 2333 307 2371 rium,
323 2333 346 2363 si
365 2342 415 2372 per
437 2342 485 2363 sex
509 2342 601 2362 annos
618 2333 747 2371 integros
764 2337 790 2362 et
807 2333 962 2362 continuos

219 2391 335 2422 semper
358 2382 434 2411 intra
459 2382 522 2411 illos
547 2381 662 2411 sum-tus
686 2382 774 2411 t'uerit
796 2381 891 2410 ot'ticio
915 2381 963 2411 de-

219 2431 343 2461 finitoris
367 2431 511 2469 generalis·
534 2430 666 2467 Ordinis,
690 2431 732 2459 vel
756 2440 812 2459 uno
836 2430 961 2460 triennio

219 2479 381 2518 superioris
405 2479 605 2518 provincialis,
630 2483 657 2508 et
680 2479 772 2508 altero
795 2478 961 2507 immediato

218 2528 381 2557 delinitoris
413 2527 560 2566 generalis
595 2527 638 2557 vel
673 2527 884 2566 provincialis,
915 2527 960 2557 vel

218 2577 333 2608 duobus
357 2577 492 2607 trienniis
511 2577 639 2606 ministri
656 2576 870 2614 conventualis,
888 2577 959 2607 etin

219 2626 311 2657 altero
334 2625 497 2656 definitoris
515 2625 558 2655 vcl
578 2625 704 2655 ministri
722 2625 919 2664 provincialis.

257 2683 356 2706 Lxxni.
381 2673 462 2710 Quod
484 2673 560 2706 circa
592 2673 785 2705 reelectiones
814 2673 957 2714 addatur,

842 277 984 302 CLEMENS
1012 278 1056 303 xl!
1082 280 1131 304 ΓΡ.

1638 271 1701 304 [ιὶιθ

1005 328 1082 366 quod
1115 328 1333 359 commissarius
1372 329 1517 368 generalis
1556 328 1656 367 reeligi
1687 338 1744 359 non

1006 377 1097 416 possit
1120 378 1148 407 in
1172 388 1256 407 suum
1280 379 1421 417 osticium,
1438 379 1494 409 nisi
1518 388 1551 408 eo
1575 379 1662 408 suerit
1681 378 1745 408 sun-

1006 430 1070 455 ctus
1095 436 1145 465 per
1168 427 1327 457 triennium
1351 428 1518 466 integrum:
1543 431 1570 457 et
1594 427 1669 467 qued
1694 437 1747 457 nec

1007 474 1141 504 minister
1163 476 1309 513 generalis
1331 477 1359 506 iu
1383 477 1629 513 commissarium,
1653 486 1748 516 neque

1007 524 1229 553 commissarius
1251 525 1280 554 in
1305 525 1470 555 ministrum
1494 526 1660 563 generalem
1679 525 1746 563 eligi

1007 572 1108 611 possit,
1126 573 1183 602 nisi
1201 582 1268 602 casu
1287 583 1343 612 quo
1360 574 1579 604 commissarius
1601 575 1747 612 generalis

1007 621 1119 651 electus
1142 621 1229 651 luerit
1258 631 1307 661 per
1330 623 1424 651 solmn
1447 632 1556 652 annum
1579 628 1646 652 ante
1669 623 1748 662 capi-

1009 669 1114 700 tulum.

1048 728 1143 748 mxxv.
1161 718 1240 754 Quod
1257 719 1427 749 definitores
1438 720 1588 757 generales
1602 726 1748 760 nequeant

1008 767 1116 796 assumi
1147 768 1175 796 in
1211 767 1361 797 ministros
1396 768 1589 807 provinciales
1621 773 1749 808 trmpore

1008 825 1065 854 quo
1087 815 1257 846 definitores
1280 817 1400 846 suerint.

1047 873 1135 894 Lxxv.
1160 865 1240 900 Quod
1270 865 1354 895 iustis
1377 865 1411 894 de
1434 865 1530 895 causis
1553 865 1749 895 definitorium

1008 913 1162 952 generale,
1187 914 1318 952 inspecta
1350 913 1475 943 utilitate
1502 913 1627 951 domus,
1659 914 1750 953 possit

1008 964 1188 1003 dispensare,
1212 967 1243 993 ut
1259 963 1366 1003 aliquis
1387 963 1521 993 minister
1535 963 1636 1002 reeligi
1660 963 1751 1002 possit

1008 1012 1037 1041 in
1061 1012 1228 1041 ministrum
1252 1011 1381 1041 eiusdem
1405 1012 1507 1041 domus
1542 1021 1593 1051 pro
1622 1011 1750 1041 triennio

1009 1062 1106 1091 futuro
1128 1071 1143 1091 a
1175 1071 1226 1091 suo
1249 1061 1376 1100 capitulo
1404 1061 1577 1100 provinciali
1593 1085 1600 1096 ,
1625 1070 1749 1091 consen-

1008 1110 1148 1140 tientibus
1177 1110 1313 1140 omnibus
1342 1109 1489 1148 suffragiis
1519 1109 1637 1150 capituli
1669 1118 1750 1149 prae-

1009 1163 1052 1189 ter
1073 1159 1140 1189 duo.

1048 1217 1144 1238 Lxxvr.
1168 1208 1249 1244 Quod
1274 1208 1409 1238 reelectio
1440 1208 1566 1238 ministri
1597 1208 1658 1238 sive
1681 1217 1751 1238 con-

1009 1261 1112 1287 ventus
1135 1257 1229 1287 nostri
1253 1257 1365 1287 romani
1388 1258 1417 1287 S.
1442 1257 1558 1293 Caroli,
1582 1257 1643 1286 sive
1665 1257 1752 1286 colle-

1008 1306 1048 1344 gii
1072 1307 1163 1336 nostri
1186 1307 1221 1336 de
1245 1307 1434 1346 propaganda
1457 1306 1536 1341 Fide,
1561 1306 1624 1336 sieri
1648 1306 1749 1345 possit,

1009 1355 1143 1394 inspecta
1166 1355 1291 1385 utilitate
1314 1355 1427 1391 domus,
1445 1360 1472 1385 et
1495 1364 1643 1394 nunquam
1663 1355 1692 1384 in
1708 1356 1750 1384 fa-

1009 1414 1105 1434 vorem
1129 1404 1191 1434 eius
1214 1405 1262 1444 qui
1287 1405 1456 1443 reeligatur.

1049 1461 1156 1482 Lxxvu.
1181 1452 1274 1491 Qutd,
1299 1462 1366 1482 casu
1386 1452 1536 1482 absentiae
1561 1452 1749 1492 provincialis
1788 1468 1878 1487 mma„
1898 1473 1945 1493 pm.

1009 1502 1212 1531 concurrentis
1235 1502 1268 1531 ad
1286 1502 1446 1541 capitulum
1469 1501 1614 1540 generale,
1631 1494 1946 1546 praeses¹*‚‚‚'},‘’1¹“¹'}',}¹„¹¹JJ.‘.}21

1010 1550 1179 1589 provinciae
1198 1550 1254 1580 erit
1278 1550 1466 1589 provincialis
1489 1550 1681 1587 antecedens,
1707 1554 1792 1586 et‚‘⁰·

1009 1599 1032 1628 si
1055 1599 1145 1628 suerit
1167 1598 1305 1628 inhabilis
1339 1599 1382 1628 vel
1406 1599 1566 1638 impeditus
1583 1621 1590 1635 ,
1614 1598 1752 1628 definito-

1008 1649 1083 1678 rium
1108 1648 1298 1687 provinciale,
1324 1648 1456 1687 praeside
1480 1647 1651 1687 provinciali
1675 1647 1749 1686 ipso,

1008 1698 1096 1735 eligat
1120 1697 1281 1737 praesidem
1301 1697 1466 1736 provinciae
1491 1707 1541 1736 pro
1558 1701 1686 1736 tempore
1702 1696 1752 1725 ab·

1008 1747 1141 1782 seutiae;
1174 1755 1324 1785 nunquam
1358 1750 1454 1775 tamen
1486 1745 1574 1782 eligat
1606 1745 1749 1774 actualem

1008 1795 1193 1825 definitorem
1217 1794 1408 1834 provinciae,
1433 1803 1469 1824 ue
1487 1794 1672 1824 definitorum
1697 1804 1751 1824 nu-

1008 1854 1106 1874 merus
1129 1844 1319 1874 diminuatur.

1047 1902 1165 1923 Lxxvm.
1189 1892 1282 1929 Quod,
1301 1893 1369 1922 dum
1388 1896 1567 1923 concurrant
1582 1893 1752 1922 commissa·
1802 1909 1870 1930 Lucu<
1891 1916 1947 1930 mm.

1008 1942 1070 1972 rius
1102 1942 1146 1971 vel
1180 1941 1463 1971 vicecommissarius
1496 1941 1643 1979 generalis
1673 1942 1749 1971 intra
1761 1940 1947 1983 [Jsssssstffiffissnssj'g

1009 1991 1157 2031 propriam
1181 1991 1342 2029 familiam,
1367 1991 1465 2021 sedeat
1496 1991 1663 2021 immediate
1687 1996 1751 2030 post
1763 1991 1854 2036 ἕζιᾛψ
1896 1996 1947 2011 ³³³¹·

1008 2040 1191 2079 superiorem
1215 2040 1382 2077 generalem
1405 2039 1539 2074 Ordinis,
1560 2043 1587 2069 et
1610 2044 1692 2070 extra
1710 2030 1772 2069 sti-⁵
1839 2031 1844 2038 ¹

1008 2089 1120 2118 miliani
1143 2088 1338 2118 commissarii
1357 2092 1420 2127 post
1442 2088 1611 2118 definitores
1633 2097 1753 2126 genera-

1007 2138 1048 2168 les
1070 2138 1198 2167 Ordinis.

1047 2195 1142 2216 Lxxix.
1166 2186 1247 2221 Quod
1270 2186 1439 2216 definitores
1461 2187 1613 2225 generales
1635 2186 1752 2217 Ordinis
1797 2201 1946 2222 mammam

1007 2235 1034 2264 in
1053 2240 1112 2264 toto
1135 2234 1242 2265 Ordine
1265 2235 1385 2265 sedeant
1407 2235 1485 2265 iuxta
1504 2240 1618 2265 nostras
1641 2237 1751 2266 consti-
1762 2229 1905 2253 3⁰¹¹⁰s³¹ffl¹¹⁸³

1007 2283 1144 2317 tutioneS„
1169 2283 1303 2322 quamvis
1326 2283 1442 2322 aliquod
1465 2283 1666 2313 definitor-ium
1690 2285 1751 2315 sive

1006 2331 1186 2370 provinciale
1208 2332 1268 2361 sive
1290 2332 1426 2370 generale
1443 2333 1568 2362 familiae.
1591 2338 1656 2363 actu
1676 2334 1751 2364 cele-

1006 2379 1106 2409 bretur
1128 2380 1156 2409 in
1180 2381 1215 2409 ea
1237 2380 1333 2417 domo,
1351 2380 1379 2409 in
1399 2390 1453 2419 qua
1477 2381 1586 2420 aliquis
1608 2381 1748 2412 definitor

1005 2429 1150 2466 generalis
1173 2429 1291 2458 Ordinis
1314 2429 1481 2459 inveniatur
1496 2440 1502 2466 ς
1520 2439 1578 2469 quo
1602 2434 1744 2470 tempore,

1005 2479 1083 2508 iuxta
1108 2482 1223 2507 nostras
1239 2477 1473 2511 constitutiones,
1492 2479 1682 2518 provincialis
1704 2490 1749 2510 re-

1005 2531 1107 2566 spectu
1130 2526 1293 2556 delinitoris
1316 2527 1472 2563 generalis,
1496 2531 1524 2556 et
1546 2527 1682 2558 minister
1704 2533 1748 2558 et-

1003 2576 1060 2606 iam
1083 2581 1216 2615 respectu
1239 2575 1403 2605 definitoris
1427 2576 1636 2615 provincialis,
1663 2578 1746 2608 amit-

1004 2629 1044 2655 tat
1067 2625 1173 2655 locum.

1041 2683 1127 2704 Lxxx.
1150 2674 1231 2710 Quod
1253 2673 1424 2705 definitores
1441 2675 1594 2714 generales
1617 2676 1749 2708 familiae

1750 282 1799 306 An.
1820 280 1847 306 C.
1874 280 1940 307 1733
