2182 3137
47 207 95 231 Αιι.
115 205 145 230 C.
167 204 235 230 1732

77 1735 101 1754 Et
117 1740 171 1760 quae
188 1740 225 1760 pro

43 1762 85 1781 tilis
98 1761 225 1786 infligendae

41 1794 132 1814 poenae.

86 2556 144 2585 Quae
165 2556 226 2582 culpa

48 2587 175 2606 gravissima.

875 203 1019 225 CLEMENS
1046 205 1060 224 Χ
1068 203 1087 225 11
1114 204 1160 226 PF.

243 251 314 281 rerit
335 261 349 280 a
373 252 437 281 iure
460 251 505 280 vel
527 250 563 280 ab
599 251 715 280 homine
749 250 848 286 latam,
880 255 938 279 tam
968 260 982 279 a

243 300 373 338 praelato
395 300 595 330 ecclesiastico
617 308 705 338 quam
727 308 741 328 a
765 299 917 338 superiore
938 308 984 328 re-

242 348 347 386 ligioso
362 359 369 385 3
387 349 516 388 exceptis
538 348 608 378 item
632 347 760 383 casibus,
779 347 807 376 in
824 346 931 385 quibus
947 346 983 375 ob

240 397 444 434 gravissimam
482 396 597 435 culpam
634 395 901 425 excommunicatio
937 395 982 424 vel

239 446 393 484 suspensio
415 445 580 482 inssigitur3

280 503 318 523 ιν.
337 494 365 523 Si
389 495 466 533 quis,
485 494 582 523 sciens
604 503 634 522 se
656 503 720 523 esse
743 492 981 522 excommunica-

240 547 301 571 tum
324 546 373 572 aut
395 551 582 581 suspensum,
601 547 631 572 ut
654 551 754 580 supra,
778 540 981 577 celebraverit,

242 590 283 619 vel
307 590 337 619 in
361 590 421 619 suis
444 590 597 620 ordinibus
621 589 855 625 ministraverit3

280 647 306 667 v.
331 638 360 668 Si
378 639 445 678 quis
467 639 643 668 calumniam
673 638 703 667 iu
734 638 839 667 fratres
866 642 982 667 struxe-

239 687 288 724 rit,
312 688 374 717 sive
396 688 427 717 in
449 687 557 717 iudicio
578 688 638 716 sive
661 687 819 725 privatim3

280 744 317 765 vi.
341 736 370 766 Si
393 737 458 775 quis
481 746 533 775 per
555 737 596 765 sas
619 741 668 765 aut
698 735 778 765 nefas
807 744 981 774 procurave-

239 785 276 814 rit
309 789 340 814 ut
368 785 431 823 ipse
454 785 498 814 vel
521 785 594 813 alter
616 785 762 813 eximatur
790 793 805 812 a
836 788 980 822 potestate

238 834 400 872 superioris
423 839 481 863 tam
505 833 674 862 monasterii
696 842 782 872 quam
799 832 979 871 provinciae,

238 886 289 911 aut
311 882 424 912 abbatis
447 882 613 919 generalis3

278 939 326 960 vn.
350 931 381 960 Si
402 931 469 970 quis
492 940 543 970 per
565 931 780 960 contumaciam
798 931 841 961 vel
859 931 981 960 manife-

237 984 311 1009 stam
335 979 525 1009 rebellionem
548 979 721 1009 inobediens
753 990 805 1009 suo
834 980 979 1018 superiori

237 1029 338 1065 fuerit,
363 1028 407 1058 vel
430 1038 496 1057 cum
520 1038 553 1058 eo
576 1029 655 1059 intus
683 1033 733 1058 aut
763 1030 833 1058 soris
862 1032 981 1058 conten-

236 1077 333 1114 derit3

277 1135 336 1156 vm.
355 1127 384 1156 Si
401 1127 466 1166 quis
482 1132 593 1157 secreta
611 1127 873 1165 congregationum
893 1137 981 1165 gene-

238 1175 319 1212 ralis,
338 1175 582 1213 hegumenorum,
608 1177 775 1214 provinciae
794 1180 821 1205 et
837 1181 981 1205 monaste-

236 1223 349 1253 riorum
378 1224 444 1253 aliis
473 1224 625 1253 monachis
655 1224 716 1253 sive
749 1225 888 1263 professis
920 1225 980 1253 sive

237 1273 368 1311 novitiis⁷
394 1274 440 1303 vel
464 1274 550 1303 etiam
573 1275 714 1311 externis,
739 1279 847 1303 temere
871 1274 980 1303 revela-

238 1323 312 1352 verit
327 1334 334 1359 ;

278 1382 318 1401 lx.
343 1372 373 1401 Si
396 1372 462 1412 quis
484 1373 610 1402 decretis
638 1373 899 1410 congregationum
929 1382 980 1402 an-

238 1421 411 1450 tedictarum
443 1431 506 1450 sese
540 1422 731 1460 opposuerit,
755 1427 805 1451 aut
835 1422 981 1460 superiori

238 1470 429 1509 praecipienti
452 1470 562 1508 aliquid
588 1470 615 1499 in
641 1470 749 1500 virtute
772 1476 890 1500 sanctae
913 1470 981 1500 obe-

237 1518 364 1548 dientiae
386 1519 617 1555 contradixerit;

278 1577 306 1597 x.
331 1568 360 1598 Si
383 1568 449 1607 quis
473 1568 602 1607 praelato
618 1569 819 1598 eeclesiastico
835 1573 885 1598 aut
902 1570 981 1608 prin-

237 1617 296 1656 cipi
319 1617 474 1653 saeculari,
500 1617 528 1646 in
552 1617 594 1646 eis
613 1627 687 1656 quae
702 1618 736 1646 ad
755 1618 819 1646 illos
835 1622 978 1657 spectant,

237 1666 411 1696 inobediens
434 1672 462 1696 et
485 1672 642 1696 contumax
666 1667 809 1697 extiterit.

318 1715 373 1744 Pro
396 1715 564 1744 huiusmodi
587 1721 615 1744 et.
641 1716 789 1745 similibus
815 1717 910 1755 culpis
938 1717 982 1745 in-

237 1764 397 1802 iungantur
421 1764 550 1793 ieiunia:
576 1765 645 1794 item
669 1765 836 1803 assignetur
859 1765 981 1795 ultimus

237 1813 336 1850 locus;
362 1814 516 1853 prostratio
538 1818 605 1843 ante
629 1814 704 1843 fores
733 1815 833 1853 templi
863 1815 905 1844 vel
937 1824 981 1844 re-

240 1862 354 1892 l'ectorii
374 1863 416 1892 vel
440 1863 533 1899 chori,
557 1863 625 1892 dum
649 1864 755 1892 fratres
778 1863 912 1899 inirant;
937 1874 980 1892 se-

237 1911 349 1941 iunctio
381 1917 431 1941 aut
463 1913 656 1950 sequestratio
679 1922 693 1942 a
722 1912 882 1949 fratribus,
907 1913 981 1942 itaut

238 1959 335 1988 nullus
358 1960 480 1990 fratrum
503 1961 608 1990 audeat
627 1970 657 1989 se
673 1961 715 1989 illi
733 1962 912 1999 coniungere
936 1962 979 1991 vel

237 2008 356 2047 aliquod
380 2009 406 2038 ei
429 2009 559 2046 mittere,
583 2019 636 2039 nec
660 2014 782 2039 vocetur
805 2010 838 2039 ad
863 2010 979 2049 aliquod

237 2058 366 2087 osticium
389 2058 417 2087 in
442 2058 567 2088 ecclesia
601 2059 644 2088 vel
677 2059 704 2087 in
739 2059 849 2091 choro:
879 2070 978 2089 mensa

238 2112 366 2144 ponetur
398 2107 492 2136 eidem
526 2112 731 2146 sequestrata,
757 2117 792 2136 ne
815 2117 881 2137 cum
914 2109 980 2137 aliis

238 2156 486 2192 commisceatur;
517 2156 633 2185 demum
659 2157 785 2195 privatio
809 2157 888 2186 vocis
910 2158 981 2186 acti-

239 2213 290 2233 vae
312 2209 339 2233 et
363 2205 494 2243 passivae
518 2205 546 2234 in
571 2205 671 2234 stricta
697 2206 788 2234 forma
813 2208 846 2234 ad
871 2206 981 2245 aliquot

238 2262 331 2283 annos
353 2254 534 2291 injungatur.
560 2254 601 2283 lix
627 2254 785 2292 praedictis
802 2259 899 2284 antem
917 2264 981 2293 poc-

237 2302 284 2331 nis
302 2302 447 2341 superior,
465 2312 531 2332 cum
549 2303 670 2332 consilio
686 2303 834 2332 seniorum
852 2307 978 2341 patrum,

237 2350 321 2389 plura
346 2351 390 2380 vel
414 2351 562 2389 pauciora,
581 2351 695 2389 longius
720 2352 761 2380 rel
787 2351 916 2389 brevius,
937 2353 980 2381 iu-

239 2403 284 2429 xta
309 2400 423 2438 culpam
448 2401 608 2439 poenitenti
634 2401 776 2438 imponat.

237 2449 308 2478 CM*-
334 2448 379 2478 Vl.
405 2467 440 2470 —
476 2448 514 2477 He
533 2450 700 2486 gravissima
722 2449 805 2486 collui
828 2456 851 2478 e!
878 2453 977 2489 poena.

278 2498 456 2527 Gravissima
474 2498 557 2536 culpa
574 2502 617 2527 est
633 2508 638 2526 :

279 2556 298 2576 1.
323 2547 352 2576 Si
379 2547 444 2586 quis
470 2547 613 2576 haeresim
645 2553 694 2577 aut
727 2548 851 2578 schisma
878 2554 978 2579 contra

240 2605 347 2633 unam,
372 2601 518 2633 sanctam,
543 2596 715 2626 catholicam
738 2602 763 2626 et
788 2598 977 2636 apostolicam

1028 250 1187 280 Ecclesiam
1213 256 1330 281 secutus
1360 252 1463 287 suerit,
1486 257 1535 281 aut
1567 262 1581 281 a
1615 252 1670 282 side
1692 252 1769 281 chri-

1027 299 1123 328 stiana
1143 300 1302 336 dei'ecerit3

1066 356 1096 376 n.
1121 347 1149 377 Si
1173 348 1208 378 ab
1224 348 1332 378 Ordine
1355 353 1454 379 nostro
1478 354 1541 388 post
1558 350 1767 389 professionem

1026 397 1246 434 apostataverit,
1271 397 1392 427 dimisso
1415 398 1458 427 vel
1479 402 1593 428 retento
1617 398 1739 433 habitu,

1068 452 1108 472 ιιι.
1133 444 1160 473 Si
1184 445 1251 483 quis
1274 446 1487 484 proprietarius
1510 446 1597 476 suerit
1625 447 1655 475 in
1680 456 1768 485 pecu-

1027 492 1089 529 nia,
1110 492 1205 530 libris,
1225 494 1366 530 vestibus,
1384 500 1433 524 aut
1455 504 1487 524 re
1509 495 1564 524 alia
1587 496 1684 533 magni
1709 505 1767 524 mo-

1027 541 1139 577 menti,
1165 546 1222 570 tam
1247 542 1439 581 recipiendo,
1464 553 1550 582 quam
1581 544 1698 580 dando,
1723 545 1766 574 vel

1026 588 1182 618 alienando
1197 600 1204 625 3

1066 646 1104 666 lv.
1129 639 1158 667 Si
1176 639 1241 677 quis
1256 640 1383 676 graviter
1402 640 1518 669 fratrem
1537 641 1580 670 vel
1596 645 1767 670 extraneum

1027 696 1243 726 quemcumque
1278 689 1478 727 percusserit,
1502 694 1530 719 et
1552 690 1657 719 leviter
1679 690 1766 719 etiam

1026 736 1221 774 superiorem,
1246 737 1332 775 idque
1355 737 1430 766 irato
1452 738 1570 774 animo3

1066 793 1092 813 v.
1117 785 1145 814 Si
1169 786 1235 825 quis
1258 786 1387 824 sigillum
1410 788 1603 817 confessionis
1625 788 1766 825 fregerim

1066 842 1104 863 Vi.
1128 834 1157 863 Si
1180 835 1246 873 quis
1268 835 1382 864 litteras
1405 836 1523 865 nomine
1545 836 1659 866 abbatis
1681 846 1768 874 gene-

1026 883 1106 921 ralis,
1131 884 1375 922 hegumenorum,
1396 885 1509 914 abbatis
1533 886 1700 924 provinciae
1718 887 1767 915 ‘vel

1026 933 1219 970 monasterii,
1243 938 1293 963 aut
1316 934 1451 963 monachi
1474 934 1597 964 alicuius
1633 934 1676 963 vel
1708 944 1769 964 mo-

1026 981 1187 1011 nachorum
1211 982 1378 1019 confixerit,
1403 983 1464 1012 sive
1488 992 1536 1012 eas
1560 983 1655 1021 sigillo
1679 983 1768 1013 officii

1025 1034 1075 1059 aut
1097 1030 1247 1068 dignitatis
1270 1032 1314 1060 vel
1339 1041 1481 1070 personae
1504 1032 1683 1069 firmaverit,
1707 1032 1768 1062 sive

1025 1087 1101 1108 non:
1126 1079 1195 1109 item
1218 1080 1268 1119 qui
1290 1080 1414 1118 litteras,
1432 1081 1467 1110 ad
1490 1080 1624 1110 abbatem
1648 1090 1769 1118 genera-

1026 1127 1082 1156 lem
1116 1133 1166 1158 ant
1201 1129 1382 1166 hegumenos
1406 1130 1551 1167 directas,
1576 1130 1768 1170 interceperit

1026 1181 1075 1205 aut
1097 1178 1248 1216 aperuerit
1269 1182 1297 1207 et
1320 1178 1448 1216 legerit;

1067 1234 1114 1255 vn.
1139 1226 1167 1255 δί
1202 1227 1267 1265 quis
1298 1227 1491 1265 veneficium,
1516 1228 1765 1265 incantationem,

1025 1275 1223 1312 sortilegium,
1250 1276 1494 1311 necromantiam,
1525 1281 1574 1306 aut
1596 1286 1766 1316 quamcum-

1026 1333 1082 1362 que
1104 1323 1189 1352 aliam
1213 1324 1320 1354 diaboli
1344 1325 1558 1354 invocationem
1582 1326 1765 1363 exercuerit3

1066 1380 1125 1401 vni.
1150 1372 1178 1402 Si
1202 1373 1267 1412 quis
1290 1373 1440 1412 publicum
1465 1375 1634 1404 scandalum
1658 1375 1701 1404 vel
1724 1375 1768 1404 in-

1026 1421 1143 1450 famiam
1167 1431 1284 1459 gravem
1308 1422 1408 1451 (lrclini
1438 1423 1539 1452 fecerit
1568 1433 1619 1462 per
1646 1424 1768 1453 manife-

1025 1474 1102 1500 stum
1120 1471 1233 1510 lapsum
1251 1472 1349 1501 carnis
1364 1473 1576 1512 cuiuscumque
1591 1473 1700 1512 speciei
1715 1474 1767 1507 siu

1065 1530 1103 1550 lx.
1139 1520 1167 1549 Si
1198 1520 1264 1559 quis
1297 1521 1424 1559 maligne
1456 1522 1703 1561 conspirationem
1736 1523 1766 1552 in

1025 1569 1208 1607 superiorem
1231 1578 1316 1598 suum
1340 1570 1524 1600 machinatus
1547 1572 1655 1607 l'uerit;

1067 1628 1094 1647 x.
1118 1618 1147 1648 δί
1170 1619 1235 1657 quis
1258 1619 1492 1649 machinationes
1508 1624 1535 1649 et
1551 1620 1709 1650 schismata
1732 1621 1766 1650 ad

1024 1667 1253 1697 ‹lt-structionem
1278 1668 1319 1697 vel
1344 1668 1516 1698 divisionem
1533 1669 1652 1699 Ordinis
1674 1675 1769 1700 atten-

1027 1717 1130 1745 taverit
1144 1727 1151 1750 ;

1065 1775 1103 1795 xi.
1128 1767 1156 1795 δί
1185 1766 1252 1805 quis
1284 1776 1297 1795 a
1332 1767 1518 1805 superiorum
1551 1768 1700 1797 sententia
1732 1768 1766 1797 ad

1025 1815 1182 1845 tribunalia
1206 1815 1366 1844 saecularia
1390 1816 1537 1854 appellan¹
1560 1821 1610 1846 aut.
1632 1817 1767 1855 confuge-

1026 1874 1055 1893 re
1079 1874 1167 1893 ausus
1190 1865 1296 1894 suerit:
1321 1865 1396 1903 quod
1420 1865 1444 1894 si
1467 1865 1502 1894 ah
1525 1865 1629 1895 ahbate
1651 1867 1767 1904 gravari

1024 1923 1054 1941 se
1079 1913 1287 1952 praetenderit„
1311 1914 1344 1942 ad
1368 1913 1501 1942 abbatem
1525 1915 1693 1952 generalem
1716 1920 1766 1944 aut

1024 1961 1280 1999 congregationmn
1304 1962 1548 1998 hegumenorum,
1573 1963 1616 1992 vel
1640 1963 1674 1992 ad
1698 1973 1766 1993 con-

1023 2011 1223 2048 gregationem
1240 2010 1405 2047 generalem
1423 2016 1557 2041 recurrat
1570 2023 1577 2049 ς
1589 2016 1616 2041 et
1630 2012 1653 2040 si
1670 2012 1765 2042 adhuc

1024 2059 1059 2088 ab
1083 2060 1127 2088 his
1162 2059 1359 2098 piaetenderit
1389 2069 1418 2088 se
1452 2060 1584 2097 gravari,
1610 2070 1764 2090 recurrere

1025 2108 1129 2146 poterit
1152 2108 1186 2137 ad
1211 2108 1405 2146 patriarcham
1431 2112 1480 2137 aut
1504 2109 1666 2138 l'iomanmn
1691 2109 1766 2139 l'on-

1023 2157 1129 2186 tilicem
1145 2167 1151 2189 ;

1065 2215 1101 2235 λι.
1125 2206 1153 2235 δί
1178 2206 1242 2245 quis
1266 2205 1397 2234 ordinem
1426 2206 1553 2244 aliquem
1585 2207 1766 2236 ecclesiasti-

1023 2266 1088 2284 cum
1112 2256 1175 2284 sine
1199 2256 1385 2294 superiorum
1410 2255 1529 2284 licentia
1558 2255 1593 2284 ah
1627 2256 1765 2295 episcopo

1023 2306 1189 2343 acceperit,
1214 2308 1262 2333 aut
1285 2304 1348 2333 sine
1376 2304 1496 2333 licentia
1527 2304 1655 2343 episcopi
1686 2305 1764 2334 ordi-

1024 2354 1097 2383 narii
1120 2363 1208 2383 ausus
1231 2353 1315 2382 fuerit
1339 2353 1373 2382 ad
1397 2354 1561 2382 saeculares
1584 2354 1764 2389 concionari,

1023 2413 1124 2432 eorum
1148 2403 1347 2432 contessiones
1371 2403 1483 2440 amlire,
1508 2414 1522 2431 a
1546 2403 1662 2432 casilms
1681 2404 1764 2433 Ordi-

1023 2452 1105 2481 nario
1129 2452 1297 2488 reservatis,
1322 2452 1417 2480 scions
1440 2456 1467 2480 ot
1491 2452 1601 2489 volens,
1627 2452 1691 2481 illos
1714 2452 1764 2481 ab·

1022 2501 1145 2533 solvere,
1168 2505 1217 2530 aut
1240 2505 1420 2529 sacramenta
1444 2500 1592 2539 baptismi,
1615 2506 1764 2531 extremae

1024 2550 1170 2579 unctionis
1194 2549 1237 2578 vel
1262 2549 1441 2578 matrimonii
1460 2550 1666 2580 administrare
1682 2560 1688 2579 1
1706 2560 1763 2579 uno

1024 2598 1122 2635 verbo,
1147 2598 1307 2628 ministeria
1333 2598 1451 2637 parochi
1474 2598 1564 2628 obire.

1669 194 1734 227 379
1782 205 1830 229 An.
1848 203 1876 230 C.
1896 203 1964 230 1732
