2182 3137
845 220 988 244 CLEMENS

240 273 297 304 nisi
319 283 335 303 a
358 277 499 312 tempore,
516 281 574 311 quo
597 271 632 300 ad
655 268 866 300 monasterium
888 277 987 297 rever-

240 326 364 352 tuntur:
388 321 461 351 itaut
483 322 543 349 sint
565 318 717 349 novissimi
739 317 870 347 omnium
887 325 987 345 mona-

240 371 375 407 chorum,
389 379 462 409 quos
473 373 606 407 tempore
622 367 667 396 sui
683 365 796 395 reditus
819 364 848 394 in
871 372 987 393 monas-

240 419 314 449 terio
338 417 514 448 invenerint.
533 416 686 446 Praeterea
709 413 837 444 secundo
859 412 985 451 fugitivi,

239 467 296 496 nisi
319 471 384 505 post
406 465 560 495 duodecim
584 473 676 493 annos
691 473 705 492 a
725 467 855 501 tempore
878 461 922 490 sui
942 470 985 490 re-

239 524 358 553 gressus
374 514 409 543 ad
433 513 646 543 monasterium
671 511 833 550 completos
857 509 986 540 ordinari

239 572 298 592 non
323 563 456 601 possint;
477 566 505 591 et
527 562 551 591 si
576 561 703 591 ordinati
726 560 784 589 iam
807 559 928 597 fuerint,
952 557 987 587 ab

239 611 379 642 exercitio
413 610 549 640 ordinum
578 609 656 639 dicto
679 613 811 648 tempore
834 608 892 638 sint
922 616 985 637 sus-

240 659 333 700 pensi.
368 659 465 689 Tertio
494 667 564 688 vero
602 657 718 696 fugitivi
751 657 781 687 in
814 660 986 696 perpetuum

240 706 305 738 non*
322 708 518 744 ordinentur,
543 707 588 736 vel
611 706 647 736 ab
678 705 823 736 exercitio
850 704 986 734 ordinum

240 761 444 796 susceptorum
458 760 598 795 perpetuo
611 755 840 794 suspendantur.
855 753 905 784 Sin
918 762 987 782 vero

240 806 351 836 fuerint
374 806 478 835 fratres
501 805 580 842 laici,
605 814 656 844 pro
679 804 806 834 secunda
829 804 896 841 suga
918 803 989 832 duo-

242 855 336 885 decim
359 855 463 891 annis,
488 864 541 893 pro
564 854 650 884 terti-‘i
673 863 741 883 vero
770 855 911 892 perpetuo
934 851 988 880 sub

241 903 396 943 disciplina
429 902 561 941 magistri
595 901 772 932 novitiorum
806 900 990 940 indispensa-

240 952 339 982 biliter
360 952 500 982 existant.

283 1009 320 1030 vi.
355 1001 488 1030 Monachi
518 999 652 1038 fugitivi,
676 999 724 1038 qui
756 998 867 1037 aliquid
901 997 989 1037 pretii

242 1054 291 1080 aut
307 1050 416 1079 valoris
433 1059 447 1079 a
464 1049 644 1079 monasterio
661 1048 788 1078 ablatum
807 1056 906 1077 secum
924 1056 990 1086 por-

242 1099 380 1136 taverint,
404 1107 455 1127 seu
478 1098 547 1136 fuga
573 1097 697 1127 durante
719 1096 791 1126 illud
814 1095 989 1126 abstulerint

244 1157 259 1178 a
284 1147 412 1187 propriis
435 1146 634 1183 monasteriis,
659 1150 800 1185 perpetuo
823 1154 837 1174 a
861 1144 989 1184 capitulo

243 1196 396 1235 generali,
421 1197 445 1226 si
468 1196 626 1235 expediens
648 1195 817 1231 videbitur,
841 1193 990 1224 eliminari

243 1247 367 1286 possint,
387 1251 475 1285 atque
497 1246 526 1275 in
550 1245 748 1282 monasteriis,
765 1244 800 1274 ad
816 1253 891 1283 quae
908 1243 989 1273 missi

243 1295 363 1333 fuerint,
394 1296 489 1334 poena
511 1294 654 1333 gravioris
677 1294 781 1332 culpae
805 1302 857 1332 per
879 1302 989 1322 annum

243 1343 515 1383 indispensabiliter
538 1344 708 1383 puniantur

73 1414 188 1440 Quinquies
203 1414 234 1434 fu,
284 1393 512 1429 v11.lllonacl1i,
545 1392 594 1432 qui
628 1391 728 1421 habitu
761 1391 882 1421 dimisso
914 1391 990 1420 ultra

48 1441 234 1494 ffiffggggg‘ffl
245 1443 377 1482 quinque
400 1442 478 1472 vices
507 1442 623 1479 fugitivi
651 1441 781 1478 fuerint,
805 1440 990 1478 incorrigibi-

46 1493 129 1515 mendi.
245 1492 317 1521 lium
340 1492 432 1531 poena
456 1490 552 1530 puniri
583 1490 720 1520 debeant.
749 1490 799 1519 Sin
824 1498 892 1518 vero
914 1489 989 1527 fugi-

246 1541 298 1570 tivi
322 1541 512 1580 quicumque,
535 1543 690 1578 antequam
714 1549 727 1568 a
753 1539 923 1569 monasterii
947 1548 991 1568 se-

246 1590 304 1629 ptis
326 1589 437 1628 egressi
468 1589 598 1626 fuerint,
623 1588 796 1627 capiantur,
821 1588 850 1617 in
884 1597 991 1627 poenas

249 1639 338 1669 huius
360 1638 578 1668 constitutionis
599 1637 730 1674 fugitivis
757 1637 909 1675 impositas
933 1646 990 1666 non

246 1688 423 1725 incurrant,
455 1687 585 1726 priorum
620 1690 715 1715 tamen
745 1685 868 1715 arbitrio
891 1686 990 1725 puniri

246 1737 370 1776 possint.

288 1795 349 1816 vni.
374 1785 422 1822 Si,
446 1789 601 1825 praetextu
623 1785 789 1815 litterarum
822 1784 994 1824 apostolica-

247 1846 312 1866 rum
329 1836 365 1865 ab
387 1835 438 1865 illo
460 1834 657 1870 obtentarum,
674 1834 709 1863 ad
725 1833 809 1863 villas
824 1833 870 1863 vel
885 1833 991 1872 oppida

250 1884 437 1914 monasteriis
459 1882 680 1913 circumvicinia
703 1882 811 1921 aliquis
833 1882 994 1911 monachus

251 1934 343 1964 nostri
368 1933 486 1963 Ordinis
511 1932 649 1970 fugitivus
682 1941 747 1961 cum
776 1931 877 1960 habitu
900 1931 993 1960 nostri

251 1982 294 2012 vel
318 1981 439 2011 alterius
461 1981 611 2018 religionis
643 1985 694 2009 aut
725 1980 868 2009 saeculari
893 1989 993 2018 perve-

250 2031 338 2066 nerit,
356 2035 406 2059 aut
428 2030 456 2059 in
480 2030 539 2058 illis
562 2038 666 2067 vagare
690 2033 717 2058 et
739 2038 858 2058 manere
874 2038 996 2067 quomu-

250 2079 359 2110 dolibct
391 2079 642 2118 praesumpserit,
666 2077 791 2116 priores,
810 2078 912 2107 vicarii
935 2078 995 2107 sive

251 2128 465 2166 praesidentes,
480 2127 576 2157 statim
594 2126 628 2155 ad
644 2126 833 2156 Ordinarium
851 2127 994 2156 (lictorum

251 2177 382 2206 locorum
395 2176 546 2212 accedant,
561 2179 600 2213 et,
614 2175 723 2204 nostris
739 2176 900 2215 privilegiis
913 2182 997 2207 nten-

252 2231 307 2264 tes,
325 2225 359 2255 ab
376 2235 409 2255 eo
425 2229 524 2264 petant
547 2229 578 2254 ut
601 2224 725 2263 fugitivo
741 2226 903 2265 praecipiat
918 2226 994 2265 qnod

253 2274 364 2304 litteras
387 2274 562 2313 apostolicas
594 2283 690 2304 coram
724 2274 774 2304 illo
807 2280 995 2314 praesentet,

253 2327 514 2362 praesentatasque
537 2323 701 2353 examinari
725 2328 840 2353 curent.
861 2324 892 2353 Et
917 2325 940 2354 si
967 2325 996 2354 in

253 2371 389 2400 examine
421 2372 567 2409 legitimas
595 2372 657 2410 ipse
679 2371 852 2401 Ordinarius
875 2382 932 2402 non
956 2373 998 2402 in-

254 2420 386 2458 venerit,
411 2419 465 2449 sihi
490 2420 561 2458 ipsis
589 2425 695 2450 curent
724 2421 880 2458 fugitivum
903 2422 998 2451 consi-

254 2469 351 2507 gnari.
369 2469 561 2507 Consignatus
577 2478 657 2506 vero,
676 2470 788 2499 carceri
805 2471 998 2509 mancipetur,

38 229 94 256 An.
110 226 139 254 G.
161 225 229 253 ¹730

62 1018 144 1038 Poenae
156 1019 229 1037 contra

44 1045 145 1070 'iugitiws
170 1050 203 1064 res
219 1050 230 1063 a

51 1070 180 1093 monasteriis
198 1076 231 1090 as-

44 1099 162 1126 ¹pen-tannes.

96 1803 127 1825 De
142 1804 235 1830 fugitiiis

52 1833 163 1857 praetextu
181 1831 236 1851 titte-

51 1862 124 1878 rarum
148 1860 237 1885 aposto-

54 1883 153 1908 beai-um.

255 2518 347 2548 donec
370 2522 453 2557 pater
479 2518 624 2555 generalis
645 2518 681 2547 de
703 2518 754 2548 illo
776 2519 912 2549 conscius
934 2528 1000 2559 pro-

257 2567 354 2596 videat
373 2567 449 2605 quod
474 2567 528 2605 ipsi
556 2566 647 2604 inagis
669 2567 830 2606 expediens
852 2568 998 2597 videatur.

255 2614 308 2645 Sin
332 2620 427 2645 antem
454 2615 568 2645 litterae
585 2615 762 2653 apostolicae
784 2615 932 2653 legitimae
956 2626 1001 2645 re-

1013 220 1059 243 xn
1085 221 1135 244 PP.
1670 209 1731 242 111
1782 218 1833 246 An.
1849 218 1881 246 C.
1903 218 1991 246 ¹730*

1029 272 1127 307 pertae
1150 269 1277 305 suerint,
1298 279 1312 299 a
1336 269 1414 299 dicto
1437 268 1593 300 Ordinario
1615 270 1716 307 petant
1740 270 1775 296 ut.

1028 317 1105 346 dicto
1129 318 1251 356 fugitivo
1281 319 1444 358 praecipiat
1465 328 1480 348 a
1503 318 1628 348 circuitu
1658 320 1775 346 nostro-

1028 375 1092 395 rum
1107 366 1365 404 monasteriorum,
1379 367 1515 406 villisque
1527 371 1556 396 et
1572 365 1686 405 oppidis
1701 359 1775 404 ip'sis

1029 414 1204 451 convicinis,
1222 414 1370 452 recedere,
1395 415 1471 444 sicut
1492 415 1522 444 in
1546 413 1707 454 privilegiis
1723 422 1776 443 no-

1029 465 1104 491 strae
1127 462 1279 500 religionis
1298 463 1473 501 disponitur.

1243 540 1442 568 Coxsnrrrio
1464 538 1558 568 XLIV.

1068 609 1190 639 Novitios
1212 610 1345 648 fuqz'tiuos
1371 614 1396 638 et
1418 619 1600 648 quascumque
1622 610 1692 639 alias
1712 618 1776 647 per·
1786 623 1846 647 Quod
1864 623 1970 649 spolietur

1029 668 1118 692 sonas,
1136 668 1216 696 (June,
1234 658 1321 687 nostri
1337 657 1450 687 Ordinis
1474 667 1526 686 non
1548 659 1702 693 miscentes,
1728 660 1776 689 Iza-
1786 650 1872 697 ξ’)ἶὲζᾞς
1887 650 1972 702 ,ωὲἑξ

1030 708 1115 737 hilum
1137 711 1259 736 nostrvm
1286 712 1407 746 portant,
1442 707 1556 745 quilibet
1587 713 1677 737 noster
1695 703 1972 749 priorggsshsluse‘ffiiuffiffi

1030 756 1071 785 vel
1092 756 1241 785 monachus
1271 760 1360 784 nostro
1387 755 1502 792 habitu,
1526 766 1576 794 quo
1605 757 1717 795 indique
1738 762 1777 787 te-

1027 809 1144 843 guntur,
1177 804 1320 843 expoliare
1342 804 1384 833 vel
1405 804 1545 843 expoliari
1565 807 1658 843 facere
1678 807 1775 845 possit.

1251 880 1445 910 Coxsrirt'rio
1468 879 1550 909 XLV.

1071 953 1197 982 andari
1219 953 1416 981 monasterium
1448 952 1559 991 aliquod
1580 952 1612 981 de
1634 962 1701 981 novo
1724 962 1779 982 non
1803 966 1832 986 ne
1849 966 1973 986 fundatione

1031 1002 1118 1031 valeat
1137 1011 1189 1041 per
1213 1001 1298 1030 ullam
1318 1010 1465 1040 personam
1489 1001 1574 1030 nostri
1591 1000 1704 1030 Ordinis
1719 1001 1779 1030 abs·
1789 992 1975 1040 {ffl'ffineeessuffss‘ss

1031 1061 1082 1089 qne
1103 1050 1221 1089 capituli
1240 1049 1377 1087 generalis
1397 1049 1441 1078 vel
1462 1050 1637 1088 definitorum
1655 1050 1778 1079 omnium
1789 1049 1891 1094 {ffij'ffsm
1906 1047 1972 1066 ⁰⁰⁵¹‘¹

1032 1100 1144 1128 licentis?
1166 1099 1280 1137 speciali
1302 1103 1327 1127 et
1349 1098 1487 1127 mandato.
1504 1098 1540 1127 Ec
1561 1102 1625 1127 {nnc
1647 1098 1702 1127 tale
1723 1098 1779 1127 mo-

1031 1149 1183 1177 nasterium
1205 1148 1389 1186 sufficientem
1411 1148 1446 1176 ad
1460 1149 1551 1176 minus
1570 1157 1622 1186 pro
1636 1148 1731 1186 priore
1752 1152 1779 1177 el

1032 1197 1170 1225 duodecim
1196 1196 1334 1224 monachis
1366 1195 1442 1224 debet
1475 1195 1571 1224 habere
1593 1196 1692 1229 dotem,
1716 1205 1779 1234 qno-

1033 1246 1108 1274 niam
1131 1247 1159 1274 in
1182 1245 1284 1275 minori
1302 1254 1412 1273 numero
1427 1245 1521 1283 nequit
1538 1243 1635 1282 religio
1650 1245 1779 1274 decenter

1032 1298 1057 1323 et
1079 1294 1213 1323 ronzrnmle
1235 1294 1385 1323 observari.
1418 1292 1496 1322 Hanc
1528 1293 1668 1331 fundandi
1691 1293 1778 1322 licen-

1033 1342 1100 1371 (iam
1119 1347 1200 1381 paler
1215 1342 1354 1380 generalis
1371 1344 1426 1371 umt
1446 1351 1508 1371 cum
1528 1343 1640 1380 privato
1656 1341 1778 1380 capitulo

1033 1392 1108 1420 intra
1130 1391 1283 1420 trientiium
1302 1394 1417 1430 possunt
1439 1390 1515 1419 dare.
1549 1389 1602 1420 Sed
1624 1391 1779 1420 destitutio-

1033 1450 1095 1469 nem
1117 1444 1141 1469 el
1159 1441 1286 1469 unionem
1302 1449 1535 1478 quorumcumque
1550 1442 1779 1469 monasteriorum

1035 1493 1189 1518 nostrorum
1211 1489 1377 1518 solumnodo
1396 1488 1521 1527 yenerali
1547 1488 1668 1528 capitulo
1691 1498 1781 1518 reser-

1035 1548 1140 1567 rcmws.

1274 1621 1537 1642 EXTRAVAGANTES.

1076 1696 1094 1716 1.
1120 1687 1193 1716 Cum
1217 1686 1301 1715 valde
1330 1685 1466 1724 expediat
1497 1685 1574 1725 quod
1602 1685 1704 1715 domus
1730 1695 1977 1726 no-Qmmqujm.

1036 1745 1098 1771 vae,
1116 1745 1190 1774 quae
1207 1735 1337 1764 redditus
1360 1735 1540 1764 sufficientes
1555 1739 1583 1764 et
1598 1735 1780 1764 commodam
1791 1727 1976 1775 {¹¹2‘s³,‘,¹0,sg¹5²¹⁶3¹0¹j

1036 1785 1247 1814 habitationem
1261 1793 1314 1823 pro
1330 1783 1483 1813 duodecim
1497 1784 1646 1813 monachis
1662 1789 1690 1814 et
1707 1785 1783 1823 prio·
1794 1787 1846 1802 '⁰¹¹³-

1037 1844 1068 1864 re
1084 1833 1203 1871 liabent,
1221 1833 1251 1863 in
1265 1833 1443 1863 monasteria
1460 1833 1592 1862 formalia
1608 1833 1780 1871 erigantur3

1037 1892 1119 1912 sacra
1143 1883 1339 1920 Congregatio
1355 1882 1384 1912 S.
1402 1882 1438 1912 R.
1456 1882 1487 1911 E.
1513 1881 1704 1911 cardinalium
1732 1891 1785 1912 ne-

1037 1933 1124 1970 gotiis
1141 1932 1346 1971 episcoporum
1363 1935 1391 1961 et
1412 1931 1592 1969 regularium
1617 1931 1784 1970 praeposita

1039 1986 1149 2021 patrem
1173 1981 1342 2018 generalem
1366 1984 1394 2010 et
1410 1980 1570 2019 capitulum
1586 1979 1722 2017 generale
1741 1989 1786 2009 se-

1039 2030 1082 2059 rio
1100 2033 1209 2065 monet,
1227 2029 1359 2068 ipsisque
1380 2028 1519 2066 iniungit,
1537 2029 1613 2067 quod
1630 2029 1786 2067 invigilent

1039 2087 1127 2118 super
1149 2078 1226 2107 (licta
1250 2077 1416 2115 erectione,
1442 2077 1641 2106 visitatoribus
1663 2086 1784 2115 genera-

1039 2127 1115 2157 libus
1139 2126 1325 2157 committant
1356 2129 1388 2155 ut
1410 2125 1444 2155 de
1467 2129 1543 2155 statu
1567 2126 1784 2164 praedictarum

1039 2185 1181 2206 novarum
1215 2175 1368 2205 domorum
1401 2174 1625 2204 informationes
1647 2174 1784 2213 capiant,

1039 2225 1217 2255 erectionem
1235 2227 1434 2263 promoveant,
1452 2227 1491 2260 et,
1509 2223 1625 2262 quando
1641 2222 1785 2261 requisita

1040 2274 1216 2304 sufficientia
1240 2276 1429 2309 concurrant,
1446 2272 1541 2311 ipsum
1558 2271 1719 2310 capitulum
1735 2280 1787 2309 ge-

1040 2323 1151 2360 nerale,
1175 2321 1299 2351 servatis
1321 2320 1496 2358 servandis,
1523 2320 1699 2359 praedictam
1722 2329 1787 2349 ere-

1041 2373 1166 2402 ctionem
1191 2371 1292 2406 faciat,
1316 2370 1360 2399 vel
1384 2370 1482 2406 etiam,
1508 2369 1653 2398 mediante
1676 2369 1786 2399 unione

1041 2422 1128 2451 nnius
1144 2430 1210 2450 cum
1234 2420 1328 2449 altera
1344 2428 1484 2448 novarum
1508 2418 1673 2453 domorum,
1699 2422 1786 2456 prout

1042 2470 1096 2500 sibi
1113 2469 1251 2509 expedire
1274 2467 1433 2504 videbitur,
1453 2466 1621 2505 provideat:
1638 2466 1672 2496 ad
1696 2476 1785 2506 quem

1042 2518 1176 2548 effectum
1201 2517 1332 2546 redditus
1349 2519 1376 2545 et
1393 2519 1550 2554 proventus
1573 2515 1718 2545 dictarum
1734 2525 1786 2546 no-

1043 2576 1143 2596 varum
1176 2567 1328 2595 domorum
1363 2569 1445 2594 extra
1477 2564 1593 2594 casdem
1623 2564 1726 2594 domus
1754 2565 1784 2594 in

1043 2616 1115 2645 alias
1138 2623 1338 2654 quascumque
1361 2623 1465 2644 causas
1488 2624 1544 2644 non
1568 2614 1786 2652 distrabantur,
