2182 3137
162 262 212 288 Λη.
230 260 344 289 C.1733

189 469 217 488 De
234 468 345 488 consuma-

173 497 217 514 itrw
237 497 346 514 vlt-ritimis

161 524 250 541 inum-tii
282 527 328 545 get

189 1100 210 1120 ΕΙ
223 1101 344 1121 rsmnvizea-

161 1128 185 1147 rii
202 1134 212 1153 g
222 1128 317 1150 wit-ralis,

203 1251 226 1270 Et
249 1250 345 1271 tlt-liuzts-

391 251 454 285 556

356 311 482 339 ctionem
505 310 548 339 vel
565 309 776 349 depositionem
793 309 921 340 ministri
937 310 1093 349 generalis,

356 359 379 387 si
404 359 431 388 in
456 359 505 388 illo
529 359 668 389 sexennio
685 368 757 398 opus
775 359 873 397 suerit,
891 364 922 389 ut
940 359 968 389 in
987 359 1095 389 nostris

357 407 616 437 constitutionibus
638 411 776 437 statutum
800 408 936 437 liabetur.

397 464 494 485 xxxiv.
519 456 598 490 Quod
622 460 717 486 cetera
742 457 838 486 omnia
863 457 950 493 fiant,
975 460 1094 486 cuncta-

330 513 412 541 .-que
435 504 579 541 ligantur,
604 509 635 533 ut.
658 505 747 533 moris
770 508 824 541 est,
846 509 931 544 prout
953 514 966 533 a
985 504 1094 534 nostris

357 552 617 581 constitutionibus
639 557 682 582 est
704 553 899 592 dispositum,
925 558 991 582 ante
1025 562 1094 582 con-

356 601 548 630 firmationes.
574 601 606 630 Et
629 601 675 631 liis
698 602 840 640 peractis,
866 611 983 641 praeses
1015 601 1093 640 capi-

356 649 408 678 tuli
431 649 561 688 imponat
585 655 792 689 praeceptum,
817 650 905 690 (pind,
929 650 1009 680 iuxta
1033 659 1095 679 eas-

356 697 421 726 dem
445 698 682 735 constitutiones,
707 704 737 729 ut
755 700 842 729 moris
859 703 913 737 est,
934 699 1095 738 imponitur

355 747 388 775 ad
420 746 625 786 impedimenta
659 748 843 786 detegenda;
878 747 1017 786 nulloque
1051 748 1093 777 iu-

354 799 462 834 vento,
487 795 531 825 vel
565 805 579 825 a
609 796 774 826 (letiuitorio
811 797 941 835 generali
976 796 1095 827 Ordinis

354 843 463 874 iudicio
487 845 561 874 sacto
577 844 611 874 de
627 845 752 875 alicuius
772 846 973 885 impedimenti
993 845 1093 884 dubio,

354 896 445 921 totum
469 893 629 932 capitulum
653 894 789 932 generale
805 894 961 924 confirmet
977 895 1096 924 electio-

354 950 419 970 nem
444 941 572 971 ministri
596 943 740 980 generalis
773 942 903 980 Ordinis,
940 947 971 972 ut
1004 943 1094 973 moris

354 993 398 1019 est
426 994 488 1029 post
517 990 609 1019 Breve
632 991 724 1021 felicis
747 991 957 1021 recordationis
986 991 1095 1021 L'rbani

356 1038 410 1067 Pr.
438 1038 508 1068 Vlll.

396 1096 481 1116 xxxv.
506 1088 587 1122 Quod
611 1098 711 1118 omnes
734 1089 849 1119 vocales
878 1090 912 1119 ad
938 1089 1017 1119 illius
1039 1089 1094 1119 ele-

355 1135 480 1164 ctionem
504 1136 678 1166 confirment
701 1137 873 1166 electIOnem
903 1136 1094 1167 commissarii

355 1183 501 1221 generalis
520 1184 657 1215 familiae.

397 1242 496 1263 xxxvi.
520 1233 600 1269 Quod
624 1239 722 1273 postea
746 1235 802 1265 duo
825 1235 989 1265 definitoria
1009 1234 1096 1264 simul

356 1290 422 1311 cum
446 1282 580 1320 praeside
602 1283 776 1313 confirment
805 1284 963 1313 electiones
995 1283 1097 1313 defini-

356 1334 450 1359 torum
473 1331 656 1369 generalium
679 1331 814 1368 Ordinis,
838 1341 871 1361 ac
894 1332 1026 1369 demum,
1051 1341 1097 1361 or-

355 1379 422 1409 dine
450 1384 564 1409 scrvato
596 1380 794 1420 electionum,
820 1381 967 1421 quaelibet
989 1381 1096 1411 familia

355 1437 420 1457 cum
445 1429 578 1467 praeside
601 1430 754 1460 confirmet
772 1439 820 1460 eas
846 1430 1004 1460 electiones
1026 1439 1097 1469 quas

356 1478 496 1507 canonice
519 1478 599 1508 fecit.

396 1535 505 1556 xxxvu.
530 1526 610 1562 Quod
633 1532 765 1567 tempore
788 1528 908 1568 capituli
931 1529 1095 1567 generalis,

355 1575 430 1605 ultra
454 1576 571 1605 missam
605 1581 633 1606 et
666 1578 837 1607 concionem
870 1578 1048 1617 designatam
1082 1588 1096 1608 a

356 1624 463 1653 nostris
485 1625 755 1663 constitutionibus,
779 1627 852 1656 duae
875 1627 1010 1666 publicae
1035 1630 1098 1667 post

356 1673 517 1702 solemnem
542 1674 659 1703 missam
681 1675 838 1705 conciones
855 1679 942 1705 eruut
960 1685 997 1705 ex
1019 1676 1098 1706 sesti-

357 1720 495 1751 vitatibus
528 1721 647 1752 Ordinis
678 1723 712 1753 ad
745 1723 901 1753 arbitrium
936 1724 1095 1763 praesidis,

356 1770 406 1808 qui
430 1775 557 1809 tempore
570 1776 638 1810 apto
657 1781 775 1801 monere
798 1772 883 1802 debet
905 1773 1098 1812 provinciales

356 1827 425 1849 suae
447 1819 573 1850 familiae
596 1824 626 1850 ut
649 1821 864 1860 praedicatores
887 1822 997 1860 eligant
1025 1832 1098 1861 quos

357 1868 502 1898 voluerint
525 1878 576 1908 pro
598 1869 793 1899 determinata
815 1870 850 1899 ab
877 1871 941 1910 ipso
964 1871 1097 1910 praeside

357 1917 498 1947 concione
524 1918 658 1947 facienda,
676 1919 705 1948 in
724 1919 851 1958 capitulo
868 1920 929 1950 illo.
950 1920 1098 1950 Monemus

358 1970 453 1996 tamen
477 1967 683 2006 provinciales,
701 1972 742 2006 ut,
760 1968 783 1997 si
806 1968 1028 1999 concionatores
1052 1968 1097 1998 vel

357 2014 545 2044 concionator
568 2015 676 2054 aliquis
699 2016 817 2046 satirico
840 2017 875 2046 ad
898 2017 1027 2047 animum
1048 2027 1097 2057 po-

357 2064 418 2103 puli
441 2064 641 2099 excitandum,
666 2064 710 2094 vel
733 2065 984 2104 complacendum,
1014 2076 1098 2106 prae-

358 2113 532 2149 dicaverint,
562 2113 641 2143 illico
674 2117 702 2143 et
735 2118 875 2153 perpetuo
909 2115 1098 2154 praedicandi

357 2165 385 2191 et
406 2162 598 2191 concionandi
621 2162 754 2192 licentias
776 2163 910 2193 auferant
932 2163 977 2193 vel
1007 2164 1096 2194 licen-

357 2210 439 2248 tiam,
463 2210 547 2247 itaut,
571 2211 628 2240 uisi
650 2211 686 2240 de
708 2220 851 2242 consensu
868 2212 988 2252 capituli
1010 2223 1099 2252 gene-

357 2260 428 2289 ralis
450 2261 552 2299 futuri,
576 2260 708 2299 minime,
743 2262 793 2300 qui
825 2262 976 2301 defecerit,
1007 2263 1098 2302 possit

357 2308 433 2338 intra
455 2318 508 2339 nec
532 2314 612 2339 extra
634 2310 738 2340 domus
753 2315 869 2340 nostras
885 2311 1010 2350 Spiritus
1028 2312 1099 2342 San-

358 2358 396 2387 cti
418 2359 576 2389 ascendere
598 2359 778 2389 cathedram.

397 2416 515 2437 xxxvm.
539 2407 631 2445 Quod,
655 2417 721 2438 cum
736 2433 743 2447 ,
770 2409 884 2439 favente
908 2409 976 2448 Deo,
1001 2409 1098 2448 plures

359 2454 416 2484 sint
439 2459 520 2485 extra
547 2455 716 2495 Hispaniam
739 2457 891 2487 institutae
918 2458 1096 2497 provinciae,

359 2508 387 2533 et
402 2503 436 2533 ad
452 2504 566 2534 felicius
582 2505 754 2545 faciliusque
767 2505 885 2536 Ordinis
898 2507 1029 2545 regimen
1043 2507 1097 2537 sub

360 2551 470 2581 unitate
493 2552 580 2582 unius
602 2553 706 2592 capitis
728 2554 878 2593 bipartitio
908 2555 980 2585 sacta
1010 2555 1098 2585 suerit

359 2603 388 2630 et
414 2599 547 2631 instituta
571 2606 601 2632 ut
624 2602 652 2632 in
676 2602 812 2633 omnibus
835 2608 959 2644 utraque
988 2604 1097 2634 familia

359 2648 547 2686 dignoscatur
582 2651 712 2692 aequalis
749 2656 777 2682 et
812 2652 847 2682 ad
883 2653 1097 2693 praescriptum

936 260 1122 287 mJLLAan
1143 260 1299 287 ROMANUM

1882 260 1934 289 An.
1951 261 1980 288 c.
1999 254 2068 290 1733

1138 311 1254 350 regulae
1277 311 1311 341 de
1335 310 1462 341 triennio
1485 311 1515 341 in
1538 310 1697 341 triennium
1713 310 1876 341 celebretur

1138 360 1297 399 capitulum
1322 360 1473 398 generale,
1497 359 1572 399 quod
1596 360 1714 399 quidem
1738 359 1817 389 iuxta
1841 359 1876 388 il-

1138 409 1193 438 lius
1224 413 1353 439 tenorem
1388 418 1504 448 semper
1530 409 1710 439 celebratum
1742 409 1813 445 suit,
1845 413 1876 438 ut

1137 457 1230 486 solum
1254 457 1288 486 de
1310 457 1449 486 sexennio
1472 457 1501 486 in
1525 457 1697 486 sexennium
1719 457 1807 486 suerit
1830 466 1877 486 ca-

1138 505 1260 543 pitulum
1281 505 1447 541 electivum,
1469 505 1545 535 iuxta
1570 505 1640 535 illud
1663 505 1800 542 regulae:
1824 505 1878 534 ele—

1137 555 1188 583 elio
1212 555 1322 583 maioris
1344 564 1375 582 ae
1395 554 1532 591 quaerulis
1554 555 1676 583 ministri
1697 555 1728 583 ‹le
1747 554 1878 582 serminio

1138 605 1167 631 in
1188 604 1368 636 semermium,
1393 607 1417 631 el
1442 607 1501 641 post
1524 604 1676 631 triennium
1698 602 1780 631 huius
1801 603 1879 640 capi-'-

1138 651 1190 681 [ult
1222 652 1327 681 elecliei
1356 651 1433 680 alind
1462 651 1615 690 capitulum
1644 650 1786 689 generale,
1809 651 1879 690 quod

1138 700 1169 729 ab
1192 701 1272 729 initio
1294 704 1402 729 vocatur
1418 700 1611 729 intermedlmn
1624 711 1634 734 ,·
1657 699 1696 728 ita
1714 699 1800 728 etiam
1818 709 1879 729 ser-

1140 753 1222 778 vetur
1254 748 1283 777 in
1313 753 1480 787 posterum,
1512 748 1566 778 lioc
1592 747 1653 777 solo
1682 747 1876 785 discrimine,

1139 797 1215 836 quod
1237 796 1397 836 capitulum
1427 796 1601 835 electivum,
1629 796 1664 826 de
1686 796 1825 826 sexennio
1847 795 1877 826 in

1139 845 1312 875 sexennium
1343 845 1570 883 celebrandum,
1598 845 1758 884 capitulum
1791 854 1878 883 gene-

1139 894 1199 924 rale
1221 893 1339 924 Ordinis
1371 898 1509 931 vocetur3
1538 899 1566 924 et
1598 894 1757 933 capitulum
1790 894 1879 923 inter-

1140 942 1266 972 medium
1289 943 1383 972 solum
1415 943 1580 973 celebretur
1612 943 1641 972 iu
1676 943 1711 972 ea
1743 942 1877 980 familia,

1140 1001 1177 1021 ex
1206 1001 1260 1030 qua
1291 991 1320 1020 in
1350 991 1478 1030 capitulo
1501 992 1630 1029 generali
1654 991 1772 1021 Ordinis
1801 1000 1880 1021 com-

1141 1040 1291 1069 missarius
1321 1040 1465 1077 generalis
1495 1040 1606 1070 electus
1638 1040 1745 1075 suerit;
1777 1040 1878 1078 sicque

1142 1088 1350 1125 verificabitur,
1385 1089 1460 1128 quod
1489 1098 1604 1128 semper
1632 1089 1666 1118 de
1693 1089 1820 1118 triennio
1848 1089 1878 1118 in

1141 1137 1300 1168 triennium
1319 1137 1437 1176 aliquod
1461 1137 1622 1177 capitulum
1644 1138 1781 1176 generale
1804 1137 1879 1167 cele-

1141 1186 1240 1216 bretur
1264 1186 1293 1215 in
1315 1185 1436 1216 Ordine.

1181 1244 1279 1264 xxxix.
1299 1234 1379 1270 Quod
1399 1235 1569 1274 capitulum,
1590 1235 1717 1265 ministri
1732 1235 1878 1273 generalis
1903 1245 2019 1276 capania-y·
2028 1245 2074 1275 Αειε-Δ

1140 1284 1307 1322 electivum,
1333 1293 1447 1323 semper
1469 1283 1611 1313 celebrari
1634 1283 1719 1313 debet
1740 1284 1816 1314 intra
1838 1274 2074 1324 Γα-ξὲᾆὲξζῃξῖῒῗῑᾞ

1142 1333 1263 1370 miliani,
1286 1342 1323 1363 ex
1345 1342 1402 1371 qua
1436 1333 1569 1362 minister
1601 1332 1745 1371 generalis
1774 1332 1878 1372 spirat,
1890 1326 2001 1373 {ffi'jssm
2018 1325 2077 1346 ⁶⁶¹⁰·

1141 1383 1188 1412 cui
1211 1382 1337 1412 familiae
1365 1382 1574 1421 correspondet
1601 1381 1758 1412 celebratio
1788 1381 1880 1412 futuri

1141 1431 1259 1471 capituli
1281 1431 1426 1470 generalis
1449 1430 1637 1467 intermedii,
1661 1435 1692 1460 ut
1714 1430 1755 1460 sic
1778 1440 1880 1471 supre-

1142 1490 1220 1510 mum
1237 1485 1324 1520 caput
1339 1479 1491 1518 religionis
1507 1489 1656 1519 nunquam
1673 1489 1779 1510 munus
1795 1489 1881 1510 suum

1142 1530 1223 1559 smiat
1245 1534 1324 1559 extra
1347 1529 1485 1559 familiam
1508 1538 1602 1558 suam.

1181 1587 1225 1608 xL.
1248 1578 1328 1613 Quod
1345 1577 1505 1617 capitulum
1520 1578 1655 1616 generale
1675 1578 1881 1608 intermedium
1901 1590 2074 1616 Dammana..

1141 1627 1283 1657 celebrari
1306 1626 1392 1656 dehet
1418 1626 1497 1656 iuxta
1523 1627 1653 1665 regulam
1670 1626 1791 1657 sabbato
1813 1630 1881 1657 ante
1892 1617 1995 1665 miraeum
2009 1618 2073 1639 ΜΨ

1142 1680 1275 1715 quartam
1299 1675 1474 1705 dominicam
1499 1680 1561 1714 post
1577 1675 1697 1714 Pascha,
1712 1680 1776 1715 post
1792 1675 1882 1706 trien-

1141 1724 1221 1753 nium
1245 1734 1259 1753 a
1282 1724 1328 1753 die
1351 1723 1559 1753 celebrationis
1587 1724 1707 1763 capituli
1736 1724 1881 1762 generaliS

1141 1773 1269 1811 Ordinis,
1294 1773 1369 1802 intra
1394 1772 1542 1812 propriam
1565 1773 1717 1811 familiam,
1735 1778 1816 1803 extra
1833 1783 1881 1803 cu-

1142 1821 1200 1851 rias
1223 1821 1401 1860 principum,
1420 1821 1448 1850 iu
1465 1821 1551 1850 domo
1566 1821 1746 1859 designanda
1768 1831 1782 1851 a
1801 1831 1882 1861 prae-

1141 1870 1203 1900 side
1225 1870 1358 1910 capituli,
1376 1869 1425 1908 qui
1448 1879 1563 1908 semper
1585 1871 1641 1900 erit
1662 1870 1881 1900 commissarius

1142 1919 1287 1957 generalis
1309 1919 1448 1957 familiae,
1472 1919 1529 1948 nisi
1548 1919 1623 1949 iutra
1646 1919 1725 1949 illam
1749 1923 1777 1949 et
1799 1923 1881 1949 extra

1142 1968 1290 2007 propriam
1313 1967 1451 1997 familiam
1475 1967 1551 1997 adsit
1574 1968 1707 1998 minister
1735 1968 1881 2006 generalis

1141 2016 1260 2046 Ordinis
1287 2021 1314 2046 et
1338 2016 1462 2046 voluerit
1489 2016 1656 2056 praesidere
1685 2017 1714 2047 iu
1738 2017 1814 2047 dicto
1836 2026 1884 2046 ca·

1143 2065 1235 2105 pitulo
1254 2065 1439 2096 intermedio.

1183 2124 1240 2144 xLi.
1264 2114 1345 2150 Quod
1368 2114 1413 2153 si,
1438 2114 1565 2145 instante
1588 2119 1718 2154 tempore
1740 2114 1880 2155 capituli,

1142 2173 1259 2203 praeses
1275 2164 1452 2202 infirmetur,
1471 2164 1561 2203 possit
1582 2163 1699 2194 differre
1723 2164 1882 2204 capitulum

1142 2222 1193 2252 per
1214 2222 1305 2242 unum
1329 2221 1458 2242 mensem
1484 2217 1615 2251 tautum,
1647 2222 1703 2252 quo
1725 2213 1833 2254 elapso,
1857 2213 1882 2244 si

1141 2262 1236 2292 adhuc
1267 2262 1355 2292 fuerit
1387 2262 1556 2301 impeditus,
1591 2262 1636 2291 vel
1659 2262 1683 2292 si
1705 2266 1882 2300 congregato

1142 2311 1198 2341 iam
1222 2311 1350 2350 capitulo
1373 2311 1579 2349 aegrotaverit,
1597 2311 1761 2350 praesideat
1782 2311 1884 2341 defini-

1142 2365 1186 2390 tor
1204 2360 1350 2398 generalis
1366 2360 1493 2389 familiae
1515 2364 1580 2389 actu
1597 2360 1678 2399 prior
1699 2360 1776 2390 inter
1797 2360 1881 2390 alios.
1906 2381 1909 2383 -

1183 2418 1250 2439 an.
1274 2408 1355 2444 Quod
1377 2408 1411 2437 ad
1434 2408 1602 2438 huiusmodi
1616 2408 1738 2448 capituli
1754 2408 1884 2438 celebra-

1143 2458 1252 2488 tionem
1277 2467 1329 2497 per
1352 2467 1419 2487 suas
1441 2457 1554 2487 litteras
1576 2457 1795 2487 convocatorias
1817 2466 1884 2488 con-

1143 2516 1245 2537 vocare
1276 2506 1361 2536 debet
1396 2510 1425 2536 et
1458 2506 1582 2536 invitare
1614 2515 1666 2546 per
1697 2506 1882 2536 invitatorias

1142 2554 1278 2595 superior
1300 2553 1448 2592 generalis
1470 2554 1597 2584 familiae
1619 2563 1719 2584 omnes
1741 2555 1791 2594 qui
1814 2564 1884 2585 con-

1142 2612 1261 2634 currere
1294 2602 1400 2632 debent
1432 2606 1460 2632 et
1492 2607 1632 2642 possunt,
1655 2612 1688 2633 eo
1716 2603 1800 2634 modo
1824 2613 1881 2644 quo

1142 2653 1251 2684 dictum
1274 2655 1318 2682 est
1333 2652 1376 2691 de,
1396 2652 1524 2691 capitulo
1547 2652 1677 2691 generali
1699 2652 1828 2693 Ordinis,
1852 2653 1881 2683 in

2177 2457 2182 2536 1
