2182 3137
205 248 252 271 Α...
271 247 299 270 e.
324 245 390 271 ¹732
435 237 501 269 400

231 892 351 912 Clausulam

232 1688 386 1707 Contrariorum

207 1714 324 1739 derogatio.

987 245 1167 270 BULLARIUM
1192 246 1346 270 ROMANUM

397 294 545 327 effectum
583 295 805 337 praesentium
837 295 1002 327 dumtaxat
1025 304 1139 326 conse·
1182 293 1258 326 maii
1282 304 1477 335 nncexxxn,
1503 294 1714 338 pontificatus
1739 295 1845 328 nostri
1870 305 1922 328 an·

397 347 589 390 quendum,
616 348 730 380 harum
764 349 850 380 serie
876 348 1082 380 absolventes
1107 352 1139 379 et
1181 357 1224 379 no
1249 357 1284 380 ιι.

400 400 566 433 absolutas
593 400 661 433 l'ore
689 406 873 438 censentes
892 399 1138 443 supplicationi-

398 452 457 484 bus
475 463 586 485 eorum
613 454 747 486 nomine
764 453 859 485 nobis
880 463 979 496 snper
997 453 1059 485 hoc
1081 452 1139 485 hu-

397 505 519 538 militer
555 506 716 548 porrectis
758 506 931 546 inclinati,
970 506 1136 538 decretum

399 559 648 601 praeinscrtum,
670 559 861 591 auctoritate
887 559 1076 602 apostolica,
1093 564 1137 590 te-

399 621 478 644 nore
497 611 729 654 praesentium,
743 613 964 654 approbamus
979 617 1011 644 et
1024 612 1138 644 contir-

397 676 544 704 mamus‚
572 665 685 708 illique
719 666 914 698 inviolabilis
940 666 1138 707 apostolicae

398 717 558 750 firmitatis
587 719 686 750 robur
710 719 898 751 adiit-imus:
918 719 1002 751 salva
1029 725 1135 751 tamen

398 780 531 814 semper
556 771 587 803 in
614 772 800 814 praemissis
834 772 1027 804 auctoritate
1062 771 1138 804 Con-

397 825 598 866 gregationis
623 825 814 858 eorumdem
841 825 1068 857 cardinalium.

442 880 457 921 ἓ
482 878 512 910 33.
532 879 774 917 Decernentes,
794 879 924 911 casdem
949 883 1137 920 praesentes

402 931 526 964 litteras
554 932 671 970 firmas,
698 932 817 965 validas
843 937 874 964 et
897 932 1045 963 ellit-aces
1071 931 1137 962 cxi-

400 990 487 1018 stere
513 990 544 1018 et
569 987 655 1023 sore,
683 996 825 1027 suosque
849 984 1015 1027 plenarios
1041 990 1072 1016 et
1093 984 1140 1015 in=

399 1043 505 1080 tegros
539 1038 672 1070 ell'ectus
709 1038 817 1070 sortiri
853 1043 884 1069 et
908 1037 1074 1076 obtinere,
1101 1048 1137 1068 ae

400 1090 482 1130 illis,
505 1091 542 1123 ad
569 1101 650 1133 quos
682 1096 808 1133 spectat
833 1095 865 1122 et
896 1101 955 1132 pro
989 1095 1136 1132 tempore

398 1144 672 1186 quandocumque
708 1143 892 1186 spectabit,
919 1144 949 1174 in
987 1142 1137 1175 omnibns

398 1201 429 1228 et
456 1207 513 1239 per
539 1197 646 1229 omnia
671 1197 860 1239 plenissime
890 1196 1080 1238 sull'ragari,
1107 1201 1138 1227 et

399 1251 438 1282 ab
470 1250 515 1282 eis
546 1250 725 1292 respective
758 1250 992 1282 inviolabiliter
1024 1249 1136 1281 obser-

401 1304 486 1343 vari,
521 1304 631 1346 sicque
664 1304 695 1335 in
731 1304 917 1346 praemissis
949 1313 1007 1346 per
1039 1313 1138 1345 quos-

398 1368 535 1400 cumque
558 1357 680 1390 iudices
707 1357 890 1390 ordinarios
909 1362 940 1389 et
960 1357 1136 1398 delegatos,

399 1411 495 1443 etiam
523 1420 691 1442 causarum
719 1410 829 1453 palatii
856 1409 1027 1452 apostolici
1048 1409 1138 1441 audi-

400 1469 509 1502 tores,
536 1463 670 1495 iudicari
705 1470 737 1496 et
768 1462 896 1496 definiri
934 1462 1075 1500 debere,
1102 1472 1138 1494 ae

401 1516 528 1548 irritum
554 1522 584 1549 et
617 1517 713 1549 inane
746 1517 772 1548 si
805 1527 897 1549 secus
923 1526 1021 1559 super
1046 1516 1096 1547 his
1121 1527 1137 1547 a

400 1581 583 1612 quoquam,
611 1571 721 1612 quavis
754 1570 970 1607 auctoritate,
999 1570 1139 1601 scienter

401 1624 448 1655 vel
475 1623 683 1664 ignoranter,
711 1623 884 1665 contigerit
907 1623 1070 1655 attentari.

444 1677 458 1717 ξ
482 1676 512 1708 4.
538 1676 607 1709 Non
634 1676 839 1709 obstantibus
872 1675 1078 1718 praemissis,
1104 1685 1140 1706 ac

400 1729 688 1762 constitutionibus
722 1735 753 1761 et
777 1729 1040 1761 ordinationibus
1065 1739 1140 1770 apo-

399 1783 534 1822 stolicis,
563 1794 690 1815 necnon
716 1783 790 1815 dieti
817 1783 957 1818 Ordinis,
982 1782 1076 1814 etiam
1094 1781 1138 1814 iu-

401 1842 563 1874 ramento,
590 1836 838 1868 confirmatione
865 1836 1065 1879 apostoliea,
1090 1837 1138 1867 vel

401 1889 514 1930 quavis
538 1889 689 1921 firmitate
726 1890 788 1921 alia
814 1889 983 1926 roboratis,
1013 1888 1138 1920 statutis

400 1949 432 1975 «τι
456 1943 768 1981 consuetudinibus,
795 1943 970 1986 privilegiis
995 1952 1136 1985 quoque,

400 1997 533 2029 indultis
551 2002 583 2029 et
608 1996 724 2029 litteris
751 1997 946 2039 apostolicis,
966 1997 995 2027 in
1016 2002 1140 2028 eontra-

401 2050 484 2082 rium
509 2050 765 2093 praemissorum
790 2049 1039 2092 quomodolibet
1063 2060 1141 2082 con·

400 2103 515 2142 cessis,
540 2103 737 2135 confirmatis
764 2109 795 2135 et
819 2103 996 2143 innovatis,
1024 2103 1140 2145 quibus

401 2157 551 2189 omnibus
585 2162 616 2187 ct
652 2156 812 2198 singulis,
848 2157 975 2189 illorum
1011 2162 1139 2189 tenores

401 2209 625 2250 praesentibus
659 2220 718 2252 pro
756 2211 851 2252 plene
885 2215 916 2241 et
941 2210 1141 2241 sullicienter

400 2263 563 2306 expressis
579 2274 615 2295 ac
640 2264 678 2295 ad
707 2264 838 2295 verbnm
865 2263 995 2295 insertis
1023 2264 1141 2296 liaben-

401 2324 457 2355 tes,
478 2316 540 2348 illis
565 2317 644 2348 alias
670 2316 701 2348 in
728 2327 786 2349 suo
812 2317 931 2349 robore
953 2327 1140 2359 permansu-

402 2370 456 2407 ris,
477 2369 515 2401 ad
536 2369 795 2411 praemissorum
815 2368 974 2407 eflectum,
995 2370 1054 2401 liae
1072 2370 1139 2403 vice

402 2422 574 2461 dumtaxat,
591 2421 776 2464 specialiter
794 2428 824 2454 et
842 2432 993 2465 expresse
1009 2423 1140 2465 deroga-

399 2486 491 2515 mus3
525 2476 706 2519 ceterisque
732 2476 904 2508 contrariis
930 2477 1140 2518 quibuscum-

399 2538 472 2571 qne.

446 2582 556 2614 Datum
582 2581 717 2622 Romae,
745 2582 834 2625 apud
858 2582 890 2614 S.
923 2581 1051 2614 Mariam
1084 2582 1141 2614 Ma-

403 2636 518 2674 iorem,
544 2635 603 2667 sub
622 2636 745 2668 annulo
769 2635 957 2676 piscatoris,
979 2635 1030 2668 dic
1055 2645 1140 2668 xxvii

1217 410 1277 437 Dat.
1301 410 1347 437 die
1367 410 1400 436 27
1421 410 1484 437 maii
1506 410 1585 443 1732,
1606 411 1707 446 pontif.
1730 418 1802 437 anno
1822 417 1851 438 11.

1478 463 1510 495 F.
1536 463 1624 496 card.
1651 463 1832 496 Omvssmos.

1506 614 1594 647 thl.

1182 684 1368 717 Declaralio
1401 685 1489 728 quod
1520 685 1709 728 provinciae
1733 684 1863 718 Galliae
1885 695 1922 717 ac

1225 743 1397 771 conventus
1421 740 1460 772 B.
1485 739 1611 771 Mariae
1630 739 1868 771 Miraculorum
1885 738 1923 771 de

1229 792 1311 824 Urbe
1339 793 1441 825 Tertii
1463 792 1597 826 Ordinis
1622 792 1729 825 sancti
1751 792 1923 825 Francisci

1225 845 1542 887 comprehendantur
1557 846 1594 878 in
1610 845 1710 878 Brevi
1725 845 1924 877 sanctissimi

1226 897 1355 930 domini
1377 899 1482 931 nostri
1505 899 1592 931 circa
1620 898 1813 937 Viaserucis,
1841 901 1898 930 etc.

1393 979 1528 1005 Clemens
1550 979 1627 1011 Papa
1645 978 1709 1010 XII,

1317 1022 1355 1048 ad
1376 1022 1511 1049 futuram
1530 1023 1577 1049 rei
1597 1022 1785 1049 memoriam.

1226 1092 1240 1134 ᾖ
1264 1092 1296 1124 ’1.
1325 1092 1412 1125 Alias
1437 1103 1504 1131 nos,
1531 1092 1822 1135 supplicationibus
1844 1092 1923 1126 dile-

1181 1146 1222 1177 cti
1246 1145 1301 1178 filii
1322 1146 1478 1178 Bernardi
1508 1145 1676 1178 Monterde
1700 1147 1921 1187 procuratoris

1183 1198 1345 1240 generalis
1364 1197 1492 1230 Ordinis
1512 1198 1644 1230 fratrum
1670 1197 1828 1229 Minorum
1850 1207 1923 1230 san-

1182 1252 1223 1283 cti
1259 1252 1421 1284 Francisci
1451 1252 1490 1284 do
1516 1251 1731 1284 Observantia
1754 1262 1923 1294 nuncupa-

1183 1309 1288 1337 torum
1316 1305 1449 1337 nomine
1483 1304 1577 1337 nobis
1611 1304 1782 1337 humiliter
1809 1314 1922 1347 porre-

1182 1357 1242 1389 ctis
1279 1357 1449 1397 inelinati,
1484 1358 1685 1390 decrevimus
1718 1367 1754 1390 ac
1785 1357 1923 1390 indulsi-

1183 1422 1280 1451 mus,
1306 1418 1341 1443 ut
1361 1413 1432 1444 loca
1457 1412 1509 1454 pia
1526 1439 1533 1451 ‚
1562 1411 1611 1443 via
1635 1411 1745 1443 Crucis
1768 1421 1826 1443 seu
1851 1410 1921 1444 Cal-

1183 1465 1260 1496 varii
1291 1470 1502 1508 nuncupata,
1536 1464 1574 1496 ad
1612 1464 1712 1496 instar
1747 1464 1921 1496 stationum

1183 1517 1297 1549 Montis
1321 1517 1469 1555 Calvarfi,
1487 1518 1519 1549 in
1542 1517 1685 1549 eeclesiis
1711 1528 1747 1550 ae
1764 1516 1842 1549 locis
1860 1515 1922 1559 piis

1184 1571 1335 1603 ministro
1360 1571 1504 1613 generali
1524 1582 1583 1614 pro
1604 1576 1747 1614 tempore
1773 1569 1922 1602 existenti

1184 1625 1258 1657 dieti
1285 1625 1413 1657 Ordinis
1439 1635 1503 1657 non
1538 1624 1709 1661 subiectis,
1735 1634 1796 1656 nec
1819 1623 1858 1656 ab
1884 1633 1922 1656 eo

1184 1678 1455 1720 dependentibus,
1474 1688 1533 1720 per
1554 1678 1668 1709 fratres
1686 1676 1815 1709 Ordinis
1831 1686 1923 1720 prae-

1185 1731 1236 1763 l'ati
1257 1737 1332 1763 tunc
1349 1736 1456 1763 erecta
1477 1737 1508 1763 et
1524 1731 1736 1772 imposterum
1755 1729 1921 1769 erigenda,

1184 1784 1306 1816 eisdem
1332 1784 1542 1825 indulgentiis
1567 1795 1603 1815 ae
1629 1783 1807 1826 privilegiis
1838 1784 1922 1815 true-

1185 1842 1298 1869 rcntur
1328 1843 1358 1868 et
1391 1839 1591 1879 gauderent„
1621 1837 1738 1879 quibus
1775 1835 1924 1868 frueban-

1185 1896 1235 1922 tur
1272 1897 1302 1922 et
1339 1891 1525 1932 gaudebant
1564 1895 1673 1922 erecta
1711 1889 1744 1921 in
1778 1888 1922 1922 ecelesiis

1183 1948 1216 1975 ct
1241 1944 1323 1976 locis
1347 1942 1475 1975 Ordinis
1510 1943 1686 1986 praedieti;
1713 1941 1757 1974 ita
1790 1947 1896 1974 tamen
1913 1968 1920 1980 ,

1184 2001 1232 2035 ut,
1259 1996 1365 2040 quoad
1391 1996 1545 2038 deinceps
1567 1995 1732 2038 erigenda,
1751 1995 1867 2027 modus
1891 1999 1923 2026 et

1184 2050 1285 2082 torma
1303 2054 1516 2086 servarentur,
1536 2048 1652 2091 quibus
1678 2047 1837 2081 eiusmodi
1858 2057 1923 2079 vre-

1184 2104 1309 2135 etiones
1336 2103 1367 2135 in
1394 2102 1539 2135 ecclesiis
1564 2108 1596 2135 et
1619 2102 1699 2135 locis
1729 2102 1804 2135 dicti
1830 2101 1922 2134 Ordi-

1184 2157 1233 2188 nis
1261 2162 1395 2188 eatcnus
1429 2156 1497 2188 lieri
1530 2161 1787 2196 consueverant,
1814 2160 1846 2188 et
1869 2165 1922 2187 ac-

1184 2210 1316 2242 cederet
1341 2209 1472 2242 licentia
1495 2208 1654 2241 Ordinarii
1680 2209 1741 2241 loci
1758 2236 1765 2247 ,
1786 2218 1822 2240 ac
1847 2218 1923 2240 con—

1185 2273 1298 2294 sensus
1333 2261 1470 2306 parochi
1496 2267 1526 2294 et
1550 2262 1730 2305 superioris
1764 2261 1921 2294 ecelesiae

1185 2322 1217 2349 et
1238 2317 1298 2348 loci
1313 2315 1437 2358 pii,nbi
1465 2315 1503 2347 de
1529 2315 1575 2347 eis
1601 2315 1766 2357 erigendis
1781 2315 1831 2357 agi
1846 2325 1922 2347 con-

1185 2370 1343 2411 tingeret:
1371 2374 1403 2401 et
1427 2368 1517 2406 alias,
1541 2374 1639 2411 prout
1662 2367 1795 2400 uberius
1821 2368 1923 2400 conti-

1183 2427 1279 2454 netur
1297 2421 1328 2454 in
1346 2421 1467 2454 nostris
1493 2422 1634 2464 desuper
1651 2421 1683 2452 in
1704 2420 1800 2453 simili
1821 2420 1923 2453 forma

1184 2474 1292 2508 Brevis
1317 2475 1477 2518 expeditis
1503 2474 1621 2507 litteris
1647 2474 1771 2506 tenoris
1795 2473 1850 2517 qui
1871 2483 1923 2506 se-

1185 2529 1304 2572 quitur,
1322 2528 1489 2561 videlicet:
1520 2562 1521 2565 ,

1229 2581 1374 2615 Clemens
1398 2582 1493 2625 Papa
1516 2580 1606 2621 XII,
1637 2580 1680 2613 ad
1702 2580 1851 2623 suturam
1873 2579 1922 2611 rei

1184 2635 1386 2667 memoriam.
1425 2634 1548 2678 Exponi
1584 2634 1679 2667 nobis
1715 2643 1818 2676 nuper
1849 2631 1922 2664 fecit

1919 248 1972 274 Αη.
1989 247 2019 274 C.
2040 246 2111 274 ¹732

1989 1111 2118 1133 Constitutto

1933 1138 1987 1160 anas
2009 1138 2060 1159 data
2083 1145 2118 1160 re—

1934 1165 2007 1187 sei-tur.
