2182 3137
178 267 226 293 Αη.
242 266 271 293 c,
295 264 361 292 iiai
409 255 473 289 612

203 566 233 587 Iis·
253 568 359 588 tranare*-

177 593 192 611 εἰ
197 600 230 612 ιιιιι
234 594 272 611 tius
283 594 358 611 consti·

214 1594 244 1616 tia
261 1596 362 1615 constitu·

179 1623 281 1643 tionibus.

229 2600 296 2623 Petita
321 2606 371 2627 apo·

188 2627 264 2649 ziotwa
293 2629 371 2649 contii·-

188 2657 260 2677 matio.

371 314 446 343 rium
469 312 645 351 generalem,
669 311 794 351 priorem
817 311 861 341 vel
885 311 1108 349 confessarium,

372 362 425 391 lioc
441 356 602 400 praestetur
615 360 655 398 (si
674 360 736 389 {ieri
757 360 839 389 facile
859 360 970 398 potest)
988 360 1016 388 in
1037 360 1110 389 scri-

372 410 443 448 ptis:
461 409 535 448 quod
554 409 576 438 si
593 408 745 437 commode
763 408 824 438 tieri
844 418 901 438 non
921 408 1023 447 possit,
1041 412 1111 438 tunc

371 462 470 487 iiiutuo
486 457 602 496 quidem
619 466 649 486 se
665 466 695 485 se
711 457 910 495 alloquantur,
928 457 977 486 sed
995 456 1111 485 brevius

370 515 455 546 quam
473 510 609 545 possunt,
626 506 813 536 considerata
836 515 867 535 re
891 506 1109 544 pertractanda.

411 563 487 584 xxiv.
509 555 537 584 Si
561 555 745 593 reperiantur
768 555 844 584 inter
872 555 977 584 fratres
1010 559 1038 584 et
1067 564 1112 584 so-

370 613 450 634 rores
474 608 705 641 transgressores
729 604 832 633 barum
855 603 1110 641 constitutionum,

370 662 385 681 a
409 651 504 690 priore
527 656 555 681 et
579 652 721 690 piiorissa
754 652 918 691 respective
951 652 1112 691 puniantur

370 701 406 730 iis
430 701 530 740 poenis
562 710 636 740 quae
668 710 682 729 a
708 700 815 730 vicario
837 701 967 739 generali
997 706 1025 731 et
1053 701 1112 731 dis-

370 750 495 779 cretorio
518 749 604 779 simul
628 749 920 787 determinabuntur3
942 755 981 788 et,
1004 750 1027 780 si
1045 760 1113 780 con-

371 798 468 836 tigerit
497 798 624 837 aliquem
648 798 767 828 fratrem
792 798 837 827 vel
860 807 1008 836 sororem,
1032 798 1110 828 iuxta

370 846 612 876 constitutionem
635 846 752 877 Martini
777 847 797 876 V
817 870 823 885 ,
847 847 859 885 ἓ
884 847 943 881 19,
978 847 1043 877 eiici
1077 847 1112 876 ab

369 894 490 932 Ordine,
515 897 546 924 ea
569 895 615 925 die
638 904 740 925 omnes
763 899 824 925 tum
851 896 957 925 fratres
986 900 1044 925 tum
1068 906 1113 925 so-

369 952 451 973 rores
475 944 606 974 ieiunent
630 944 658 973 in
683 953 757 983 pane
790 948 818 974 et
847 946 946 983 aqua,
977 948 1005 974 et
1028 948 1112 974 nocte

370 992 505 1031 sequenti
528 991 708 1021 acerbiorem
728 992 950 1031 longioremque
969 992 1056 1022 soliis
1071 993 1114 1022 di-

370 1041 525 1079 sciplinam
548 1041 669 1077 saciant,
685 1041 775 1070 Deum
799 1046 947 1079 rogantes,
965 1046 996 1071 ut
1012 1041 1114 1081 expul—

370 1098 435 1118 sum
460 1089 502 1118 vel
526 1089 676 1128 expulsam
700 1089 858 1127 illuminet,
879 1094 1035 1129 tangatque
1050 1091 1113 1120 eius

371 1147 442 1176 cor,
467 1138 516 1177 qui
549 1138 594 1167 vel
627 1147 701 1177 quae
717 1162 724 1176 ,
748 1138 772 1167 si
796 1147 951 1177 progressu
974 1140 1114 1179 temporis

371 1195 430 1216 non
453 1186 588 1224 ambigua
611 1186 725 1216 dederit
748 1196 833 1217 verae
856 1188 1052 1226 poenitentiae
1086 1193 1114 1218 et

373 1235 585 1265 emendationis
608 1235 688 1273 signa
705 1258 713 1272 ,
736 1236 842 1266 iterum
867 1236 988 1266 arbitrio
1011 1237 1114 1267 vicarii

371 1284 517 1322 generalis
548 1285 638 1324 recipi
662 1285 772 1324 possit,
797 1287 832 1315 ea
859 1285 924 1323 lege
955 1290 1051 1316 tamen
1084 1291 1115 1316 ut

372 1333 448 1363 adsit
470 1343 631 1363 consensus
655 1343 707 1373 per
728 1338 840 1364 secreta
872 1334 1011 1373 suffragia
1045 1335 1116 1365 dua-

371 1391 437 1412 rum
460 1382 586 1422 partium
609 1392 643 1412 ex
667 1382 774 1420 tribus,
798 1383 902 1414 deinde
928 1385 1016 1415 totius
1038 1394 1116 1415 coni-

371 1432 539 1469 inuiiitatis3
563 1437 591 1463 et
625 1437 761 1473 receptus
784 1434 845 1463 sive
875 1439 991 1474 recepta
1014 1435 1114 1465 eodeni

372 1481 457 1511 modo
476 1481 689 1520 consideretur,
709 1491 742 1512 ac
758 1482 782 1512 si
800 1492 949 1522 nunquam
966 1483 1047 1523 prius
1063 1483 1116 1515 Or-

371 1530 470 1560 dinem
492 1530 654 1561 introisset.

412 1588 477 1609 xxv.
500 1579 590 1609 Nemo
613 1579 730 1610 tandem
753 1580 857 1611 audeat
875 1581 985 1620 aliquid
1002 1586 1117 1612 contra·
1136 1589 1137 1594 ¹

373 1627 450 1658 rium
473 1628 520 1658 liis
540 1628 654 1667 legibus
677 1638 729 1659 seu
752 1629 863 1668 regulis
885 1630 1075 1668 constituere;
1092 1631 1117 1661 si

374 1686 447 1716 quae
464 1686 592 1717 unquam
607 1681 799 1715 statueretur,
814 1679 924 1708 nullius
944 1680 981 1709 sit
997 1689 1117 1719 prorsus

374 1725 487 1755 roboris
510 1735 542 1756 ac
565 1727 716 1756 momenti.
752 1726 846 1757 Possit
878 1731 974 1758 tamen
1006 1728 1117 1768 aliquid

375 1779 492 1814 praeter
514 1775 584 1805 istas
607 1775 672 1805 addi
704 1775 739 1805 ad
774 1777 1002 1816 promovendam
1026 1779 1118 1816 inagis

375 1824 513 1863 pietatem
535 1825 566 1854 in
588 1823 787 1855 beatissimam
805 1825 953 1864 Virginem
976 1836 1008 1856 ac
1030 1836 1117 1857 evan-

374 1870 497 1909 gelicam
528 1872 756 1911 perfectionem;
781 1873 830 1903 sed
863 1873 891 1903 id
924 1883 982 1904 non
1014 1873 1140 1904 habeat‘
1382 1906 1388 1911 ,
1517 1906 1522 1911 ,
1563 1906 1569 1912 ,
1817 1906 1823 1912 ,

1138 1911 1140 1921 ¹
1162 1911 1194 1938 et
1219 1916 1277 1949 per
1302 1916 1411 1938 omnia
1435 1906 1626 1949 plenissime
1655 1905 1845 1949 suffragari,
1872 1911 1904 1939 et

375 1918 448 1958 legis
470 1919 612 1959 vigorem,
636 1920 695 1950 nisi
718 1921 900 1960 propositum
925 1922 1019 1962 primo
1044 1923 1082 1953 sit
1103 1933 1116 1952 a

375 1968 485 1999 vicario
520 1969 673 2008 generali,
711 1969 816 2000 deinde
849 1975 1035 2010 acceptatum
1068 1981 1119 2011 per

377 2017 474 2048 omnia
497 2022 607 2048 secreta
630 2017 768 2057 suffragia
806 2020 897 2049 totius
930 2019 1118 2059 discretorii,

377 2071 442 2106 post
464 2076 515 2106 per
537 2066 675 2106 suffragia
698 2072 810 2098 secreta
843 2068 967 2098 duarum
991 2069 1119 2108 partium

377 2124 411 2145 ex
435 2115 528 2145 tribus
551 2116 672 2156 capituli
688 2116 902 2154 conventualis,
919 2117 1035 2148 demum
1051 2127 1121 2148 con-

377 2163 526 2195 firmatum
558 2165 731 2195 auctoritate
763 2165 864 2195 vicarii
896 2166 1065 2204 generalis,
1092 2171 1120 2197 et

378 2217 524 2252 postremo
546 2223 561 2243 a
583 2214 828 2244 reverendissimo
861 2219 943 2254 patre
966 2215 1118 2254 generali,

378 2259 413 2291 ad
437 2262 521 2292 cuius
544 2271 636 2302 usque
658 2263 914 2293 confirmationem
943 2263 1059 2303 publice
1089 2264 1119 2294 in

377 2314 523 2340 conventu
556 2311 769 2351 promulgatam
801 2312 910 2351 poterit
942 2312 1059 2351 quidem
1089 2313 1119 2343 in

378 2368 432 2389 usu
455 2360 523 2399 poni
546 2360 581 2390 ad
604 2365 741 2400 tempus,
765 2361 790 2391 si
812 2361 841 2391 id
863 2361 1002 2400 expedire
1025 2361 1121 2392 videa-

379 2412 427 2438 tur
449 2408 622 2439 discretorio
645 2414 674 2439 et
696 2410 841 2449 capitulo,
865 2410 915 2440 sed
938 2419 997 2440 non
1019 2410 1120 2441 haberi

379 2461 411 2486 ut
434 2456 479 2486 lex
501 2456 643 2496 obligans,
667 2467 759 2497 usque
777 2458 846 2488 dum
864 2458 918 2488 lioc
933 2458 1060 2489 declaret
1075 2468 1122 2489 re-

380 2506 609 2537 verendissimus
632 2511 715 2547 pater
737 2508 893 2546 generalis.

425 2597 439 2639 g
464 2595 495 2629 ΕΣ.
522 2596 601 2630 Cum
625 2602 731 2631 autem
748 2624 756 2640 ,
781 2598 864 2632 sicut
889 2598 1002 2633 eadem
1024 2608 1121 2643 expo-

381 2649 455 2683 sitio
492 2645 730 2694 subiungebat,
756 2652 941 2694 praedictus
978 2651 1120 2695 Uguccio

950 262 1129 287 nULLARtmt
1154 261 1310 287 ROMANUM
1899 259 1953 287 An.
1969 260 1999 288 C.
2022 261 2088 290 173⁴

1153 311 1251 344 Maria
1276 310 1524 344 constitutiones
1545 309 1742 349 huiusmodi,
1764 319 1828 352 quo
1846 307 1895 341 sn·-

1154 364 1234 397 miiis
1254 363 1432 396 subsistant
1457 373 1492 395 ac
1525 367 1692 395 serventur
1727 362 1867 395 exactius
1885 389 1892 402 ,

1154 418 1354 460 apostolicae
1381 416 1638 449 confirmationis
1675 420 1804 448 nostrae
1840 425 1895 458 pa·

1156 471 1295 503 trociuio
1321 469 1513 502 communiri
1533 479 1742 512 summopere
1768 468 1896 501 deside-

1155 519 1219 556 ret:
1259 534 1341 561 nos,
1368 523 1471 565 ipsum
1510 522 1726 564 Ugiiccionem
1763 521 1894 554 Mariam
1935 535 2069 556 onomat.

1154 577 1348 619 specialibus
1372 576 1534 609 favoribus
1564 581 1595 608 et
1612 575 1721 618 gratiis
1740 574 1895 619 prosequi

1153 630 1307 669 volentes,
1325 635 1356 662 et
1380 641 1396 661 a
1412 629 1578 672 quibusvis
1591 628 1898 661 excommunicatio-

1155 683 1216 722 nis,
1233 682 1460 726 suspensionis
1488 687 1520 714 et
1544 681 1732 721 interdicti,
1758 681 1896 725 aliisque

1155 735 1387 768 ecclesiasticis
1413 735 1597 774 sententiis,
1621 734 1766 767 censuris
1781 740 1899 777 etpoe-

1156 788 1227 827 nis,
1253 798 1270 820 a
1295 788 1364 820 iure
1389 789 1438 821 vel
1465 788 1504 820 ab
1531 787 1685 827 bomine,
1710 787 1822 830 quavis
1846 797 1898 820 oc-

1155 841 1288 874 casione
1316 842 1365 874 vel
1391 843 1486 874 eausa
1512 841 1596 880 latis,
1626 840 1651 873 si
1678 840 1796 884 quibus
1821 850 1898 883 quo-

1155 894 1338 927 modolibet
1369 894 1545 927 innodatus
1582 893 1709 933 existit,
1748 893 1787 926 ad
1824 892 1899 926 ess'e-

1155 953 1240 979 ctum
1266 947 1487 990 praesentium
1515 947 1678 980 dumtaxat
1696 956 1900 989 consequen-

1157 1000 1245 1039 dum,
1270 999 1385 1032 barum
1411 1000 1494 1032 serie
1521 1000 1725 1033 absolventes
1750 1005 1782 1032 et
1805 1000 1900 1032 abso-

1156 1054 1259 1085 lutum
1287 1053 1355 1086 sore
1381 1059 1552 1086 censentes
1569 1081 1576 1094 ,
1604 1053 1899 1097 supplicationibus

1157 1107 1226 1140 eius
1253 1107 1385 1140 nomine
1422 1107 1518 1140 nobis
1551 1117 1650 1151 super
1687 1107 1751 1140 lioc
1792 1106 1900 1140 liumi-

1157 1161 1233 1193 liter
1258 1161 1419 1204 porrectis
1445 1160 1615 1201 inclinati,
1649 1160 1898 1194 constitutiones

1157 1214 1385 1257 praeinsertas,
1412 1214 1607 1247 auctoritate
1633 1213 1831 1257 apostolica,
1853 1219 1900 1246 te-

1157 1277 1236 1300 nore
1262 1267 1506 1310 praesentium,
1531 1266 1763 1300 confirmamus
1789 1272 1821 1300 et
1845 1276 1901 1309 ap-

1158 1320 1346 1363 probamus,
1365 1320 1496 1364 illisque
1522 1319 1719 1354 inviolabilis
1744 1320 1902 1363 apostoli-

1135 1398 1136 1402 ,
1158 1385 1214 1407 cae
1237 1373 1394 1407 firmitatis
1409 1374 1509 1408 robur
1522 1373 1709 1415 adiicimus,
1731 1384 1768 1406 ac
1785 1383 1900 1407 omnes

1159 1432 1188 1459 et
1214 1426 1358 1469 singulos
1385 1432 1447 1459 tam
1475 1427 1552 1460 iuris
1590 1438 1685 1471 quam
1711 1426 1784 1459 sacti
1812 1426 1900 1459 dese-

1159 1485 1248 1522 ctus,
1285 1480 1309 1512 si
1337 1480 1390 1524 qui
1418 1481 1558 1524 desuper
1584 1480 1830 1524 quomodolibet
1853 1480 1902 1513 in-

1160 1533 1372 1574 tervenerint,
1398 1535 1600 1577 supplemus.

1203 1588 1218 1631 g
1243 1586 1273 1620 3.
1293 1587 1536 1627 Decernentes‚
1557 1587 1686 1620 easdem
1712 1591 1902 1630 praesentes
1913 1596 2095 1645 nni’r'ss.-⁰u³.‘,',‘¹²⁵l·2'f''

1160 1640 1285 1673 litteras
1311 1640 1430 1680 sirmas,
1456 1641 1577 1674 validas
1603 1646 1634 1674 et
1658 1640 1807 1673 efficaces
1836 1638 1982 1672 exi-mim.
2089 1633 2097 1640 ⁴

1161 1698 1247 1726 stere
1274 1698 1305 1726 et
1331 1693 1419 1734 sore,
1447 1703 1588 1736 suosque
1613 1692 1779 1737 plenarios
1805 1698 1836 1725 et
1857 1692 1903 1725 in-

1162 1751 1268 1789 tegros
1302 1745 1434 1779 effectus
1472 1746 1581 1779 sortiri
1616 1751 1647 1779 et
1671 1746 1838 1787 obtinere,
1864 1756 1902 1778 ac

1161 1799 1242 1840 illis,
1266 1800 1303 1832 ad
1331 1810 1412 1843 quos
1444 1804 1571 1843 spectat
1595 1805 1627 1833 et
1657 1809 1718 1843 pro
1750 1804 1899 1843 tempore

1163 1853 1435 1895 quandocumque
1472 1852 1647 1895 spectabit,
1681 1853 1715 1885 iri
1751 1852 1901 1886 omnibus

1163 1958 1202 1990 ab
1233 1958 1278 1991 eis
1310 1958 1490 2002 respective
1522 1959 1758 1992 inviolabiliter
1790 1959 1904 1992 obser-

1163 2011 1248 2053 vari,
1282 2011 1393 2055 sicque
1426 2012 1457 2044 in
1494 2012 1681 2055 praemissis
1714 2023 1772 2056 per
1804 2023 1904 2056 quos-

1163 2075 1300 2109 cumque
1321 2065 1446 2099 iudices
1472 2066 1655 2099 ordinarios
1674 2071 1705 2100 et
1725 2066 1902 2109 delegatos,

1163 2119 1261 2152 etiam
1287 2129 1456 2152 causarum
1484 2119 1594 2163 palatii
1621 2119 1792 2163 apostolici
1813 2119 1905 2153 audi-

1164 2178 1274 2213 tores,
1300 2172 1437 2206 iudicari
1471 2179 1502 2206 et
1534 2172 1662 2206 definiri
1700 2172 1841 2213 debere,
1868 2183 1905 2206 ac

1164 2226 1291 2259 irritum
1318 2232 1349 2260 et
1381 2227 1477 2260 inane
1510 2226 1536 2259 si
1570 2237 1662 2260 secus
1688 2237 1786 2271 super
1810 2227 1861 2260 his
1885 2238 1904 2260 a

1163 2290 1346 2323 quoquam,
1373 2280 1484 2323 quavis
1518 2279 1711 2313 auctoritate
1728 2307 1735 2321 ‚
1762 2279 1904 2314 scienter

1163 2334 1212 2366 vel
1239 2333 1448 2375 ignoranter,
1476 2333 1649 2376 contigerit
1673 2333 1835 2367 attentari.

1207 2386 1222 2430 §
1245 2386 1274 2418 74,
1301 2386 1371 2420 Non
1394 2386 1599 2420 obstantibus
1617 2387 1905 2421 constitutionibus
1916 2390 2098 2445 deffgggggimfl

1164 2443 1194 2472 et
1227 2439 1490 2472 ordinationibus
1521 2439 1728 2482 apostolicis,
1762 2450 1904 2482 necnon,
2030 2434 2035 2440 ’

1164 2497 1324 2536 quatenus
1341 2502 1424 2536 opus
1445 2493 1494 2532 sit,
1514 2492 1691 2536 supradicti
1711 2491 1853 2535 Ordinis,
1872 2504 1906 2527 a·

1165 2545 1255 2579 liisve
1268 2545 1448 2589 quibusvis,
1464 2545 1561 2579 etiam
1575 2546 1774 2586 iuramento,
1786 2545 1908 2579 confir-

1164 2599 1306 2632 matione
1332 2599 1522 2642 apostolica,
1550 2599 1599 2633 vel
1621 2600 1731 2643 quavis
1755 2599 1906 2633 firmitate

1164 2652 1226 2685 alia
1251 2652 1430 2692 roboratis,
1459 2652 1589 2685 statutis
1609 2657 1641 2685 et
1665 2652 1908 2686 consuetudini-
