2182 3137
50 220 98 242 Αιι.
117 217 147 239 a.
169 212 239 245 ⁴730,

53 376 82 396 De
98 377 166 399 9⁰⁰⁰ss
182 374 232 400 &⁰¹²7

52 404 84 423 ιη
94 400 145 423 illos,
171 403 192 418 ur
203 397 234 426 51·-

51 427 163 449 xer-intret
179 429 232 453 ².¹”.'

53 453 130 475 iuriosa
172 455 233 471 tmui-

51 480 98 501 slr'u
113 477 205 499 ordinis.

80 1163 108 1184 De
125 1164 191 1184 torma
205 1169 234 1184 νι-

52 1190 157 1211 nitationis
172 1196 238 1215 gene-

54 1217 103 1237 raus
118 1219 237 1237 nostrorum

54 1244 238 1264 monasteriorum.

873 206 1015 231 CLEMENS
1039 206 1058 230 X
1065 207 1086 229 11
1110 208 1160 230 1³1³.

453 286 648 316 Cousrrru‘rxo
671 282 778 313 LXVII.

283 357 385 388 Nullus
406 356 554 386 monachus
578 354 691 385 Ordinis
712 354 798 382 nostri
816 353 846 382 in
860 352 991 382 electione

244 417 290 436 seu
319 405 526 445 confirmatione
556 404 752 441 cuiuscumque
778 402 923 441 prioratus
945 410 992 430 cu-

244 455 355 486 iuslibet
389 453 550 483 monasterii
581 455 677 482 contra
708 451 912 490 confirmatores
944 459 992 479 seu

244 507 408 533 scrutatores
446 501 585 530 electionis
623 500 743 530 eiusdem
779 499 877 528 audeat
912 498 992 528 verba

244 551 450 581 comminatoria
472 549 514 578 uel
528 548 686 586 irreligiosa
699 549 839 587 proferre,
858 551 888 576 ut
908 547 992 576 iidem

243 600 448 638 confirmatores
479 597 521 627 vel
553 602 719 626 scrutatores
748 601 910 636 potestatem
940 595 993 625 sibi

244 649 415 678 commissam
444 651 491 676 aut
519 647 639 685 officium
660 647 753 675 minus
776 645 861 674 tibere
882 644 994 674 valeant

244 706 379 725 exercere.
405 694 458 731 Qui
480 695 683 733 contrafecerit,
708 695 767 733 ipso
798 696 870 732 facto
900 697 993 722 careat

246 754 307 774 coce
329 744 455 784 capituli,
490 744 573 772 donec
601 753 653 782 per
682 742 810 781 generale
839 741 994 781 capitulum

246 794 419 829 restituatur,
443 796 468 821 et
489 791 671 821 nihilominus
704 792 738 820 ad
769 791 993 830 confirmatorum

245 843 394 872 arbitrium
414 843 563 880 puniatur.
584 840 689 870 Eadem
711 850 815 879 quoque
835 841 923 879 poena
940 849 995 878 pu-

248 893 341 921 niatur
363 890 479 930 quilibet
499 894 635 919 scrutator
668 890 707 919 ael
739 890 924 929 confirmator,
947 889 995 927 qui

247 941 275 969 in
289 940 441 979 praedictis
457 939 546 968 rerbis
561 944 653 968 contra
671 938 816 977 quemlibet
834 938 994 975 eligentium

247 991 405 1019 excesserit.

450 1063 644 1093 cossinum
667 1062 788 1093 valn.

289 1134 328 1163 Ob
344 1138 444 1163 statum
460 1136 547 1163 nostri
564 1133 678 1164 Ordinis
699 1134 729 1162 in
752 1135 845 1163 saneta
861 1133 995 1171 religione

247 1182 396 1212 salubriter
417 1183 632 1212 conservandum
648 1183 738 1212 omnia
754 1187 847 1212 nostra
861 1186 995 1218 monaste-

247 1232 291 1260 ria
313 1231 395 1260 semel
423 1234 501 1270 infra
534 1231 669 1270 quodlibet
702 1233 855 1261 triennium
882 1240 995 1270 genera-

248 1280 313 1310 liter
335 1281 459 1312 volumus
482 1282 599 1310 visitari.
618 1280 705 1310 Porro
726 1282 792 1320 quia
813 1291 847 1310 ea*
868 1291 907 1315 eo,
926 1280 996 1320 qaod

249 1330 419 1359 visitationes
441 1339 489 1359 nec
512 1330 630 1359 studiose
650 1331 732 1369 fiunt,
750 1340 798 1359 nec
820 1330 885 1359 bene
906 1329 997 1359 obser-

250 1383 360 1415 vantur,
398 1388 495 1415 magna
533 1378 645 1407 Ordinis
680 1379 822 1408 dissolutio
859 1380 993 1417 sequitur,

250 1427 434 1456 visitatoribus
455 1427 578 1456 districte
601 1427 781 1465 iniungimus,
800 1432 829 1455 ut
852 1428 879 1456 in
901 1428 996 1456 visita-

249 1475 367 1504 tionibus
399 1474 513 1504 solliciti
544 1477 599 1504 sint
627 1481 650 1504 et
680 1476 807 1511 studiosi,
831 1481 854 1504 et
877 1477 996 1514 formam

249 1522 302 1551 sibi
333 1524 365 1552 de
396 1524 524 1562 faciendri
560 1525 716 1553 visitatione
751 1525 882 1553 traditam
916 1524 995 1553 nullzi

249 1572 487 1610 transgrediantur
502 1582 536 1601 ex
549 1577 629 1610 parte
641 1585 651 1607 ,-
665 1573 801 1610 alioquin,
813 1577 899 1611 prout
914 1572 996 1611 culpa

248 1621 378 1658 exegerit,
399 1631 450 1659 per
470 1621 598 1659 generale
619 1621 771 1660 capitulum
795 1621 914 1660 legitime
943 1630 997 1659 pa-

249 1669 370 1698 nientur.
403 1670 501 1699 Priore
533 1670 619 1707 igitur
640 1675 665 1698 et
692 1670 832 1699 monachis
864 1670 998 1699 visitandi

250 1719 408 1748 monasterii
430 1719 464 1747 ad
485 1718 602 1755 cymbali
624 1719 733 1756 siguum
752 1720 781 1748 in
799 1718 920 1758 capitulo
935 1728 996 1747 con-

246 1767 376 1805 gregatis,
399 1768 553 1806 praemissa
584 1768 715 1804 oratione,
743 1778 811 1806 qaae
844 1769 874 1796 in
905 1769 997 1806 forma

248 1819 295 1845 se'u
317 1815 438 1855 capitulo
459 1816 599 1845 electionis
614 1817 734 1855 inferius
750 1821 908 1851 animtatur,
926 1826 997 1845 unus

250 1864 420 1893 visitatorum
443 1864 566 1903 aliquam
593 1865 625 1894 de
653 1866 826 1894 observantia
853 1865 1019 1908 religionis¹

249 1918 272 1942 et
295 1914 326 1942 de
348 1914 501 1943 obedientia
519 1915 633 1953 proprii
660 1916 779 1953 pastoris
811 1919 892 1953 atque
923 1925 997 1943 rere-

251 1965 350 1997 rentiri,
372 1968 454 2002 prout
476 1963 610 1993 Dominus
636 1965 752 2002 dederit,
781 1965 997 1994 exhortationem

247 2017 404 2050 proponat:
422 2011 492 2041 lecta
514 2013 610 2042 deinde
628 2014 769 2051 praesenti
790 2015 883 2052 forma
899 2014 997 2042 visita-

249 2062 342 2097 tionis,
365 2061 421 2099 ipsi
438 2061 590 2090 visitatores
612 2062 704 2100 priori
725 2072 757 2091 ae
778 2062 920 2091 monac-liis
941 2064 997 2092 Dei

250 2120 280 2139 aa:
308 2109 426 2149 capituli
449 2110 589 2148 generalis
615 2111 778 2140 auctoritate
806 2112 994 2150 praecipiant,

250 2163 278 2187 ut
301 2168 394 2188 eorum
416 2158 521 2197 singuli
542 2158 574 2187 de
593 2159 690 2198 priore
712 2163 737 2188 et
759 2159 791 2188 de
815 2169 843 2189 se
872 2160 941 2198 ipsis
963 2160 997 2189 ad
1017 2176 1019 2186 ι

251 2208 382 2245 inuicem,
406 2217 438 2237 ac
458 2208 491 2236 de
511 2212 583 2236 statu
615 2208 719 2242 domus,
744 2208 889 2247 quicquid,
913 2218 998 2247 super

251 2256 291 2285 his
314 2256 345 2286 de
367 2256 464 2294 quibus
486 2257 649 2294 interrogati
672 2257 799 2295 suerint,
823 2258 997 2286 accusatione

252 2305 365 2342 dignum
386 2305 428 2334 vel
456 2305 642 2334 emendatione
673 2306 856 2343 cognoverint,
891 2307 997 2335 sincere

251 2354 303 2383 sibi
324 2354 461 2392 notificent
474 2364 483 2382 .·
507 2353 666 2383 nullatenus
692 2363 784 2383 amore
805 2354 847 2383 vel
868 2355 928 2384 odio
949 2365 998 2384 seu

251 2403 348 2431 timore
364 2403 538 2440 cuiusquam,
554 2401 643 2431 aliave
665 2402 860 2441 qualicumque
882 2403 998 2433 occasio-

254 2461 296 2487 ne,
318 2451 433 2479 veritate
455 2453 625 2488 suppressa,·
656 2460 707 2484 ne,
731 2452 755 2480 si
777 2460 852 2480 secus
879 2452 995 2489 egerint,

251 2508 312 2529 cum
332 2499 434 2536 grandi
454 2499 538 2527 etiam
558 2508 673 2528 suarum
693 2499 819 2538 periculo
840 2500 998 2529 animarum

250 2557 363 2585 grauem
384 2548 530 2576 incurrant
547 2546 661 2576 Ordinis
675 2547 864 2587 disciplinam.
884 2547 999 2578 Verum-

253 2601 342 2625 tamen
364 2597 393 2625 in
425 2600 558 2631 conventu
589 2606 635 2624 seu
664 2596 758 2634 palam
793 2596 863 2626 nulli
894 2598 997 2626 crimen

1031 257 1185 295 imponant,
1202 257 1273 294 quod
1291 257 1406 296 probari
1429 267 1480 286 non
1501 257 1609 296 possit:
1629 266 1663 286 ne
1676 265 1777 295 poena,

1032 315 1085 343 qua
1107 310 1246 335 teneretur
1267 305 1373 334 delatus
1395 307 1419 334 si
1441 307 1649 335 convinceretur
1671 306 1703 335 de
1725 306 1780 334 cri-

1033 355 1118 390 mine,
1140 354 1171 382 in
1183 353 1343 392 probatione
1358 354 1511 393 deficientes
1527 354 1659 383 involvat.
1677 354 1778 383 Eadem

1033 410 1137 439 quoque
1157 402 1237 439 prior
1258 411 1351 430 eorum
1373 405 1423 431 suci
1444 403 1606 431 auctoritate
1638 403 1677 432 eis
1696 412 1779 441 prae-

1033 450 1128 488 cipiat.
1151 448 1300 479 Sciendum
1323 459 1401 486 vero,
1421 451 1499 488 quod,
1517 460 1579 479 cum
1593 451 1664 489 fiunt
1684 451 1782 480 visita-

1034 499 1120 527 tiones
1139 507 1191 536 per
1214 497 1357 536 Ordinem,
1382 500 1411 528 in
1434 500 1612 538 inquisitione
1641 501 1697 529 sive
1716 510 1781 539 pro-

1035 546 1140 576 batione
1170 546 1317 586 culparum
1336 553 1516 586 praeceptum
1545 549 1710 578 obedientiae
1731 559 1782 588 pro

1034 597 1189 625 iuramento
1210 596 1334 625 liabetur.
1359 596 1474 626 Possunt
1496 602 1587 627 tamen
1618 599 1780 636 visitatores,

1035 647 1059 674 si
1074 646 1113 674 eis
1135 645 1283 682 videbitur,
1307 646 1337 674 in
1356 646 1486 683 gravibus
1507 647 1614 676 casibus
1633 657 1686 686 pro
1707 657 1784 676 reee-

1036 694 1119 723 tanda
1141 695 1243 723 certius
1275 698 1300 723 et
1327 694 1443 730 plenius
1471 697 1602 730 veritate,
1626 696 1674 725 sub
1694 699 1782 735 poena

1035 743 1326 772 ea'communicationis
1345 743 1508 782 praecipere
1524 753 1555 772 ac
1570 745 1652 773 etiam
1674 746 1784 782 exigere

1037 793 1236 820 iuramentum.
1271 791 1453 830 Praecipiunt
1486 801 1590 830 quoque
1624 794 1693 831 ipsis
1708 817 1715 830 ‚
1750 803 1784 821 ne

1036 840 1236 875 conventicula,
1259 841 1489 879 congregationeS,
1512 842 1570 870 sive
1588 841 1785 880 confabulatio-

1037 899 1084 917 ncs
1099 899 1184 928 super
1205 890 1373 918 visitationis
1394 891 1466 927 facto
1487 891 1594 928 faciant
1615 890 1657 919 vel
1676 895 1785 928 pertra-

1036 941 1130 972 ctent,·
1153 948 1181 966 se
1201 937 1329 966 videlicet
1344 938 1461 967 invicem
1476 938 1639 973 inducendo,
1664 939 1734 977 quod
1756 939 1783 967 in

1038 987 1126 1025 ipsius
1149 987 1312 1016 visitationis
1329 988 1432 1024 negotio
1447 986 1550 1026 falsum
1565 989 1720 1027 proferant,
1738 992 1785 1016 aut

1039 1036 1181 1065 veritatem
1213 1035 1379 1064 subticeant.
1414 1035 1519 1066 Deinde
1551 1038 1628 1065 carta
1658 1037 1786 1075 proxime

1038 1085 1211 1113 visitatorum
1244 1084 1469 1123 praecedentium
1491 1084 1577 1114 allatii
1592 1109 1599 1122 ,
1633 1089 1658 1113 et
1694 1094 1783 1114 coram

1037 1133 1160 1162 omnibus
1184 1133 1261 1168 lecta,
1283 1134 1365 1172 prior
1387 1138 1411 1162 et
1435 1134 1561 1162 monachi
1587 1134 1622 1162 ad
1654 1144 1686 1163 ea
1718 1144 1785 1172 quae

1038 1182 1187 1220 ‘unicuique
1209 1182 1353 1211 inuninent
1374 1182 1503 1220 facienda
1531 1182 1668 1211 secedant.
1700 1182 1786 1212 Porro

1037 1232 1067 1260 in
1090 1231 1259 1264 visitatione,
1286 1231 1318 1259 de
1339 1231 1480 1260 monachis
1501 1230 1610 1260 clericis
1636 1235 1661 1260 et
1685 1232 1786 1270 fratri-

1038 1279 1085 1308 bus
1106 1280 1242 1309 conversis
1266 1289 1319 1318 per
1339 1279 1484 1308 monachos
1504 1279 1618 1309 clericos
1640 1284 1665 1310 et
1682 1282 1786 1318 fratres

1037 1337 1178 1357 conversos
1211 1328 1353 1366 inquisitio
1384 1328 1441 1366 siat.
1469 1327 1587 1357 Possunt
1615 1333 1706 1357 tinnen
1728 1339 1786 1357 sae—

1037 1376 1147 1406 culares
1177 1377 1271 1413 etiam,
1295 1377 1318 1406 si
1340 1377 1395 1406 siut
1417 1377 1518 1415 idonei,
1542 1378 1572 1406 in
1601 1378 1784 1407 testimonium

1038 1426 1135 1465 recipi,
1159 1426 1184 1455 si
1206 1426 1270 1464 quid
1287 1425 1448 1464 probatione
1469 1426 1583 1464 indiget,
1612 1430 1638 1455 et
1665 1436 1717 1465 per
1738 1436 1786 1455 no-

1038 1478 1108 1503 stros
1131 1474 1246 1513 probari
1277 1484 1330 1503 non
1355 1478 1454 1513 potest.
1487 1474 1523 1503 At
1545 1484 1609 1504 *rero
1630 1476 1786 1505 visitatores

1039 1531 1092 1551 non
1109 1523 1194 1561 facile
1216 1523 1328 1551 credant
1349 1523 1424 1551 omni
1445 1524 1570 1562 spiritui,
1596 1533 1642 1553 nec
1667 1523 1784 1562 aliquem

1038 1581 1073 1600 eas
1091 1571 1148 1600 solii
1170 1572 1325 1610 suspicione
1357 1582 1403 1600 seu
1434 1573 1659 1611 praesumptione
1690 1573 1787 1601 conde-

1038 1625 1142 1649 mnent.
1166 1619 1280 1649 Surnnui
1304 1630 1366 1648 cero
1388 1630 1450 1649 cum
1472 1620 1618 1658 diligentia
1640 1622 1667 1650 in
1682 1622 1787 1657 primis

1038 1679 1123 1707 super
1152 1669 1326 1709 pactionibus
1360 1668 1400 1697 vel
1432 1669 1661 1707 promissionibus
1676 1694 1682 1703 ,
1720 1679 1787 1707 quas

1036 1719 1146 1756 priores
1169 1718 1208 1747 rel
1236 1718 1373 1752 nionacki,
1398 1718 1579 1747 visitationem
1612 1719 1747 1756 timentes,
1771 1729 1786 1747 a

1038 1767 1175 1805 fratribus
1211 1768 1268 1796 suis
1305 1767 1442 1796 interdum
1477 1772 1648 1805 ezrtorquent,
1686 1773 1786 1796 secreto

1038 1815 1160 1853 singulos
1175 1819 1385 1854 perscrutentur
1400 1827 1410 1850 ;
1435 1824 1501 1853 quas
1516 1817 1603 1853 saetas
1619 1817 1783 1854 repererint,

1039 1864 1145 1893 solvant
1159 1889 1165 1898 ‚
1189 1868 1214 1892 et
1234 1865 1314 1903 prior
1338 1863 1379 1892 vel
1401 1863 1549 1892 monachus
1579 1864 1608 1892 in
1631 1863 1681 1892 tali
1702 1864 1785 1902 culpufi

1039 1913 1224 1951 deprehensus
1259 1912 1293 1941 ad
1324 1912 1448 1951 ipsorum
1483 1911 1630 1940 arbitrium
1662 1913 1786 1949 graviter

1036 1962 1184 2000 puniatur.
1203 1961 1311 1990 Attente
1327 1970 1431 1999 quoque
1453 1962 1607 1999 inquirant,
1624 1961 1648 1990 si
1664 1961 1786 1989 visitatio

1036 2011 1164 2049 prooeime
1192 2011 1345 2049 praeterita
1378 2010 1443 2039 bene
1474 2010 1562 2048 suerit
1589 2009 1737 2043 observata,
1761 2014 1786 2038 et

1039 2069 1118 2098 quem
1140 2059 1306 2099 culpabilem
1329 2060 1358 2088 in
1380 2069 1434 2087 non
1455 2059 1589 2088 servando
1616 2059 1783 2091 invenerint,

1039 2109 1093 2138 sire
1115 2109 1150 2137 sit
1170 2108 1314 2148 praelatus
1336 2108 1390 2136 sire
1408 2107 1541 2142 subditus,
1563 2108 1642 2145 gravi
1660 2108 1786 2136 animad-

1038 2158 1160 2186 versione
1193 2158 1333 2195 castigent.
1368 2156 1477 2185 Attente
1508 2157 1589 2185 ctiam
1611 2160 1636 2185 et
1657 2155 1784 2191 sollicite,

1040 2216 1093 2235 uon
1114 2206 1232 2235 obstante
1253 2205 1347 2243 aliqud
1370 2205 1556 2234 benevolentia
1585 2215 1654 2243 quae
1675 2206 1704 2233 in
1723 2205 1784 2233 sub-

1039 2257 1192 2285 zvrsionem
1217 2254 1330 2284 Ordinis
1363 2254 1513 2293 aliquando
1545 2254 1699 2291 erlribctur,
1722 2254 1785 2282 dili<

1037 2308 1132 2342 genter
1153 2305 1186 2333 de
1208 2303 1375 2342 negligentia
1400 2305 1529 2342 priorum
1558 2303 1711 2341 inquirant,
1745 2305 1785 2331 vi-

1039 2352 1157 2382 delicet:
1174 2353 1198 2381 si
1212 2353 1272 2381 sine
1285 2361 1467 2390 personarum
1487 2351 1641 2389 acceptione
1660 2352 1783 2389 puniunt

1040 2401 1218 2439 negligentias
1240 2405 1264 2429 et
1286 2410 1433 2434 accessum
1467 2401 1491 2428 si
1522 2401 1576 2428 sint
1598 2399 1723 2429 carnales
1744 2400 1785 2428 vet

1040 2451 1158 2479 nimiam
1179 2448 1333 2478 saeculares
1345 2460 1355 2483 ,·
1384 2450 1409 2477 si
1430 2449 1495 2477 (lant
1518 2447 1672 2486 ewernplum
1695 2448 1785 2477 subdi-

1040 2500 1074 2528 tis
1095 2500 1124 2528 in
1145 2499 1346 2538 frequentamto
1367 2497 1519 2533 ecclesiam,
1554 2499 1584 2526 in
1612 2498 1786 2527 abstinentiis

1039 2552 1064 2576 et
1086 2548 1152 2577 aliis
1173 2547 1352 2576 observantiis
1376 2545 1489 2575 Ordinis
1502 2557 1512 2579 ,·
1542 2548 1566 2574 si
1587 2550 1688 2575 statuta
1710 2548 1785 2585 capi-

1039 2596 1092 2625 tuli
1112 2595 1249 2635 generalis
1267 2595 1373 2633 faciunt
1395 2594 1543 2630 observari,
1556 2605 1608 2633 per
1624 2596 1696 2634 ipsos
1711 2597 1782 2624 enim

1787 208 1837 230 Au.
1855 206 1884 231 (ἶ.
1909 205 1978 231 ἱῗ30
