2182 3137
43 191 96 217 An.
113 189 142 217 C.
164 188 232 215 1730

856 189 998 212 CLEMENS
1024 190 1069 212 XII
1095 191 1144 213 1³1³.

1669 181 1730 214 491
1781 191 1831 217 An.
1847 191 1877 218 c.
1899 191 1969 220 ¹730

240 237 415 275 peragendis
436 237 614 273 iuramento,
638 246 705 265 vasa
721 245 816 273 sacra,
835 241 939 270 vestes,
956 241 985 265 et
1005 263 1007 288 ,
1027 237 1073 266 nis
1095 238 1126 267 B.
1154 238 1281 276 Virginis
1307 240 1432 277 Mariae,
1463 241 1493 269 in
1526 240 1599 269 festo
1631 239 1768 278 Corporis

239 285 382 324 reliquam
415 285 536 315 sacrarii
569 284 783 324 supellectilem
817 284 983 313 inventario
1004 289 1006 325 ,ἦ
1027 285 1150 322 Christi,
1174 292 1201 315 et
1224 287 1288 316 aliis
1313 297 1362 326 pro
1386 293 1517 326 tempore
1534 288 1708 322 indicendis,
1725 291 1771 317 at-

238 333 428 372 descriptam,
452 343 508 372 qua
533 342 586 372 par
601 333 639 362 sit
657 333 792 362 decentia
815 336 844 362 et
867 332 984 361 mundi-
1004 326 1006 370 i
1025 343 1080 371 que
1103 334 1163 362 iltis
1196 335 1335 372 proinde,
1360 337 1433 365 ultra
1457 337 1594 365 salarium
1618 345 1769 370 annuum,

239 382 288 420 tia,
307 382 466 411 curandam
489 386 517 411 et
540 381 761 411 custodiendam
785 380 937 419 suscipiat,
955 384 983 409 et
1004 374 1005 408 l
1025 381 1238 419 quinquaginta
1263 383 1369 420 regalia
1403 384 1432 412 in
1466 384 1558 413 Natali
1582 385 1718 422 Domini,
1742 388 1771 413 et

238 431 366 468 singula,
390 440 465 469 quae
488 430 586 459 missis
612 429 798 458 celebrandis
815 429 982 458 necessaria
1003 424 1005 463 i
1026 429 1144 458 totidem
1178 430 1206 458 in
1242 432 1315 459 fcsto
1337 432 1502 461 Nativitatis
1524 436 1553 461 S.
1579 432 1695 462 Ioannis
1717 433 1770 462 Ba-

238 483 318 516 sum,
344 483 501 517 praeparet
523 487 556 507 ac
579 478 727 516 disponat.
753 478 826 507 IIuic
842 478 929 507 etiam
946 487 981 507 ex

237 527 405 557 academiae
428 527 620 566 proventibus
636 536 765 564 congrua
783 536 894 556 merces
910 527 982 556 assi-

237 575 389 613 gnabitur,
413 576 534 614 triginta
557 576 698 605 nimirum
718 575 809 605 librae
825 576 871 605 die
888 575 980 604 Natali

237 624 372 660 Domini⁷
397 624 579 663 totidemque
612 624 658 654 die
693 624 786 653 Natali
810 625 840 653 S.
865 624 981 653 Ioannis

236 672 394 710 Baptistae.

277 721 377 751 Caerei
408 721 443 750 ad
466 721 567 750 sacelli
594 721 736 750 solemnia
761 722 921 751 necessarii
946 731 980 751 ex

238 770 404 799 academiae
439 779 528 800 censu
544 794 552 808 ,
583 780 641 800 non
666 770 805 800 sacristae
827 771 980 809 impensis,

239 824 460 858 comparentur.
497 819 531 848 IIi
565 829 633 848 xero
666 824 801 858 sumptus
826 820 861 849 ad
886 824 983 858 prote-

239 868 329 897 ctoris
351 868 519 897 academiae
542 869 722 898 voluntatem
741 868 865 898 faciendi
880 873 908 898 et
923 878 983 899 mo-

238 916 359 945 derandi
391 921 478 946 erunt
497 941 503 954 ,
529 917 637 955 fietque
660 917 766 946 solutio
791 927 840 956 per
863 919 983 947 manda-

239 970 299 993 tum
322 964 358 993 ab
381 965 531 994 ordinario
555 965 655 995 sacelli
682 966 832 995 visitatore
855 966 982 996 subscri-

238 1012 379 1042 bendum.

278 1061 404 1091 Sacrista
438 1062 580 1091 clericum
615 1063 776 1102 praeficict,
802 1064 851 1102 qui
885 1064 983 1093 missis

238 1109 423 1139 celebrandis
446 1111 595 1141 ministret
618 1116 645 1141 et
667 1112 795 1141 sacrario
818 1113 981 1150 inserviat,

83 736 113 757 De
129 735 226 759 caereis,

43 768 161 792 oui-uimine
190 768 226 782 iui-

44 795 123 816 pensis,

239 1217 304 1237 cum
329 1209 555 1247 superpelliceo,
579 1209 792 1248 quinquaginta
817 1210 924 1247 regalia
953 1211 983 1240 in

238 1256 335 1286 Natali
357 1257 484 1289 Domini.
508 1258 686 1297 totidemque
710 1259 739 1287 in
758 1259 830 1288 sesto
845 1259 985 1288 Nativita-

240 1305 276 1335 tis
299 1307 328 1335 S.
353 1306 470 1335 Ioannis
492 1307 641 1345 Baptistae
664 1312 835 1345 erogentur.

279 1354 446 1393 Presbyteri
479 1355 658 1393 capellanias
683 1356 826 1394 praefatas
852 1356 985 1386 obtinen-

240 1408 294 1442 tes,
313 1403 445 1442 quotidie
465 1404 569 1432 missas
586 1404 615 1433 in
632 1404 799 1434 academiae
816 1405 923 1435 sacello
940 1416 986 1435 ce—

240 1452 355 1482 lebrare
383 1456 538 1481 teneantur
569 1452 649 1482 horis
673 1462 725 1491 pro
748 1453 852 1482 maiori
881 1463 986 1492 oppor-

240 1501 365 1530 tunitate
398 1502 595 1540 professorum
627 1506 654 1531 et
676 1502 855 1532 scholarium
879 1512 893 1531 a
917 1512 986 1532 can-

240 1550 361 1579 cellario
384 1549 590 1588 praefigendis.

279 1599 382 1628 Missae
417 1598 604 1637 applicentur
639 1607 691 1637 pro
719 1607 786 1636 rege
810 1599 932 1638 eiusque
955 1600 984 1629 in

239 1656 330 1685 regno
353 1645 585 1683 successoribus,
611 1656 662 1684 pro
685 1646 851 1676 academiae
868 1647 986 1677 benefa-

240 1695 372 1725 ctoribus
395 1695 587 1734 eiusdemque
610 1696 813 1729 incremento,
839 1700 866 1726 et
888 1697 917 1725 in
941 1706 986 1726 sa-

240 1744 318 1774 niori
340 1744 471 1773 doctrina
486 1767 493 1781 ,
517 1743 654 1772 omnibus
680 1744 798 1773 reiectis
820 1744 983 1782 erroi'ibuS,

241 1793 392 1827 firmitate,
417 1793 562 1821 reservata
587 1792 753 1822 intentione
776 1793 847 1831 ipsis
867 1792 985 1831 presby-

241 1841 312 1870 teris
344 1840 458 1870 duobus
492 1845 605 1870 tantum
628 1841 664 1870 ad
687 1841 804 1870 libitum
827 1841 932 1870 diebus
955 1842 984 1871 in

241 1889 372 1926 singulas
405 1889 610 1918 headomadas.
643 1889 674 1918 ln
706 1899 739 1919 eo
764 1893 860 1919 tamen
886 1891 987 1919 missa-

242 1947 308 1967 rum
344 1947 467 1967 numero
502 1942 710 1976 computentur
742 1939 830 1975 illae,
855 1948 926 1977 quas
956 1941 984 1968 in

244 1987 443 2025 professorum
466 1991 493 2016 et
520 1987 672 2016 doctorum
705 1988 807 2017 sunere
841 1988 985 2018 celebrari

243 2036 389 2065 sancitum
411 2039 465 2064 est.

45 1375 123 1396 Missae
133 1374 228 1401 quotidie

47 1402 198 1423 celebrandae.

98 1612 136 1632 Pro
152 1612 229 1638 quibus

44 1638 197 1665 applicandae.

84 2097 232 2127 Anniversarifi
284 2084 362 2113 Iusta
396 2084 597 2113 anniversaria
621 2084 809 2114 serenissimo
832 2085 986 2123 IIispania-

49 2128 164 2176 ffi‘sso‘ffie
185 2124 233 2144 ΡΜ
244 2141 308 2161 rum
332 2132 392 2170 regi
417 2132 550 2171 Philippo
566 2132 599 2170 V,
618 2133 822 2162 Cervariensis
844 2134 932 2163 huius
955 2144 988 2163 u-

244 2180 424 2210 niversitatis
448 2181 561 2218 parenti
592 2185 620 2210 et
643 2182 790 2211 fundatori
815 2183 988 2220 praeclaris-

244 2229 329 2265 simo,
355 2230 493 2265 maxima,
519 2235 550 2259 nt
574 2240 626 2268 par
642 2235 697 2267 est,
714 2230 867 2260 clebritate
884 2241 988 2270 perpe-

245 2279 295 2307 tuo
318 2279 509 2316 imposterum
544 2279 572 2307 in
603 2280 770 2309 academiae
793 2281 900 2309 sacello
924 2290 988 2319 per-

245 2327 406 2356 solvantur.

74 2384 234 2411 Gapoilanorum
283 2375 431 2413 Capeliani
468 2375 671 2413 solemnibus,

710 2386 783 2415 qnae
817 2377 846 2406 iii
882 2378 988 2407 sacello

53 2415 127 2432 onera.

246 2472 400 2502 intersint:
438 2473 592 2509 videlicet,
616 2473 645 2502 in
679 2474 725 2502 die
760 2474 788 2502 S.
824 2474 933 2510 Lucae;
959 2475 988 2504 in

247 2521 523 2551 commemoratione
545 2521 747 2550 anniversaria
772 2531 822 2560 pro
845 2523 989 2552 academi-

249 2569 291 2598 cis
313 2569 468 2606 defunctis,
492 2569 521 2598 iii
545 2569 669 2598 solemni
692 2572 795 2599 octavii
818 2570 988 2609 Coiiceptio-

246 2423 411 2452 academiae
433 2423 631 2460 celebrantur,
652 2425 887 2464 quibusciinniue
907 2426 988 2455 festis
1009 2436 1010 2439 ¹

1025 478 1129 515 ptistae
1146 478 1362 516 dependantur.

1065 525 1180 554 'fabella
1205 527 1239 554 ad
1262 527 1424 556 sacristiam
1447 529 1531 557 affixa
1561 533 1618 557 tam
1645 529 1771 566 capella-

1025 583 1087 608 nos,
1112 584 1198 613 quam
1218 576 1369 604 sacristam
1382 581 1409 605 et
1425 577 1559 614 clericos,
1577 578 1646 615 qnid
1665 582 1693 606 et
1710 587 1769 616 quo

1025 626 1155 660 tempore
1179 632 1229 660 pro
1254 632 1374 652 munere
1398 629 1548 662 praestare
1564 624 1703 662 debeant,
1721 626 1769 654 de-

1024 672 1135 709 scripto
1159 671 1253 710 palam
1277 672 1456 701 admonebit.

1064 720 1220 758 Antiquior
1257 721 1420 757 theologiae
1461 721 1606 759 professor
1644 722 1769 759 singulis
1781 734 1891 759 Antiquior
1901 734 1962 754 ineo-

1026 768 1176 797 inensibus
1199 768 1365 797 academiae
1384 769 1524 798 sacellum
1542 770 1660 804 invisat,
1678 771 1769 799 soler·
1781 760 1964 786 ¹''²'⁴¹⁰¹“⁰s*'‘³⁰¹'

1781 786 1852 806 ..icelii
1876 786 1963 807 ‹ii-dina-

1025 821 1069 846 ter
1091 817 1289 856 inquisiturus
1312 826 1382 846 num
1399 818 1562 857 cappellani
1585 824 1613 847 et
1635 813 1822 855 sacrista,rius
1839 813 1944 834 “fisum‘'

1003 894 1004 897 ,
1025 866 1101 904 quod
1124 875 1209 895 saum
1233 870 1288 902 est,
1313 871 1450 895 accurate
1473 867 1641 905 perficiant3
1675 871 1770 906 eaque

1025 915 1060 943 de
1084 924 1135 952 re,
1160 915 1183 944 si
1207 925 1280 953 opus
1303 915 1414 951 fuerit,
1439 916 1648 945 cancellarium
1671 917 1771 946 adino-

1004 991 1005 998 ,
1026 968 1110 1000 neat,
1136 965 1184 1002 qui
1210 966 1269 993 una
1291 974 1357 993 cum
1381 965 1515 1003 theologo
1553 966 1702 995 visitatore
1743 971 1772 996 et

1003 1004 1005 1014 i

1027 1013 1181 1051 utriusque
1213 1013 1286 1042 iuris
1321 1014 1486 1059 professore
1520 1020 1658 1052 perpetuo
1681 1015 1770 1044 semel

1004 1062 1183 1103 1quotannis
1205 1062 1346 1091 sacellum
1377 1063 1483 1098 adeat,
1514 1063 1711 1102 universaque
1743 1068 1773 1093 et

1004 1114 1006 1141 i
1026 1110 1152 1148 singula,
1178 1120 1251 1148 quae
1269 1110 1341 1139 illud
1359 1115 1504 1149 spectant,
1521 1111 1701 1149 diligentiori
1722 1121 1771 1140 ex-

239 1159 298 1197 cui,
324 1164 438 1198 praeter
460 1164 571 1189 vestem
590 1161 755 1190 ministerio
772 1167 983 1200 congruentem
1005 1178 1006 1199 1

1026 1159 1123 1188 amine
1148 1161 1309 1198 perquirat.

1067 1207 1204 1245 Magistro
1228 1207 1390 1245 theologiae
1406 1232 1413 1245 ,
1440 1208 1584 1237 visitatori
1608 1209 1771 1247 ordinario,

1027 1257 1056 1286 iii
1081 1257 1152 1285 festo
1174 1257 1341 1286 Nativitatis
1364 1257 1478 1286 Domini
1510 1258 1637 1295 gallinae
1666 1258 1775 1287 duode-

1028 1306 1083 1333 cim
1107 1305 1316 1334 attribuentur.

1147 1380 1210 1409 Τιτ.
1235 1380 1330 1409 XLIII.
1355 1399 1394 1403 —
1417 1381 1455 1410 De
1475 1383 1649 1420 primicerio.

1069 1451 1259 1481 Definitoruin
1293 1452 1451 1481 concilium
1467 1475 1474 1487 ,
1513 1453 1589 1491 quod
1627 1457 1691 1491 post
1733 1454 1774 1482 fe-

1029 1506 1105 1530 stum
1139 1502 1168 1529 S.
1204 1501 1297 1530 Lucae
1327 1500 1549 1535 convocabitur,
1580 1503 1672 1530 sacris
1706 1506 1773 1531 ante

1028 1551 1057 1579 in
1081 1550 1247 1579 academiae
1270 1549 1376 1578 sacello
1409 1550 1445 1577 de
1471 1549 1655 1587 implorando
1679 1550 1773 1580 divini

1029 1599 1156 1637 Spiritus
1181 1598 1300 1626 numine
1324 1601 1379 1626 rite
1404 1598 1551 1636 peractis,
1577 1598 1704 1636 primum
1737 1608 1772 1627 ex

1030 1646 1230 1683 theologorum
1254 1645 1387 1683 collegio,
1411 1650 1470 1674 tum
1494 1646 1618 1685 reliquis
1634 1646 1773 1685 deinceps

1029 1695 1113 1724 annis
1137 1695 1307 1723 iuristarum
1323 1717 1330 1730 ,
1355 1695 1560 1732 medicorum,
1587 1696 1774 1734 philosopho-

1029 1754 1106 1781 rum,
1132 1744 1332 1782 primicerium
1355 1743 1491 1780 creabit,
1515 1744 1565 1783 qni
1588 1745 1735 1774 secundus
1757 1755 1773 1774 a

1029 1793 1206 1823 cancellario
1239 1793 1421 1822 solemnibus
1439 1817 1446 1830 ,
1470 1803 1546 1832 quae
1569 1794 1598 1822 in
1623 1794 1685 1832 ipso
1707 1804 1773 1823 aca-

1029 1842 1142 1871 demiae
1175 1841 1282 1870 sacello
1307 1841 1514 1878 celebrantur,
1538 1841 1619 1870 festis
1643 1843 1772 1880 praesit,

1029 1896 1115 1930 atque
1139 1890 1289 1928 provideat
1313 1894 1343 1918 ut
1367 1894 1501 1919 accurate
1523 1894 1551 1919 et
1572 1890 1651 1919 iuxta
1682 1891 1773 1920 ritum

1029 1939 1232 1968 universitatis
1250 1943 1439 1977 peragantur,
1456 1938 1565 1977 quique
1583 1939 1723 1977 pecuniae
1739 1941 1775 1969 ea.

1029 1987 1064 2016 de
1086 1989 1174 2016 causa
1188 1987 1395 2024 expendendae
1412 1991 1555 2016 rationein
1572 1987 1688 2025 habeat,
1700 1997 1775 2027 quae

1030 2036 1235 2074 praesentibus
1258 2036 1394 2065 distribui
1419 2036 1509 2065 solet:
1533 2036 1591 2065 duo
1608 2046 1713 2075 nempe
1729 2046 1775 2066 re-

1029 2085 1104 2122 galia
1139 2085 1264 2122 singulis
1295 2084 1486 2120 doctoribus,
1510 2085 1625 2122 singula
1649 2085 1773 2123 singulis

1030 2134 1186 2171 ministris,
1211 2134 1378 2172 primicerio
1397 2137 1425 2162 et
1441 2133 1616 2162 cancellario
1635 2139 1772 2172 quatuor,

1030 2183 1187 2212 dummodo
1222 2186 1389 2221 praesentes
1426 2182 1560 2219 fuerint,
1598 2182 1773 2220 dispertien-

1030 2231 1115 2259 dam¹
1138 2234 1233 2266 curet,
1259 2234 1290 2259 ut
1313 2230 1385 2259 niliil
1410 2230 1477 2259 inde
1500 2230 1668 2259 detrimenti
1691 2240 1773 2260 aera-

1879 1452 1886 1459 .

1798 1470 1813 1490 A
1829 1469 1907 1495 quihus
1921 1475 1968 1490 cre—

1784 1496 1852 1516 andus
1868 1497 1967 1522 primice-

1785 1529 1837 1543 rius.

1008 2308 1010 2321 ,ι
1031 2279 1107 2308 rium
1130 2279 1296 2308 academiae
1321 2279 1458 2317 patiatur.

1070 2327 1098 2357 Si
1122 2337 1168 2357 res
1190 2327 1332 2356 eiusmodi
1356 2327 1508 2356 emerserit
1541 2327 1570 2356 in
1601 2327 1727 2365 negotiis
1757 2337 1772 2356 a

1032 2375 1200 2414 primicerio
1223 2375 1429 2412 transigendis,
1464 2384 1550 2413 quam
1585 2375 1646 2413 ipse
1674 2377 1774 2405 acade-

1033 2424 1108 2454 miae
1130 2425 1344 2453 consnltatione
1366 2424 1482 2461 dignam
1506 2428 1635 2460 censeat,
1670 2434 1683 2453 a
1707 2434 1777 2454 can-

1032 2473 1152 2502 cellario
1168 2473 1356 2502 definitorum
1373 2472 1530 2501 concilium
1548 2473 1597 2510 (in
1614 2482 1671 2511 quo
1687 2473 1776 2502 etiam

1070 2575 1079 2598 t
1105 2572 1205 2599 Forsan
1226 2573 1425 2606 dispertienda
1444 2576 1484 2603 (n.
1499 2572 1549 2605 τ.).
