2182 3137
162 219 208 245 Αη.
226 218 252 245 (Σ,
278 219 339 247 1731

168 714 343 738 congregationis

160 740 278 762 decretum.
303 757 306 759 .

186 1611 332 1633 Confirmatur.

391 210 454 243 ⁶258

354 267 552 301 stitutionem
586 269 784 310 permittere,
814 280 850 302 ac
876 270 1016 312 desuper
1040 270 1094 302 be-

355 316 553 363 neplacitum
573 327 717 354 nostrum
737 323 916 355 concedere
943 323 981 355 de
1006 322 1093 355 beni-

355 373 477 414 gnitate
496 374 674 416 apostolica
692 375 899 416 dignaremur
916 386 923 415 ;
947 386 1003 408 nos
1020 385 1093 418 sup-

355 426 470 468 plicem
498 426 656 465 libellum,
675 428 767 460 nobis
787 439 886 471 super
907 428 1093 471 praemissis

355 483 552 521 porrectum,
586 479 810 523 infrascriptae
843 480 1115 523 Congregationi.

355 531 569 564 cardinalium
596 532 800 572 reinisi1nus;
828 532 896 575 ipsa
921 544 996 566 vcro
1013 534 1094 566 Con-

354 584 500 626 gregatio
541 584 706 617 decretum
744 586 845 618 edidit
880 586 1001 620 tenoris
1039 586 1115 630 qui=

355 636 514 679 sequitur,
542 637 716 670 videlieet:

414 704 500 734 Sacra
523 704 713 743 congregatio
741 707 1037 738 eminentissimorum
1066 712 1091 737 et

355 753 668 784 rererendissiniorum
711 755 740 785 S.
773 756 806 785 R.
839 756 868 786 E.
902 749 1115 786 cardinaliuml

355 799 478 837 negotiis
500 804 528 829 et
551 801 815 831 consultationibus
834 803 1036 842 episcoporum
1067 808 1094 833 et

355 845 533 883 regularium
564 848 745 886 praeposita,
776 848 810 877 ad
835 858 920 887 quam
944 849 1095 879 sanetissi-

355 903 420 923 mus
444 895 580 924 dominus
602 901 701 925 noster
724 897 872 935 supplices
896 906 996 936 preces
1015 897 1095 927 beni-

354 953 409 980 gue
433 943 565 979 remisit,
591 946 705 973 attenta
734 945 873 974 relatione
898 946 1094 984 procuratoris

355 991 518 1028 generalis,
543 1002 574 1021 ac
600 1001 629 1021 re
654 992 782 1031 undique
807 997 919 1022 mature
943 993 1093 1030 discussa,

354 1040 499 1069 referente
536 1040 768 1070 eminentissimo
804 1041 945 1071 cardinali
977 1042 1093 1080 Belluga

355 1092 495 1126 ponente,
521 1087 646 1126 benigne
674 1088 802 1119 decrevit
826 1099 877 1128 pro
900 1090 1012 1128 gratia,
1036 1100 1096 1120 ser-

354 1136 427 1165 vatis
451 1141 545 1165 tamen
568 1137 716 1175 dispositis
735 1137 764 1166 in
783 1138 923 1167 Brevibus
947 1139 1096 1168 venerabi-

355 1185 390 1214 lis
413 1185 577 1215 innocentii
600 1185 635 1215 xl
658 1195 747 1224 super
770 1187 939 1216 fundatione
961 1188 1096 1226 collegio-

352 1243 417 1263 rum
443 1234 626 1271 missionum,
644 1239 671 1263 et
694 1239 810 1264 sanetae
833 1236 990 1265 memoriae
1006 1236 1096 1266 Beue-

353 1283 421 1311 dicti
445 1282 506 1312 Xlll
540 1283 683 1320 incipiens
717 1284 813 1322 Nuper
832 1294 884 1323 pro
903 1289 998 1323 parte,
1029 1290 1092 1321 ele„

353 1330 399 1359 die
436 1339 461 1360 vi
492 1330 666 1369 septembris
695 1340 883 1369 mnccxxvni,
907 1336 935 1362 et
978 1332 1094 1363 decreto

353 1378 447 1417 ipsius
463 1388 563 1408 sacrae
579 1380 819 1418 Congregationis
835 1381 881 1410 die
905 1390 971 1411 xxiv
994 1382 1095 1412 ianua-

353 1427 389 1456 rii
426 1436 597 1457 ainncxxvu.
632 1446 670 1451 -
706 1429 813 1459 Romae
848 1429 894 1459 die
931 1440 957 1460 vt
993 1431 1094 1470 aprilis

353 1484 512 1505 aitiecxxxi.
538 1494 573 1498 —
598 1476 619 1506 1.
639 1477 674 1506 Α.
699 1478 778 1507 card.
804 1478 907 1508 Itixvm.
932 1497 967 1500 —
991 1480 1025 1509 Λ.
1049 1489 1095 1509 ar-

354 1524 450 1564 cbiep.
468 1525 628 1563 reu-ensis,
649 1527 840 1556 secretarius.
865 1528 942 1557 Loco
958 1529 976 1565 η’·
991 1530 1093 1565 εἰῃιῗίῖῐ.

397 1592 411 1633 ξ
437 1591 468 1624 Q.
497 1591 573 1624 Cum
602 1598 721 1632 autem,
748 1592 831 1625 sicut
856 1593 960 1626 dietus
993 1595 1094 1627 Bona-

353 1650 485 1677 ventura
512 1645 659 1678 minister
684 1646 890 1688 provincialis
920 1648 1012 1681 nobis
1040 1648 1094 1681 de-

354 1709 418 1731 nuo
444 1699 561 1742 exponi
590 1699 672 1738 fecit,
703 1699 769 1742 ipse
795 1700 963 1733 decretum
984 1701 1095 1733 liuius-

353 1751 462 1789 modi,
488 1762 546 1793 pro
577 1751 708 1784 firmiori
744 1752 831 1785 illius
864 1753 1092 1794 subsistentia,

353 1804 551 1846 apostolieae
588 1804 841 1837 confirmationis
880 1811 1007 1839 nostrae
1040 1818 1094 1849 pa-

354 1856 488 1889 trocinio
508 1857 696 1889 communiri
716 1857 893 1900 plurimum
913 1859 1092 1892 desideret:

352 1919 418 1947 nos,
432 1909 535 1951 ipsum
551 1910 809 1942 ssonavcuturam
826 1911 1006 1943 ministrum
1022 1923 1093 1955 pro-

352 1961 521 1993 vincialem
548 1962 744 2004 specialibus
780 1964 941 1996 favoribus
968 1970 998 1997 et
1022 1975 1093 2007 gra-

353 2014 403 2046 tiis
423 2015 574 2057 prosequi
595 2010 751 2055 volentes,
769 2022 799 2048 et
817 2027 832 2048 a
850 2017 1014 2059 quibusvis
1041 2029 1093 2051 ex-

353 2068 672 2108 communicationis,
692 2069 915 2110 suspensionis
940 2076 971 2103 et
996 2071 1093 2104 inter-

352 2120 450 2159 dirti,
483 2120 619 2163 aliisque
651 2121 879 2154 ecclesiasticis
914 2125 1092 2162 sententiis,

352 2173 500 2205 censuris
526 2178 557 2206 et
583 2174 707 2216 poenis,
726 2185 743 2206 a
762 2174 829 2207 iure
849 2177 898 2208 rel
924 2176 963 2208 ab
989 2177 1091 2209 bomi-

352 2236 403 2265 ne,
427 2226 537 2269 quax‘is
563 2226 734 2259 occasione
761 2229 810 2260 vel
832 2231 929 2261 causa
953 2230 1037 2269 latis,
1067 2231 1091 2263 si

352 2278 470 2321 ‹piibus
497 2279 743 2321 quomodolibet
768 2280 940 2313 innodatus
966 2283 1090 2323 existit,

353 2332 392 2364 ad
419 2331 569 2364 ell‘eetum
589 2333 813 2374 praesentium
833 2334 999 2367 dumtaxat
1023 2346 1091 2368 eon-

352 2385 564 2427 sequendmn,
592 2385 705 2417 barum
731 2386 813 2418 serie
832 2386 1034 2421 absolventes
1061 2395 1092 2421 et

352 2439 536 2471 absolutum
557 2439 623 2471 sore
642 2445 825 2480 censentes,
849 2440 1092 2483 supplicationi-

351 2492 412 2524 bus
433 2491 503 2524 eius
522 2492 654 2525 nomine
674 2492 766 2525 nobis
791 2503 889 2536 super
907 2494 968 2526 hoc
987 2495 1091 2527 bumi-

353 2544 429 2576 liter
454 2544 613 2586 porrectis
636 2544 792 2586 inclinati,
813 2546 981 2579 decretum
1000 2558 1091 2590 prae-

353 2596 519 2638 insertum,
546 2598 737 2631 auctoritate
763 2598 954 2642 apostoliea,
979 2604 1089 2634 tenore

940 220 1121 245 Burmanni
1150 221 1304 246 ROMANL'M

1137 272 1355 312 praesentium
1390 272 1605 315 approbamus
1638 278 1669 306 et
1704 272 1873 306 confirma-

1137 334 1215 362 mus,
1238 324 1349 367 illique
1376 324 1572 358 inviolabilis
1598 326 1796 369 apostolicae
1821 325 1874 358 sn·-

1137 375 1254 409 mitatis
1287 377 1389 409 robur
1422 377 1612 418 adiicimus;
1646 379 1730 411 salva
1766 383 1873 411 tamen

1137 439 1266 472 semper
1302 429 1332 461 iu
1364 430 1547 472 praemissis
1580 431 1772 464 auctoritate
1806 442 1873 464 nie-

1137 488 1277 514 moratae
1304 482 1569 525 Congregationis
1602 484 1826 517 cardinalium.

1181 535 1195 577 ᾖ
1219 535 1248 566 ’1.
1275 536 1503 576 Decernentes,
1527 537 1657 570 casdem
1684 543 1874 580 praesentes

1138 587 1260 620 litteras
1281 598 1410 631 semper
1434 589 1553 629 firmas,
1572 590 1692 622 validas
1717 595 1748 623 et
1773 591 1876 623 effica-

1137 651 1189 673 ecs
1215 641 1355 674 existere
1381 646 1412 673 et
1438 642 1513 681 t'ore,
1541 653 1684 686 suosque
1711 643 1875 686 plenarios

1138 699 1170 725 et
1194 693 1337 736 integros
1366 694 1498 728 effectus
1523 696 1631 729 sortiri
1658 702 1689 729 et
1715 697 1875 735 obtinere,

1137 756 1173 779 ae
1199 745 1271 785 illis,
1299 747 1335 779 ad
1361 757 1441 790 quos
1459 754 1583 791 spectat
1600 753 1631 781 et
1649 759 1707 791 pro
1727 754 1876 792 tempore

1141 799 1407 842 quaudofflirnspie
1432 794 1603 843 spectabit,
1620 801 1652 833 in
1670 801 1821 834 omnibus
1847 807 1876 834 et

1138 862 1197 893 per
1222 852 1328 884 omnia
1355 852 1540 895 plenissime
1565 852 1740 896 st1ll'ragarI,
1766 854 1878 897 sicque

1139 903 1170 935 in
1197 904 1385 946 praemissis
1411 915 1468 947 per
1500 916 1722 950 quoscumque
1755 906 1879 940 iudices
1923 911 1926 913 ’

1138 957 1320 990 ordinarios
1347 963 1376 991 et
1398 958 1574 1000 delegatos
1593 960 1688 992 etiam
1707 971 1877 994 causarum

1140 1009 1247 1051 palatii
1274 1011 1445 1052 apostolici
1471 1012 1634 1044 auditores
1651 1039 1658 1052 ‚
1686 1013 1821 1046 iudicari
1848 1018 1879 1047 et

1140 1062 1266 1094 definiri
1294 1064 1426 1104 debere,
1453 1074 1489 1096 ac
1513 1065 1638 1097 irritum
1666 1070 1697 1098 et
1722 1066 1818 1099 inane
1851 1066 1878 1099 si

1138 1125 1230 1147 secus
1256 1126 1355 1159 super
1381 1116 1431 1148 bis
1452 1127 1468 1149 a
1493 1127 1673 1160 quoquam,
1698 1119 1809 1161 quavis
1824 1129 1879 1151 au-

1138 1167 1287 1201 ctoritate
1303 1196 1310 1209 ‚
1338 1168 1481 1202 scienter
1506 1171 1553 1202 rel
1578 1170 1779 1213 ignoranter,
1807 1181 1880 1204 con-

1140 1220 1250 1262 tigerit
1273 1222 1439 1254 attentari.

1182 1274 1196 1316 ἓ
1221 1273 1252 1306 4.
1280 1274 1350 1306 Non
1371 1275 1575 1309 obstantibus
1593 1277 1879 1311 constitutionibus

1140 1331 1171 1358 et
1207 1326 1465 1360 ordinationibus
1496 1330 1702 1372 apostolicis,
1739 1341 1877 1372 necnon,

1139 1385 1298 1421 quatenus
1324 1391 1405 1423 opus
1427 1380 1476 1421 sit,
1496 1382 1681 1424 provinciae
1701 1388 1733 1415 et
1749 1383 1879 1417 Ordinis

1140 1431 1392 1473 praedictorum,
1421 1433 1518 1466 etiam
1544 1434 1738 1475 iuramento,
1760 1436 1879 1468 contir-

1139 1485 1278 1518 matione
1303 1486 1494 1528 apostolica,
1517 1488 1567 1520 vel
1593 1488 1703 1531 quavis
1730 1487 1879 1522 firmitate

1138 1539 1198 1572 alia
1226 1540 1397 1579 roboratis,
1423 1542 1549 1574 statutis
1571 1547 1604 1575 et
1635 1543 1882 1576 consuetudini-

1139 1592 1209 1632 bus,
1240 1593 1417 1636 privilegiis
1443 1605 1590 1638 quoqne,
1618 1596 1751 1629 indultis
1776 1602 1807 1630 ct
1831 1597 1881 1630 lit-

1140 1646 1216 1678 teris
1250 1646 1438 1688 apostolicis
1482 1647 1514 1680 in
1555 1649 1755 1681 contrarium
1787 1660 1881 1693 prae-

1139 1699 1309 1732 missorum
1337 1701 1586 1742 quomodolibet
1608 1702 1778 1742 concessis,
1804 1714 1881 1736 con-

1139 1751 1271 1784 tirmatis
1291 1758 1320 1785 et
1337 1752 1515 1793 innovatis3
1539 1754 1657 1797 quibus
1676 1755 1826 1788 omnibus
1848 1761 1881 1789 et.

1138 1804 1293 1846 singulis,
1326 1805 1455 1838 illorum
1491 1811 1616 1840 tenores
1652 1808 1880 1850 praesentibus

1138 1867 1196 1899 pro
1229 1858 1325 1900 plene
1358 1864 1389 1891 ct
1420 1859 1619 1892 sufficienter
1651 1861 1813 1903 expressis
1840 1873 1877 1895 ac

1138 1910 1176 1942 de
1202 1911 1301 1943 verbo
1328 1912 1365 1944 ad
1393 1912 1524 1944 verbum
1550 1912 1679 1946 insertis
1705 1914 1877 1953 babentes,

1139 1963 1200 1995 illis
1218 1964 1297 1996 alias
1314 1964 1345 1996 iu
1365 1975 1423 1998 suo
1446 1965 1564 1999 robore
1590 1967 1819 2008 permensuris,
1838 1968 1877 2000 ad

1138 2016 1389 2058 praemissorum]
1410 2017 1567 2057 etl'ectnm,
1593 2019 1653 2051 bae
1672 2019 1740 2052 vice
1759 2019 1881 2052 dumta-

1138 2074 1197 2107 xat,
1224 2069 1408 2111 specialiter
1433 2075 1464 2102 et
1482 2081 1635 2113 expresse
1662 2071 1877 2114 derogamus,

1137 2121 1316 2164 ceterisque
1342 2122 1514 2155 contrariis
1540 2123 1812 2168 quiluiseumque.

1182 2174 1293 2206 Datum
1321 2175 1454 2215 Itoniae,
1481 2177 1566 2219 apud
1596 2176 1628 2209 S.
1663 2177 1791 2210 Mariam
1817 2178 1880 2212 Ma-

1138 2226 1250 2266 iorem,
1285 2228 1344 2260 sub
1376 2229 1497 2261 annulo
1528 2229 1710 2272 piscatoris,
1744 2231 1796 2264 die
1827 2242 1878 2266 xxi

1138 2279 1213 2311 maii
1228 2280 1616 2324 unccxxx1‚p011titicatus
1632 2283 1733 2315 nostri
1752 2295 1839 2317 anno
1854 2294 1875 2318 1.

1173 2341 1234 2368 Dat.
1260 2341 1307 2368 die
1327 2341 1357 2368 ⁶21
1381 2342 1442 2369 maii
1465 2343 1544 2376 1731,
1567 2344 1665 2379 pontis.
1687 2352 1758 2372 anno
1779 2354 1798 2372 1.

1468 2397 1504 2430 F.
1531 2397 1619 2431 card.
1649 2397 1830 2433 Otivssruus.

1883 224 1932 251 An.
1953 223 1982 251 C.
2001 224 2064 253 1731

1912 550 2034 572 chunutus.

1916 1288 2072 1310 Contrariorum

1890 1318 2010 1342 itt-rogatio.
