2182 3137
419 250 485 284 574

380 318 465 338 casus
486 308 680 339 conscientiae
704 310 844 349 propositi
868 311 1051 342 resolvantur
1070 312 1113 341 iu-

382 361 426 386 xta
459 366 561 386 sensus
591 357 702 396 probati
735 359 884 396 auctoris,
920 360 995 389 inter
1017 365 1112 390 autem

381 405 584 443 disputandum
609 406 726 435 omnino
741 416 771 436 se
787 407 951 437 abstineant
967 417 980 437 a
998 408 1111 446 iurgiis

206 464 321 489 inanimes
337 470 371 483 <³—
420 462 460 482 ιιι.
478 453 645 483 Sacerdotes
668 460 813 494 nequeant
835 456 935 486 audire
958 458 1114 487 confessio-

187 491 308 536 Killsslllliff‘
324 498 369 536 '‘sii'ff.
383 511 431 531 nes
453 503 652 540 religiosorum
684 504 712 533 in
743 505 840 544 aliqnz't
863 506 1034 545 provincia,
1057 506 1113 536 nisi

188 545 333 563 ⁶‘'¹''*¹”³¹¹¹'¹''·
381 551 482 580 saltem
499 551 533 580 de
553 552 671 581 licentia
694 553 723 582 in
747 553 861 592 scriptis
885 554 964 584 illius
986 555 1112 585 ministri

382 600 592 639 provincialis:
630 602 678 641 qni
716 603 833 633 omnino
865 608 963 633 caveat
999 614 1034 633 ne
1066 614 1114 634 eos

382 649 515 680 exhibeat
534 651 676 691 episcopis
693 653 901 682 examinandos
921 663 971 693 pro
994 654 1114 683 audien-

380 698 424 727 dis
456 700 687 730 confessionibus
720 702 930 739 saecularium,
955 703 1010 732 nisi
1034 703 1114 742 prius

380 755 393 775 a
418 756 447 775 se
471 747 513 777 vel
530 748 564 777 ab
580 749 829 780 examinatoribus
845 751 1030 789 generalibus
1048 752 1114 781 stri-

380 800 424 825 cte
446 796 592 827 discussos
615 802 640 827 et
664 798 784 829 idoneos
807 805 948 839 repertos

419 854 456 874 ιν.
481 846 676 882 Praedicator,
698 848 721 877 si
737 848 765 878 in
782 849 845 879 loco
861 854 889 879 et
906 851 932 879 in
951 855 1015 880 actn
1033 860 1114 889 prae-

380 893 533 925 dicationis
565 896 670 935 populo
698 897 864 927 scandalum
892 898 1013 935 dederit,
1037 909 1051 928 a
1076 900 1115 928 sa-

380 943 486 974 cultate
510 945 694 983 praedicandi
719 946 753 976 ad
777 947 936 977 trIennium
960 957 974 977 a
999 948 1114 987 provin-

379 993 444 1022 ciali
468 995 672 1034 suspendatur.

463 1042 532 1072 CAP.
557 1043 640 1073 XVII.
666 1062 699 1065 —
726 1044 820 1079 Qicoarl
842 1045 1025 1075 bibliothecas.

419 1100 438 1121 ι,
464 1092 516 1121 Ubi
549 1093 628 1122 adest
658 1092 844 1131 bibliotheca,
875 1094 1043 1125 instituatur
1072 1095 1115 1125 bi-

380 1139 598 1176 bliothecarius,
615 1141 661 1170 cui
678 1141 867 1179 consignetur
882 1153 895 1171 a
915 1143 1009 1182 priore
1033 1144 1112 1183 copia

379 1189 535 1218 inventarii
559 1189 698 1219 librorum
722 1187 850 1220 oinninm
874 1192 993 1231 repositi
1016 1193 1044 1222 in
1068 1202 1114 1221 ca-

380 1239 432 1277 psa,
454 1238 579 1275 triclavi,
603 1242 632 1267 et
653 1238 741 1268 clavis
763 1239 966 1270 bibliothecae.

418 1296 448 1316 n.
473 1286 589 1325 Satagat
611 1287 851 1318 bibliothecarius
869 1289 1000 1319 ordinate
1017 1290 1113 1329 dispo-

379 1342 447 1365 nere
476 1335 577 1373 libros,
607 1346 620 1365 a
653 1337 771 1375 pulvere
801 1338 958 1376 custodire,
983 1342 1009 1368 et
1032 1348 1112 1369 acce-

379 1384 515 1414 dentibus
538 1385 572 1414 ad
595 1384 798 1415 bibliothecam
827 1387 962 1425 legendos
985 1387 1110 1417 tradere.

418 1442 458 1462 111.
483 1433 671 1463 Solummodo
694 1434 876 1473 regentibus,
895 1436 1061 1471 lectoribus
1086 1440 1114 1466 et

378 1482 415 1512 iis
437 1482 485 1522 qui
508 1492 596 1522 super
627 1483 681 1513 hoc
715 1484 881 1514 facultatem
904 1494 918 1514 a
943 1485 1113 1524 provinciali

379 1531 574 1568 obtinuerint,
592 1532 703 1562 licitum
719 1533 775 1563 erit
792 1533 881 1563 libros
899 1544 913 1563 a
937 1534 1113 1564 bibliotheca

379 1582 540 1612 extrahere.
564 1582 715 1612 Extractos
738 1587 832 1613 autem
859 1583 944 1613 debet
967 1588 1113 1614 extractor

378 1630 408 1660 in
424 1630 497 1669 libro
513 1631 547 1661 ad
564 1631 616 1661 boc
632 1632 768 1671 deputato
787 1632 916 1662 scribere
939 1642 1025 1663 manu
1049 1629 1114 1673 pro-

379 1680 454 1719 pria,
469 1680 547 1710 verbi
564 1681 668 1719 gratia,
686 1681 741 1719 Ego
754 1686 834 1720 pater
849 1681 922 1712 NJ.
941 1683 994 1717 dte,
1011 1693 1111 1717 mense,

379 1736 460 1766 anno,
484 1730 594 1759 extremi
621 1740 636 1759 ιι
664 1730 821 1759 bibliotheca
844 1730 944 1760 librum
968 1731 1010 1760 vel
1032 1731 1114 1761 libros

378 1776 413 1807 N.
431 1778 481 1813 Ν.,·
507 1782 545 1816 et,
570 1787 635 1809 cum
658 1788 706 1808 eos
729 1779 897 1816 reddiderit,
921 1779 1030 1809 scribat
1045 1780 1115 1809 liett-

379 1827 459 1861 didi,·
488 1827 575 1866 idque
601 1828 628 1857 in
651 1832 775 1867 utroque
799 1832 906 1858 eventu
928 1833 994 1866 agat
1016 1838 1112 1859 coram

379 1874 611 1906 bibliothecario.

418 1932 456 1953 1v.
481 1924 658 1955 Bibliotheca
675 1935 731 1955 non
749 1929 793 1955 est
808 1925 1008 1965 diminuenda,
1026 1927 1113 1957 immo

380 1973 498 2012 potius,
523 1973 547 2003 si
571 1974 633 2004 fieri
667 1979 782 2014 potest,
806 1975 959 2013 augenda,
983 1976 1049 2005 inde
1072 1976 1114 2005 bi-

379 2023 597 2059 bliothecarius,
615 2023 707 2062 quoad
729 2023 817 2054 libros
840 2028 969 2063 repertos
992 2025 1112 2062 laceros,

379 2077 460 2102 curet
481 2074 540 2102 una
562 2072 647 2102 simul
671 2082 736 2102 cum
755 2073 852 2112 priore
876 2077 906 2103 ut
928 2078 1111 2112 reparentur,

379 2126 417 2157 et,
442 2122 535 2161 quoad
558 2126 688 2161 repertos
710 2122 886 2161 duplicatos,
904 2123 927 2152 si
944 2123 1002 2152 sint
1025 2123 1114 2153 inuti-

379 2171 430 2208 tes,
449 2171 561 2201 insistat
576 2175 607 2201 ut
623 2170 806 2208 vendantur;
830 2171 914 2201 vendi
937 2176 1031 2201 autem
1056 2182 1112 2202 non

380 2225 500 2258 possunt
522 2220 583 2250 sine
606 2221 746 2259 expressa
764 2220 885 2249 licentia
908 2220 1045 2257 familiae,
1066 2221 1114 2250 fir-

380 2269 456 2298 mata
479 2269 565 2299 etiam
586 2278 601 2298 a
624 2268 806 2308 provinciali,
823 2273 851 2298 et
878 2269 915 2299 ita
932 2272 963 2299 ut
985 2269 1112 2308 pretium

380 2317 563 2347 venditorum
580 2321 767 2347 convertatur
783 2322 872 2347 totum
890 2317 918 2347 in
936 2318 1111 2357 emptionem

379 2366 502 2396 aliorum
525 2366 668 2396 librorum
691 2366 796 2406 quibus
823 2371 902 2396 caret
924 2366 1110 2397 bibliotheca.

457 2415 524 2446 Car.
548 2415 644 2445 XVIII.
665 2433 704 2438 ——
727 2414 821 2451 Quoad
841 2415 1032 2453 eleemosynas.

214 2477 370 2499 itum-ennom
417 2476 438 2495 1.
462 2464 538 2495 Laici
571 2465 620 2504 qui
654 2459 840 2504 quacsluant,
864 2469 892 2495 et
924 2464 1047 2504 quilibet
1079 2474 1111 2494 ex

188 2507 497 2558 2ual'e'ssfh‘50112ffiTiiostriS,
515 2514 657 2553 integram
673 2514 900 2553 eleemosynam,
920 2524 1006 2554 quam
1026 2524 1039 2543 a
1063 2513 1111 2544 be-

187 2558 356 2580 ”⁰¹¹⁵”⁰””d³⁹·
380 2563 574 2594 nefactoribus
609 2564 755 2603 recipiunt
789 2565 897 2594 intuitu
933 2568 1108 2601 conventus,

381 2613 458 2643 illico
477 2613 588 2643 tradere
610 2612 716 2643 debent
738 2613 840 2652 priori,
863 2612 909 2643 vel
931 2613 1070 2643 sacristae
1086 2613 1110 2643 si

380 2661 442 2692 data
466 2661 551 2691 suerit
575 2670 639 2691 curn
663 2670 750 2692 onere
772 2661 976 2692 celebrationis
1010 2661 1110 2691 missa-

187 257 237 283 Αη.
253 258 282 284 C.
303 257 367 285 1734

950 263 1133 288 nurtAntUM
1158 263 1316 289 ROMANUM

1907 266 1958 292 An.
1976 265 2003 292 C.
2020 262 2087 295 1731

1158 322 1244 349 rum,
1268 322 1361 352 neque
1385 313 1464 352 prior
1486 322 1552 343 cum
1585 312 1642 343 illis
1674 317 1789 353 pactum
1818 313 1892 344 inire

1158 366 1261 401 potest,
1285 362 1339 392 sub
1363 364 1457 401 poenit
1481 362 1649 401 privationis
1665 363 1763 397 officii,
1788 367 1830 400 ut,
1850 363 1894 392 ul-

1158 415 1198 440 tra
1222 412 1374 450 quamdam
1405 412 1626 441 determinatam
1655 420 1798 441 summam
1825 421 1894 442 con-

1158 460 1256 489 ventui
1289 460 1501 498 applicandam,
1526 460 1637 499 reliqua
1660 460 1714 489 sibi
1737 460 1891 490 retineant.

1158 508 1250 538 l’ossit
1273 513 1368 538 tamen
1394 509 1473 548 prior
1495 509 1552 538 iltis
1575 509 1685 548 aliquid
1708 519 1744 539 ex
1766 510 1892 548 acceptis

1156 557 1347 596 eleemosynis
1359 558 1382 587 la
1389 558 1465 594 reire
1476 558 1504 587 in
1518 558 1740 588 retributionem
1752 558 1892 588 laborum.

1274 607 1341 637 Car.
1366 607 1437 636 xlx.
1455 625 1490 629 —
1509 608 1602 643 Quoad
1623 609 1775 638 introitum.

1196 665 1214 685 1.
1239 657 1362 686 Pecunia
1382 660 1515 695 spectans
1537 657 1571 686 ad
1596 661 1783 695 conventum,
1804 657 1894 687 unde-

1157 714 1279 744 cumque
1314 706 1485 745 provcniat‚
1522 705 1704 735 describatur
1736 706 1765 735 in
1798 705 1891 743 libro,

1157 754 1242 791 vulgo
1263 754 1398 791 plorante,
1413 753 1468 784 sub
1487 753 1588 783 iisdem
1613 754 1697 784 titulo
1719 758 1747 784 et
1768 754 1814 784 die
1837 764 1892 794 quo

1157 806 1270 841 recepta
1293 802 1401 839 fuerit,
1430 807 1457 832 et
1486 807 1644 841 reponatur
1670 803 1699 832 in
1727 804 1815 842 capsa
1843 803 1894 832 tri-

1157 850 1240 889 clavi,
1263 853 1384 891 excepta
1407 853 1442 881 ea
1465 852 1627 890 quantitate
1654 851 1730 891 apud
1752 861 1893 891 expenso-

1158 909 1230 937 rem,
1255 910 1328 939 qnae
1361 901 1522 931 necessaria
1556 901 1611 931 erit
1644 911 1696 941 pro
1727 901 1788 931 solo
1815 901 1892 931 victu

1158 949 1244 978 unius
1267 948 1475 987 hebdomadae,
1493 959 1525 979 ac
1540 949 1594 980 sub
1612 951 1704 989 poena
1720 950 1892 989 privationis

1157 997 1257 1035 officii,
1275 1007 1369 1037 neque
1387 1003 1557 1037 procurator
1575 999 1734 1038 quidquam
1757 1003 1892 1038 spectans

1157 1046 1191 1076 ad
1214 1051 1389 1076 conventum
1416 1047 1522 1076 valoris
1550 1047 1625 1077 ultra
1655 1051 1734 1077 scuta
1763 1048 1892 1087 quinque

1158 1095 1282 1125 vendere
1305 1095 1395 1134 possit
1414 1095 1522 1134 absque
1546 1095 1673 1125 fanilliae
1695 1105 1850 1126 consensu.

1295 1144 1363 1173 Car.
1388 1143 1445 1173 XX.
1470 1161 1502 1165 —
1527 1143 1620 1179 Quoad
1641 1145 1756 1174 avitum.

1196 1201 1215 1222 1.
1240 1192 1271 1222 In
1294 1192 1460 1232 supradicto
1484 1191 1570 1229 libro,
1591 1192 1676 1230 vulgo
1692 1193 1828 1231 qim-nate,
1845 1193 1894 1223 de·

1157 1241 1300 1271 scribatur
1332 1241 1433 1270 saltem
1465 1241 1500 1270 de
1533 1240 1712 1271 bebdomada
1734 1241 1763 1271 in
1785 1241 1894 1272 hebdo-

1158 1289 1270 1319 madam
1303 1289 1443 1329 quidquId
1476 1289 1504 1319 in
1538 1291 1569 1319 ea
1602 1299 1762 1329 expensum
1791 1290 1890 1329 suerit,

1157 1338 1362 1377 signatis-«die,
1394 1338 1531 1378 pondere,
1566 1339 1705 1379 qualitate
1739 1343 1767 1369 et
1798 1339 1892 1379 pretio

1157 1388 1198 1418 rei
1221 1392 1345 1427 emptae,
1371 1387 1424 1417 sub
1449 1389 1540 1427 poena
1563 1388 1734 1427 privationis
1756 1388 1843 1418 officii
1866 1388 1892 1418 ei

1156 1436 1205 1475 qui
1237 1436 1393 1474 defecerit,
1427 1436 1488 1466 sive
1512 1437 1603 1476 prior,
1626 1436 1685 1467 sive
1708 1440 1890 1476 procurator,

1156 1486 1217 1515 sive
1239 1494 1383 1524 expensor
1405 1485 1452 1522 sit,
1475 1485 1499 1515 si
1522 1486 1631 1516 suerint
1653 1485 1822 1516 notabiliter
1843 1495 1893 1516 ne-

1156 1533 1298 1572 gligentes
1321 1534 1440 1573 reperti.

1195 1589 1225 1610 11.
1250 1580 1344 1618 Prior,
1368 1585 1550 1620 procurator,
1575 1590 1737 1621 expensor,
1761 1592 1814 1613 nec
1842 1592 1893 1613 ex·
1921 1603 1996 1624 fimi,
2012 1602 2085 1623 (mm,
2132 1587 2153 1597 ²

1157 1631 1281 1669 pendere
1318 1639 1372 1660 nec
1407 1630 1535 1660 debitum
1572 1632 1744 1662 contrahere
1780 1630 2086 1678 1)ossint32¹252?‚⁰(¹,gssfiss2

1158 1681 1232 1710 ultra
1256 1689 1397 1710 summam
1433 1685 1584 1710 scutorum
1618 1681 1759 1720 quinque,
1783 1681 1893 1721 absque
1903 1689 1926 1703 ⁵¹¹
1943 1685 2005 1704 20‘1115
2027 1683 2086 1704 sami·-
2132 1703 2134 1707 ,

1157 1729 1282 1758 familiae
1292 1737 1434 1758 consensu
1447 1728 1500 1758 sub
1512 1729 1611 1759 eadem
1625 1731 1718 1768 poena
1727 1739 1783 1769 qua
1796 1739 1893 1770 supra.
1903 1711 1951 1731 Μ’

1196 1788 1237 1808 111.
1261 1778 1314 1809 Ubi
1347 1778 1415 1818 quid
1449 1779 1673 1809 restaurandum
1705 1779 1752 1817 sit,
1781 1780 1825 1810 vel
1857 1779 1893 1810 de

1157 1836 1230 1857 novo
1249 1827 1418 1865 erigendum
1443 1836 1475 1857 ex
1499 1827 1582 1857 bonis
1604 1832 1776 1865 conventus,
1798 1828 1827 1859 id
1848 1828 1894 1859 in-

1158 1880 1199 1906 tra
1223 1885 1365 1905 summam
1388 1881 1539 1906 scutorum
1563 1876 1664 1906 decem
1695 1877 1784 1916 possit
1811 1877 1893 1917 prior

1157 1935 1223 1955 cuin
1240 1935 1383 1955 consensu
1401 1925 1547 1963 familiae,
1565 1926 1641 1956 intra
1659 1935 1725 1956 vero
1748 1936 1891 1957 summam

1157 1978 1305 2004 scutorum
1326 1974 1550 2014 quinquaginta,
1564 1975 1697 2014 exquirat
1717 1984 1892 2006 consensum

1157 2023 1243 2053 etiam
1267 2023 1477 2062 provincialis;
1511 2032 1597 2063 supra
1631 2028 1728 2054 autem
1761 2025 1835 2054 hanc
1857 2019 1894 2054 siss

1156 2076 1273 2111 gnatam
1296 2081 1450 2109 summam,
1475 2072 1603 2102 obtineat
1626 2082 1800 2103 consensum
1821 2083 1892 2112 quo-

1156 2130 1212 2160 que
1234 2121 1389 2159 generalis,
1414 2120 1467 2150 sub
1491 2122 1584 2160 poena
1600 2121 1773 2160 privationis
1792 2121 1890 2152 officii.

1901 2215 1921 2234 ni
1948 2219 1985 2239 pei·
2009 2213 2084 2234 fratres

1157 2221 1261 2259 poena,
1279 2223 1433 2258 praeparet
1455 2219 1522 2249 data
1544 2221 1644 2259 opera,
1660 2224 1740 2250 extra
1756 2220 1980 2262 80¹0¹¹¹¹¹in1aua2t

1156 2274 1229 2300 tates
1261 2269 1353 2299 nostri
1382 2268 1517 2307 Ordinis,
1551 2279 1585 2299 ex
1618 2268 1702 2300 bonis
1730 2274 1891 2300 conventus

1156 2318 1286 2348 convivia
1310 2318 1430 2353 exteris,
1455 2318 1478 2348 si
1512 2327 1569 2348 non
1602 2318 1660 2348 sint
1693 2318 1891 2350 benefactores

1156 2367 1199 2397 vel
1223 2367 1345 2396 fratrum
1368 2366 1578 2405 consanguinei
1601 2367 1656 2397 iter
1678 2372 1816 2406 agentes3
1836 2377 1890 2398 nec

1156 2425 1276 2446 munera
1295 2415 1342 2446 det
1363 2425 1398 2445 ex
1420 2416 1527 2446 eisdem
1543 2416 1638 2455 bonis,
1655 2417 1712 2447 nisi
1728 2417 1890 2448 minuscula

1156 2465 1185 2494 in
1207 2464 1301 2495 Natali
1323 2468 1351 2494 et
1374 2464 1511 2494 Pascbate
1531 2464 1656 2504 Domini,
1674 2466 1752 2496 acin
1769 2466 1815 2496 die
1836 2466 1892 2496 Pu-

1155 2513 1326 2544 rificationis
1360 2512 1392 2543 B.
1416 2513 1521 2543 Mariae
1558 2514 1684 2553 Virginis
1720 2514 1889 2553 candelara,

1154 2561 1380 2592 inservientibus
1413 2565 1508 2592 tamen
1541 2563 1698 2594 conventui
1726 2568 1754 2594 et
1775 2563 1890 2594 eximiis

1154 2610 1400 2641 benefactoribus.

1193 2668 1220 2690 v.
1245 2660 1328 2690 Prior
1350 2664 1503 2691 contentus
1520 2661 1556 2691 sit
1571 2661 1673 2693 iisdem
1690 2671 1810 2702 prorsus
1832 2662 1889 2693 fer·
1927 2667 2069 2691 uasere-11³.

2127 2125 2139 2149 ἱ

1195 2179 1233 2200 1v.
1258 2170 1347 2200 Nemo
1370 2173 1510 2204 nostrum,
1535 2169 1588 2199 sub
1612 2170 1782 2209 privationis
1804 2170 1892 2200 officii
1917 2186 2002 2208 Mum-m
2019 2186 2084 2207 nemi·
2127 2155 2142 2214 2⁵]
