2182 3137
46 221 95 248 An.
114 221 144 245 C.
164 217 231 245 1732

91 2395 162 2425 lttunia
177 2395 230 2417 intir-

51 2427 120 2443 marn.

860 214 1001 237 CLEMENS
1028 215 1071 237 ΧΠ
1096 215 1144 238 Pr.

279 275 318 296 vt.
352 265 440 295 Curet
470 269 501 294 ut
534 263 712 294 bibliotheca
746 261 853 291 munda
886 261 924 291 sit.
952 266 980 291 et

239 315 416 354 composita,
440 322 526 353 quam
549 312 638 342 semel
660 311 690 341 in
713 310 896 340 hebdomada,
917 318 982 338 ver-

239 368 297 399 ret,
321 368 350 393 et
372 372 409 393 ex
431 362 515 392 libris
539 361 689 400 pulverem
712 359 852 389 excutiet.
876 358 981 388 Caveat

239 413 336 448 etiam,
359 421 396 442 ne
425 411 495 441 libri
516 409 690 440 humiditate
719 412 768 438 aut
791 408 849 437 alia
871 416 902 437 re
925 407 982 437 lae-

238 462 355 492 dantur.

278 519 328 540 vu.
351 509 447 540 Semel
469 509 498 539 in
515 517 592 538 anno
611 507 753 537 librorum
773 506 916 535 rationem
932 505 982 535 da-

239 559 282 589 bit
304 558 401 588 abbati
422 558 504 588 iuxta
533 556 731 587 inventarium
764 554 978 584 bibliothecae:

239 608 315 647 quod
338 611 366 637 et
388 606 558 647 praestabit,
575 615 640 635 cuin
665 605 738 634 alter
754 604 783 633 in
800 603 863 633 eius
885 603 980 632 locum

240 656 388 686 succedet.

239 705 307 735 cap.
332 704 404 734 xlv,
428 721 465 726 —
487 704 527 734 De
549 704 619 733 socio
646 706 671 731 et
693 700 784 739 sfyillo
814 700 917 730 abbatis
936 710 982 738 ye-

279 754 395 791 neraHs,
419 753 629 791 hegumenorwn
646 755 669 779 et
685 750 788 779 abbatis
807 750 980 789 provinciae,

279 807 359 842 atque
380 801 600 831 coenobiarchae.

280 862 299 882 1.
322 850 419 881 Abbas
441 850 609 889 generem,
634 848 790 887 hegumeni
813 853 840 878 et
863 847 981 877 abbates

241 900 408 940 provinciae
434 909 468 929 ac
490 898 684 936 monasterii,
708 897 839 935 deligant
867 896 923 926 sibi
946 905 981 926 ex

239 949 390 979 monachis
423 947 561 987 professis
591 946 702 977 socium
720 970 727 983 ‚
752 947 801 986 qui
829 946 980 976 secretarii

239 1007 347 1027 munus
369 1001 464 1036 geret,
489 997 627 1036 ipsosque
643 995 671 1025 in
689 995 794 1025 litteris
818 995 981 1025 scribendis

239 1046 366 1084 adiuvet,
378 1049 578 1084 exeuntesque
591 1054 606 1074 e
621 1044 798 1074 monasterio
813 1044 978 1073 comitetur.

277 1104 308 1125 11.
332 1095 541 1134 Unusquisque
563 1103 598 1124 ex
613 1093 698 1124 dictis
720 1093 874 1123 abbatibus
889 1098 917 1123 et
934 1093 982 1122 he-

238 1144 373 1183 gumenis
395 1144 523 1182 sigillum
546 1143 697 1183 proprium
720 1142 835 1178 habeat,
859 1142 936 1182 quod
952 1142 980 1172 in

239 1193 312 1223 cella
334 1194 388 1222 sua
410 1193 565 1231 diligenter
586 1192 741 1226 custodiat,
759 1201 824 1221 cum
841 1191 979 1229 imagine,

238 1244 263 1273 si
285 1243 349 1273 sieri
371 1247 476 1282 potest,
501 1243 595 1272 sancti
617 1242 708 1282 patris
726 1242 846 1272 Antonii
871 1241 980 1279 magni,

239 1297 288 1323 aut
303 1292 477 1322 emblemate
493 1292 598 1322 Montis
620 1291 732 1327 Libani,
753 1296 779 1321 et
795 1300 860 1320 cum
877 1291 983 1320 inscri-

240 1342 339 1382 ptione
366 1342 473 1376 officii,
504 1352 561 1382 quo
595 1342 798 1381 unusquisque
831 1341 979 1378 fungitur:

240 1391 376 1421 videlicet
397 1390 527 1428 sigillum
554 1390 666 1420 abbatis
694 1390 839 1428 generalis
863 1389 981 1419 Ordinis

239 1440 334 1470 sancti
349 1440 471 1470 Antonii
493 1439 730 1478 Congregationis
746 1439 851 1469 Montis
867 1438 980 1474 Libani;

240 1489 368 1528 sigillum
393 1488 491 1528 primi,
513 1489 558 1518 vel
580 1488 724 1526 secundi,
745 1488 788 1518 vel
813 1487 913 1523 tertii,
938 1488 982 1517 vel

240 1539 338 1578 quarti
354 1538 512 1577 hegumeni
533 1538 650 1568 Ordinis
666 1538 758 1567 sancti
776 1537 894 1567 Antonii
910 1537 983 1567 Con-

240 1588 418 1627 gregationis
440 1587 545 1617 Montis
568 1587 688 1623 Libani;
712 1587 841 1625 sigillum
866 1587 983 1626 provin-

240 1637 302 1667 ciae
323 1636 357 1666 N.
381 1636 500 1667 Ordinis
523 1636 615 1666 sancti
637 1636 757 1666 Antonii
780 1635 982 1674 Congregatio-

239 1685 286 1715 nis
308 1685 414 1716 Montis
436 1684 561 1722 Libani;
586 1684 713 1723 sigillum
738 1685 907 1714 monasterii
932 1694 982 1714 no-

239 1735 293 1765 stri
320 1734 438 1765 Ordinis
471 1735 565 1764 sancti
596 1734 716 1764 Antonii
742 1734 983 1772 Congregationis

239 1784 344 1815 Montis
374 1783 500 1820 Libani;
531 1783 618 1823 idque
650 1783 757 1823 duplex
780 1783 832 1821 fit,
856 1783 981 1813 alterum

240 1835 346 1872 maius,
363 1835 446 1864 cuius
465 1843 535 1863 usus
558 1834 613 1863 erit
639 1833 668 1862 in
691 1833 779 1863 rebus
803 1833 900 1871 magni
924 1843 983 1863 mo-

241 1884 343 1922 menti,
361 1888 389 1913 et
407 1884 531 1913 alterum
549 1883 656 1919 minus⁷
674 1892 731 1922 quo
754 1882 782 1912 in
799 1882 888 1912 rebus
906 1892 983 1912 com-

241 1932 378 1963 munibus
401 1936 530 1962 utentur.

280 1991 319 2012 111.
342 1981 445 2011 Nullus
468 1981 628 2011 monachus
644 1980 755 2010 litteras
778 1990 845 2010 suas
867 1980 923 2010 alio
945 1980 983 2010 si-

241 2032 310 2071 gillo
333 2031 471 2065 firmabit,
489 2041 575 2070 quam
591 2030 702 2060 abbatis
722 2030 901 2059 monasterii.

281 2090 319 2111 ιν.
344 2081 386 2111 Ad
409 2080 537 2110 osticium
557 2080 627 2110 socii
643 2083 672 2109 et
687 2079 840 2109 secretarii
859 2079 980 2117 electus,

241 2139 444 2170 quaecumque
460 2129 598 2165 audierit,
619 2128 722 2166 legerit
745 2132 794 2158 aut
817 2128 980 2167 scripserit,

241 2179 328 2210 debet
351 2178 494 2218 profundo
518 2177 634 2208 silentio
657 2177 768 2208 celare:
793 2186 848 2206 nee
864 2176 921 2206 nisi
938 2186 983 2206 ur-

241 2232 328 2266 gente
351 2227 525 2258 necessitate
548 2236 563 2256 a
586 2225 790 2256 communibus
813 2226 982 2255 monasterii

240 2277 344 2308 officiis
367 2286 479 2307 vacare.

391 2327 459 2357 Car.
484 2326 540 2356 XV.
555 2344 594 2348 —
609 2325 647 2355 De
671 2325 837 2364 infirmaria.

281 2386 300 2407 1.
325 2377 356 2406 In
390 2375 513 2414 singulis
546 2374 731 2404 monasteriis
764 2373 983 2403 constituendus

242 2426 298 2457 erit
319 2425 522 2461 infirmarius,
548 2424 591 2453 vir
624 2424 688 2463 pius
718 2427 746 2453 et
775 2423 908 2462 patiens,
933 2423 982 2462 qui

242 2485 343 2506 euram
366 2474 484 2504 habebit
510 2474 717 2510 infirmorum3
741 2482 866 2512 quorum
890 2472 984 2510 aegri-

243 2525 312 2555 tudo
336 2523 422 2554 simul
445 2527 531 2562 atque
555 2522 581 2552 ei
604 2522 731 2552 indicata
749 2521 845 2559 suerit,
870 2521 894 2550 si
916 2530 985 2550 cen-

243 2573 336 2604 suerit
359 2582 419 2602 rem
442 2581 506 2602 esse
528 2571 653 2601 alicuius
677 2570 826 2608 momenti,
850 2569 983 2600 abbatem

243 2626 292 2653 aut
315 2621 455 2652 vicarium
479 2621 643 2650 admovwrt.

330 2680 415 2709 Butl.
433 2680 518 2708 Rom.
600 2681 658 2709 tot.
679 2677 788 2706 A'Mll.
932 2677 966 2704 te

1651 202 1712 236 361

1062 271 1092 291 11.
1108 262 1239 300 Studeat,
1254 268 1296 301 ut,
1311 271 1385 302 quae
1401 261 1560 300 aegrotanti
1577 260 1671 291 danda
1685 265 1763 295 sunt,

1023 319 1055 339 ea
1078 315 1105 340 et
1127 315 1292 350 opportune
1320 316 1476 347 emantur,
1500 315 1527 340 et
1557 310 1630 339 bana
1654 309 1712 339 sint
1735 313 1763 339 et

1023 358 1096 388 bene
1119 365 1289 399 praeparata
1312 360 1525 390 ministrentur.

1063 417 1103 437 111.
1127 408 1235 445 Curet,
1260 413 1291 438 ut
1323 413 1507 446 aegrotorum
1540 407 1675 437 cubicula
1705 406 1764 436 sint

1024 455 1107 486 valde
1130 457 1236 486 munda
1270 462 1298 487 et
1319 457 1387 487 lecti
1414 457 1557 487 concinne
1579 460 1761 486 sternantur.

1062 514 1100 533 iv.
1120 505 1273 543 AEgrotum
1300 506 1444 535 consolari
1466 510 1494 536 et
1517 505 1681 535 exhilarare
1703 509 1764 534 stu-

1023 553 1089 583 deat
1113 553 1208 583 verbis
1240 554 1442 593 spiritualibus
1474 559 1502 584 et
1534 554 1628 584 laetis.
1654 553 1763 584 llabeat

1024 602 1113 631 etiam
1135 602 1247 641 libros,
1273 612 1398 642 quorum
1430 603 1555 632 lectione
1587 603 1697 641 aegroti
1721 611 1764 632 re-

1024 650 1117 679 creari
1139 654 1167 681 et
1189 651 1283 681 iuvari
1299 651 1329 680 in
1352 652 1456 690 spiritu
1481 651 1602 690 possint.

1064 708 1091 728 v.
1116 699 1322 739 Quaecumque
1344 700 1558 737 aegrotantium
1580 700 1645 729 usui
1665 709 1764 729 neces-

1024 748 1099 777 saria
1122 758 1185 778 esse
1208 749 1359 785 iudicabit,
1377 748 1481 778 habere
1500 753 1594 786 curet,
1611 753 1638 778 et
1657 748 1685 777 in
1702 748 1764 777 loco

1024 797 1211 827 convenienti
1233 797 1392 828 custodire.

1065 855 1102 876 vl.
1126 847 1149 876 Α
1171 847 1284 877 medico
1317 846 1494 886 praescripta
1523 849 1622 875 exacte
1645 850 1763 884 servet,

1024 895 1086 925 dies
1108 896 1298 934 egrotationis
1320 900 1348 926 et
1371 896 1473 925 horam
1501 894 1591 924 febris
1613 893 1764 930 advertat,

1025 949 1087 975 tum
1109 949 1141 975 ut
1165 946 1309 975 medicum
1333 949 1360 975 et
1382 944 1563 984 superiorem
1589 943 1765 980 admoneat,

1025 998 1086 1024 tum
1110 998 1141 1024 ut
1162 994 1260 1024 cibum
1284 994 1455 1034 tempestive
1479 992 1625 1033 praebeat.

1065 1051 1114 1072 vn.
1139 1043 1169 1073 Si
1192 1043 1311 1073 morbus
1343 1043 1380 1073 sit
1403 1042 1611 1081 contagiosus,
1634 1041 1766 1081 supellex

1025 1093 1154 1132 separari
1176 1093 1276 1131 debet,
1300 1102 1336 1122 ne
1359 1092 1496 1132 cuiquam
1519 1096 1630 1122 noceat.

1065 1150 1124 1171 vm.
1148 1142 1389 1172 Convalescentes
1421 1151 1435 1171 e
1458 1141 1533 1171 lecto
1565 1150 1686 1179 surgere
1708 1150 1765 1171 non

1026 1190 1173 1229 permittat
1197 1191 1366 1230 priusquam
1383 1190 1411 1220 id
1428 1190 1558 1220 medicus
1577 1190 1764 1219 concesserit.

1064 1250 1106 1268 1x.
1130 1239 1289 1270 Patientiae
1312 1244 1340 1270 et
1361 1239 1513 1269 charitatis
1543 1247 1611 1277 erga
1633 1243 1766 1277 aegrotos

1026 1288 1213 1325 meminerit,
1238 1298 1328 1328 quare
1351 1288 1476 1327 curabit,
1500 1298 1536 1318 ne
1559 1287 1657 1318 debita
1679 1288 1766 1318 mini-

1025 1337 1112 1366 steria
1135 1338 1263 1376 aegrotis
1285 1337 1392 1367 desint.

1065 1397 1092 1416 x.
1117 1387 1215 1417 Morbo
1235 1388 1468 1426 ingravescente,
1486 1386 1620 1417 abbatem
1637 1391 1764 1425 moneat,

1024 1441 1055 1466 ut
1077 1442 1224 1476 aegrotus,
1242 1441 1398 1476 antequam
1421 1436 1522 1466 iudicii
1546 1446 1600 1466 usu
1623 1436 1764 1475 privetur,

1024 1486 1120 1516 omnia
1154 1491 1335 1516 sacramenta
1358 1486 1492 1525 accipiat.
1516 1485 1596 1520 Quod
1621 1485 1645 1514 si
1667 1494 1766 1523 aegro-

1025 1539 1071 1564 tus
1093 1535 1155 1572 diu,
1176 1534 1245 1564 licet
1264 1534 1326 1564 sine
1343 1534 1473 1574 periculo
1495 1533 1659 1569 decumbat,
1683 1537 1766 1563 curet

1025 1589 1055 1614 ut
1078 1588 1179 1613 octavo
1203 1593 1317 1623 quoque
1340 1584 1385 1613 die
1408 1583 1616 1619 communicet,
1639 1582 1696 1612 nisi
1717 1582 1767 1612 ali-

1025 1642 1080 1671 qua
1103 1633 1188 1671 ratio,
1213 1633 1322 1662 iudicio
1346 1631 1470 1669 abbatis,
1494 1631 1644 1671 impediat.

1065 1691 1103 1711 xi.
1129 1682 1259 1712 Instante
1282 1682 1383 1711 mortis
1398 1681 1533 1719 articulo,
1552 1680 1612 1710 sive
1630 1680 1765 1720 proximo

1025 1731 1175 1770 periculo,
1198 1730 1333 1761 abbatem
1356 1731 1510 1760 admoneat
1533 1734 1564 1760 ut
1586 1729 1766 1760 orationibus

1025 1781 1154 1810 onmium
1171 1781 1295 1810 fratrum
1310 1779 1392 1809 valde
1408 1779 1603 1819 peculiaribus
1616 1779 1766 1808 infirmum

1025 1829 1118 1859 iuvari
1154 1829 1261 1867 saciat,
1285 1833 1372 1868 atque
1405 1838 1439 1859 eo
1470 1828 1561 1867 magis
1593 1838 1649 1867 quo
1679 1828 1766 1858 morti

1026 1879 1263 1918 propinquiorem
1287 1879 1413 1914 viderit,
1444 1882 1472 1908 et
1494 1882 1525 1907 ut
1549 1878 1685 1908 morienti
1709 1887 1765 1917 quo

1027 1929 1124 1968 plures
1147 1932 1284 1968 poterunt
1300 1938 1337 1958 ex
1355 1927 1495 1957 fratribus
1511 1928 1617 1964 adsint,
1633 1927 1681 1966 qui
1698 1936 1766 1957 con—

1025 1977 1211 2007 venientibus
1223 1977 1265 2006 illi
1278 1976 1402 2006 articulo
1424 1976 1541 2006 auxiliis
1558 1975 1765 2005 moribundum

1025 2027 1136 2056 iuvent.
1162 2027 1195 2056 Et
1218 2035 1283 2055 cum
1302 2026 1428 2065 primum
1446 2026 1505 2055 vita
1528 2026 1644 2055 functus
1667 2025 1763 2061 suerit,

1026 2077 1204 2116 praesectum
1237 2074 1377 2104 ecclesiae
1409 2084 1459 2104 seu
1491 2074 1640 2104 aedituum
1668 2073 1766 2103 admo-

1025 2130 1102 2163 neat,
1126 2130 1157 2155 ut
1180 2128 1350 2154 consuetum
1373 2123 1488 2162 signum
1512 2123 1617 2162 pulset.

1066 2184 1113 2204 x11.
1132 2173 1295 2210 I‘rovideat,
1313 2177 1344 2203 ut
1363 2177 1542 2202 mortuorum
1564 2172 1686 2202 fratrum
1703 2181 1766 2201 cor-

1026 2233 1094 2263 pora
1111 2223 1145 2252 ad
1161 2223 1341 2262 sepulturam
1365 2225 1588 2260 praeparentur,
1607 2225 1634 2251 et
1651 2226 1682 2251 ut
1699 2230 1766 2260 spa-

1026 2273 1064 2303 tio
1087 2272 1174 2302 unius
1196 2272 1254 2301 diei
1277 2270 1417 2301 naturalis
1440 2269 1578 2300 decenter
1599 2279 1687 2309 super
1710 2274 1766 2300 ter-

1025 2332 1086 2353 ram
1109 2327 1274 2352 teneantur.

1065 2381 1125 2401 xm.
1142 2371 1203 2401 Non
1220 2370 1344 2400 infirmis
1361 2373 1473 2399 tantum
1491 2368 1591 2408 prosit,
1609 2373 1640 2399 ut
1655 2368 1765 2399 dictum

1025 2424 1079 2458 est,
1102 2420 1152 2449 sed
1175 2427 1313 2449 sanorum
1337 2418 1423 2447 etiam
1447 2427 1546 2447 curam
1571 2422 1653 2455 gerat
1676 2418 1705 2447 in
1729 2417 1765 2447 iis

1025 2478 1099 2509 quae
1121 2469 1156 2498 ad
1179 2468 1332 2498 sanitatem
1355 2466 1585 2496 conservandam
1619 2471 1763 2506 spectant.

1025 2521 1120 2554 Quare
1142 2518 1204 2548 eius
1227 2525 1333 2546 munus
1355 2520 1399 2545 est
1421 2515 1586 2550 observare,
1607 2525 1677 2545 num
1699 2517 1766 2556 quis

1025 2577 1060 2598 ex
1082 2567 1175 2597 nimia
1201 2565 1368 2603 fatigatione
1401 2564 1531 2604 corporis
1564 2569 1614 2594 aut
1644 2564 1766 2604 spiritus

1027 2617 1091 2657 plus
1114 2624 1206 2656 aequo
1228 2614 1351 2654 laboret,
1371 2613 1416 2646 vel
1437 2613 1494 2646 alia
1512 2614 1547 2646 de
1562 2615 1651 2647 causa.
1671 2614 1766 2647 morbi

1763 212 1813 236 An.
1834 210 1862 236 Cv
1890 209 1956 236 1732
