2182 3137
210 248 258 274 Αη.
276 247 302 274 c.
327 246 394 275 {733
441 237 504 271 538

232 416 306 435 Iterum
320 413 392 434 iisdem

210 444 335 461 minuant.

988 242 1172 270 BULLARIUM

404 297 503 330 verbo
529 296 567 329 ad
593 295 727 328 verbum
753 293 881 328 insertis
906 293 1022 328 baberi
1058 294 1148 328 volu-

405 361 496 390 mus,
521 349 652 382 uberius
677 348 857 392 respective
882 347 1078 381 continetur.

448 403 518 446 32.
553 402 629 435 Cum
663 407 794 441 autem,
832 401 913 434 sicut
945 400 1147 444 accepimus,

406 461 554 498 tempore
580 454 679 498 ipsius
703 454 884 487 Innocentii
916 454 1147 497 praedecesso·
1167 460 1169 496 ξ

406 509 449 541 ris
472 508 581 541 adbuc
606 508 754 550 vigerent
779 507 1050 550 peculiaresillae
1069 517 1145 539 cau-
1167 506 1169 521 ¹

406 573 458 595 sae
485 567 514 594 et
546 561 712 601 rationes,
740 561 858 604 quibus
896 560 971 593 dicti
998 560 1168 606 Cleinens3

406 620 438 647 et
462 614 612 647 Urbanus
637 625 672 647 ac
697 614 752 647 alii
784 614 1056 657 praedecessores
1090 614 1145 646 ad·
1167 608 1169 649 ἶ,

408 667 493 701 ducti
534 667 662 700 fuerant
702 667 740 699 ad
772 673 938 700 enarratas
976 666 1168 710 facultates,

407 720 649 764 protectoribus
673 720 802 753 Ordinis
824 719 1009 752 huiusmodi
1039 730 1147 761 respe-
1167 751 1168 755 ,

407 779 458 807 ctu
499 774 660 807 dictorum
700 774 926 816 religiosorum
967 766 1169 806 conceden-'

408 827 464 860 das
488 853 495 867 ,
538 827 756 869 reintegratio
800 827 838 859 ad
883 826 954 858 illas
998 817 1169 858 ministro¹

407 891 463 913 seu
491 880 650 923 superiori
679 880 824 922 generali
856 878 984 912 Ordinis
1021 878 1169 922 praedi-¹

408 934 467 974 cti,
494 934 574 967 sicut
599 933 841 977 praemittitur,
868 933 947 965 sacta
965 958 972 972 ,
999 931 1146 964 cll'cctum

408 998 499 1020 suum
525 986 633 1019 sortiri
659 985 828 1028 nequivit;
855 985 941 1017 unde
978 984 1062 1017 idem
1100 975 1171 1026 lii-1

408 1040 576 1074 nocentius
597 1039 828 1082 praedecessor
846 1038 1005 1070 dictorum
1025 1048 1151 1070 monas·
1169 1027 1171 1036 Ι

408 1093 564 1126 teriorum
591 1103 627 1124 ae
652 1091 881 1133 religiosorum
911 1091 978 1124 illic
1012 1090 1150 1124 existen-

409 1147 487 1179 tium
523 1145 670 1187 regimen
709 1144 853 1187 suscepit
893 1150 987 1187 atque
1025 1144 1173 1185 gessit;‚

408 1200 501 1233 sicuti
527 1209 659 1242 quoque
688 1209 705 1231 a
729 1197 844 1230 similis
870 1197 1049 1230 memoriae
1082 1197 1149 1230 Cle-

408 1258 517 1286 mente
545 1252 628 1294 Papa
649 1251 685 1284 xt
705 1251 959 1294 praedecessore
982 1250 1076 1282 etiam
1096 1260 1152 1282 no·
1173 1253 1174 1268 I

409 1312 475 1339 stro
501 1305 638 1349 petitum
663 1304 733 1336 fuit.
762 1304 878 1336 Verum
904 1303 1007 1336 felicis
1040 1303 1152 1336 itidem

408 1358 651 1392 recordationis
678 1357 886 1390 innocentius
904 1357 988 1400 Papa
1005 1357 1083 1396 XIII,
1103 1368 1153 1400 pa-

409 1413 490 1446 riter
515 1412 750 1456 praedecessor
776 1416 906 1451 noster,
932 1421 989 1453 per
1014 1421 1083 1449 nos,
1100 1411 1152 1453 qui

409 1466 537 1499 Ordinis
564 1465 720 1509 praedicti
747 1465 942 1509 protectoris
964 1475 1100 1497 munere
1123 1475 1154 1496 a-

409 1521 476 1564 pud
505 1520 589 1552 lianc
613 1519 761 1552 Sanctam
788 1519 904 1552 Seden]
933 1524 1007 1551 tunc
1043 1519 1154 1560 sunge-

409 1574 548 1613 hamur,
577 1573 615 1606 de
652 1572 802 1605 omnibus
835 1571 1040 1615 praemissis,
1068 1572 1154 1604 aliis-

410 1638 473 1671 que
501 1627 595 1660 totius
621 1626 685 1666 rei,
719 1636 845 1659 necnon
883 1625 1153 1658 monasteriorum

410 1681 631 1724 praefatorum
650 1685 764 1712 statum
781 1680 1064 1718 concernentibus,
1085 1689 1153 1712 cer-

412 1734 474 1766 tior
510 1732 677 1772 redditus‚
720 1732 758 1764 ab
796 1732 951 1765 eiusmodi
995 1732 1152 1775 regimine

410 1785 588 1825 abstinuit·,
615 1785 773 1828 nobisque
791 1785 938 1828 permisit
956 1785 1076 1817 ibidem
1104 1795 1153 1817 ex-

411 1850 524 1872 ercere
551 1849 642 1879 eam,
672 1849 768 1882 quam
803 1838 879 1871 olim
914 1839 989 1871 dicti
1024 1838 1152 1871 Ordinis

411 1897 614 1936 protectores
641 1897 866 1931 exercuerant,
894 1891 1150 1925 iurisdictionem

411 1951 442 1978 et
467 1946 709 1984 auctoritatem,
734 1944 1007 1988 quemadmodum
1031 1956 1063 1977 re
1083 1945 1152 1988 ipsa

411 1999 561 2038 fecimus,
589 2009 626 2031 ac
651 1998 746 2031 etiam
771 2003 846 2041 post
871 2004 1012 2031 nostram
1031 2009 1152 2031 assum-

410 2053 556 2095 ptionem
582 2052 621 2084 ad
646 2050 760 2083 summi
786 2052 988 2094 apostolatus
1024 2052 1150 2095 apicem

410 2106 537 2139 ratione
574 2105 787 2149 protectionis
820 2105 1031 2145 huiusmodi,
1057 2117 1151 2149 quam

410 2160 612 2198 retinuimus,
631 2159 736 2191 facere
763 2159 978 2201 perreximus.
999 2159 1080 2191 Ilinc
1106 2164 1152 2191 est

411 2213 499 2257 quod
525 2223 596 2252 nos,
625 2222 755 2245 omnem
782 2212 995 2245 dubitationis
1021 2218 1053 2245 ct
1077 2223 1152 2246 con-

411 2267 597 2306 troversiae,
616 2276 699 2309 quac
721 2265 804 2298 eirea
830 2265 1055 2298 auctoritatem
1082 2276 1153 2309 pro-

411 2325 573 2353 tectorum
599 2319 673 2352 dicti
699 2318 827 2352 Ordinis
852 2319 957 2361 quoad
982 2319 1174 2361 religiosos*

410 2373 584 2417 praefatos,
605 2372 760 2415 temporis
779 2382 964 2415 progressu,
983 2378 1152 2416 postquam

410 2426 492 2459 viam
518 2425 687 2458 universae
704 2425 809 2458 carnis
831 2425 967 2468 ingressi
987 2426 1150 2465 fuerimus,

411 2480 504 2513 facile
531 2479 607 2512 oriri
645 2484 799 2522 possent,
824 2479 1029 2512 occasionem
1066 2489 1152 2512 arno-

411 2543 496 2573 vere,
516 2533 665 2576 felicique
692 2533 851 2566 dictorum
879 2532 1151 2566 monasteriorum

412 2586 583 2618 directioni
603 2597 639 2618 ac
656 2586 728 2629 paci
745 2590 777 2619 et
795 2585 1034 2630 tranquillitati,
1055 2597 1152 2629 quan-

411 2643 478 2672 tum
503 2649 574 2672 cum
600 2639 736 2673 Domino
761 2649 943 2684 possumus,
961 2639 1150 2684 prospicere

1201 242 1358 277 Romanu

1190 292 1380 336 cupientes,
1406 292 1566 336 simulque
1591 291 1852 332 considerantes,
1878 290 1927 324 vix

1190 347 1316 389 sperari
1343 356 1438 390 posse
1464 345 1648 390 praedictas
1672 343 1851 378 Innocentii
1876 344 1929 378 XII

1190 400 1452 442 praedecessoris
1477 399 1602 432 litteras
1639 403 1735 442 atque
1773 397 1929 432 constitu-

1190 453 1310 486 tionem
1332 480 1338 493 ‚
1366 458 1503 496 propter
1529 452 1659 485 easdem
1686 461 1798 485 causas
1823 456 1854 485 et
1881 461 1930 485 ra-

1190 506 1312 544 tiones,
1340 517 1421 549 (piae
1447 505 1624 538 etiamnum
1644 505 1772 544 durant,
1793 504 1834 537 ob
1852 514 1930 548 quas

1190 559 1344 591 hactenus
1369 559 1401 591 in
1432 557 1639 591 monasteriis
1681 557 1832 601 praefatis
1871 557 1931 594 ,ob-

1189 612 1307 644 servari
1334 612 1575 655 nequiverunt,
1600 621 1661 644 nee
1698 611 1729 643 in
1766 615 1931 654 posterum

1189 675 1317 708 quoque
1343 664 1524 697 executioni
1553 664 1783 697 demandatum
1809 673 1845 696 ac
1874 663 1932 697 ob-

1190 723 1351 751 servatum
1379 718 1430 750 iri:
1450 724 1539 750 motu
1566 717 1713 760 proprio,
1734 726 1770 749 ae
1787 727 1823 750 ex
1843 718 1931 750 certa

1189 771 1321 804 scientia
1347 776 1377 804 et
1402 772 1526 804 matura
1544 770 1778 803 deliberatione
1798 769 1930 810 nostris,

1190 825 1293 867 deque
1309 824 1506 867 apostolicae
1525 823 1696 867 potestatis
1714 823 1933 867 plenitudine,

1191 883 1224 910 ut
1248 878 1384 911 dilectus
1411 878 1493 910 silius
1512 883 1624 911 noster
1641 877 1800 910 Troianus
1820 876 1931 911 S.R.E.

1169 932 1362 974 presbyter
1394 931 1568 964 cardinalis
1600 931 1781 974 Acquaviva
1814 940 1935 964 nuncu-

1191 990 1304 1028 patus,
1336 995 1431 1027 quem
1468 984 1500 1016 in
1538 985 1681 1017 futurum
1707 994 1933 1017 successorem

1192 1043 1336 1071 nostrum
1363 1038 1394 1071 in
1421 1039 1624 1080 protectione
1658 1038 1846 1071 huiusmodi
1879 1038 1935 1072 de-

1193 1091 1392 1134 putavimus,
1419 1091 1538 1134 aliique
1571 1091 1727 1134 deinceps
1763 1101 1823 1134 pro
1860 1097 1935 1125 tern-

1194 1156 1272 1188 pore
1299 1145 1475 1178 existentes
1492 1144 1621 1177 Ordinis
1650 1144 1807 1177 lllinorum
1833 1144 1935 1178 sancti

1195 1199 1355 1231 Francisci
1375 1199 1412 1231 de
1430 1197 1642 1231 observantia
1669 1202 1934 1241 nuncupatorum

1195 1251 1279 1294 apud
1298 1251 1444 1284 eamdem
1463 1250 1578 1284 Sedent
1597 1255 1813 1294 protectores,
1828 1251 1935 1294 quoad

1196 1304 1363 1347 religiosos
1393 1315 1450 1347 pro
1483 1303 1693 1336 ecclesiarum
1728 1303 1937 1337 monasteri&

1174 1350 1176 1407 }
1197 1368 1267 1390 rum
1304 1358 1522 1400 praefatorum
1559 1356 1688 1389 servitio
1726 1356 1937 1402 ipsarumque

1174 1408 1177 1438 ἲ
1197 1411 1381 1443 monialium
1397 1409 1555 1453 spirituali
1571 1409 1728 1452 regimine
1744 1415 1774 1443 et
1788 1413 1863 1444 cura
1875 1422 1936 1455 pro

1197 1469 1344 1507 tempore
1381 1465 1477 1496 etiam
1502 1463 1695 1506 deputatos,
1722 1463 1873 1497 omnibus
1906 1473 1938 1498 et

1197 1517 1332 1560 singulis
1360 1516 1564 1550 facultatibus
1590 1526 1647 1559 per
1672 1516 1774 1549 dictos
1793 1517 1939 1551 Clemen-

1198 1577 1259 1604 tem
1287 1571 1348 1603 Vlll
1374 1581 1410 1603 ac
1435 1570 1598 1603 Urbanum
1618 1597 1625 1609 ,
1663 1570 1811 1614 aliosque
1845 1582 1938 1614 prae-

1197 1625 1388 1657 decessores
1412 1652 1418 1664 ,
1446 1624 1589 1657 eiusdem
1615 1624 1744 1657 Ordinis
1777 1629 1939 1668 protecto-

1174 1679 1286 1716 ,ritms
1322 1678 1484 1711 concessis
1524 1684 1554 1711 et
1592 1678 1782 1719 attributis,
1810 1689 1938 1713 necnon

1197 1732 1389 1764 auctoritate
1416 1737 1446 1765 et
1472 1731 1721 1773 iurisdictione,
1748 1732 1863 1776 quibus
1890 1734 1938 1766 usi

1197 1785 1336 1824 suerint,
1370 1795 1497 1828 nosque
1536 1790 1697 1828 tamquam
1736 1790 1938 1828 protectores

1197 1838 1381 1872 huiusmodi
1408 1838 1455 1870 usi
1482 1837 1598 1870 suimus
1632 1843 1662 1870 et
1686 1838 1825 1878 utimur,
1853 1838 1940 1872 simi·

1196 1892 1271 1925 liter
1296 1891 1339 1924 uti
1367 1902 1402 1923 ac
1427 1890 1526 1935 potiri
1564 1895 1594 1923 et
1631 1891 1769 1932 gaudere
1807 1891 1910 1925 libere
1930 1919 1938 1933 ‚

1196 1945 1282 1978 licite
1308 1950 1339 1977 et
1364 1944 1467 1977 valide
1493 1943 1616 1987 possint
1642 1948 1673 1976 et
1696 1945 1823 1978 valeant
1842 1972 1849 1985 ,
1883 1945 1940 1978 ha·

1198 2010 1266 2031 rum
1293 1998 1377 2031 serie
1404 1998 1624 2038 declaramus,
1653 1998 1820 2031 statuimus
1845 2003 1939 2043 atque

1196 2051 1425 2094 indulgemus;
1453 2051 1563 2093 sicque
1590 2055 1621 2083 et
1652 2060 1717 2084 non
1750 2051 1845 2085 aliter
1881 2063 1940 2096 per

1197 2115 1421 2149 quoscumque
1447 2104 1571 2137 iudices
1597 2105 1782 2138 ordinarios
1802 2111 1833 2138 et
1851 2105 1940 2139 dele-

1196 2165 1298 2202 gatos,
1326 2159 1422 2192 etiam
1446 2169 1611 2192 causarum
1638 2159 1749 2202 palatii
1768 2159 1938 2202 apostolici

1196 2212 1373 2252 auditores,
1399 2223 1434 2245 ac
1453 2212 1596 2246 eiusdem
1615 2212 1729 2246 S.R.E.
1747 2213 1938 2253 cardinales,

1197 2266 1293 2299 etiam
1320 2266 1357 2298 de
1384 2266 1485 2298 latere
1505 2266 1628 2308 legatos
1657 2265 1826 2309 dictaeque
1848 2267 1940 2301 Sedis

1196 2318 1356 2358 nuncios,
1382 2319 1507 2351 sublata
1533 2319 1578 2352 eis
1605 2324 1635 2352 et
1660 2329 1772 2352 eorum
1803 2319 1940 2354 cuilibet

1197 2372 1307 2415 quavis
1334 2372 1429 2405 aliter
1454 2372 1618 2405 iudicandi
1643 2377 1675 2405 et
1700 2372 1936 2416 interpretandi

1197 2426 1347 2458 facultate
1374 2431 1405 2457 et
1429 2425 1643 2465 auctoritate,
1669 2425 1803 2458 iudicari
1830 2433 1861 2459 et
1885 2427 1938 2460 de-

1197 2479 1281 2511 liniri
1316 2478 1457 2519 debere,
1492 2489 1528 2512 ac
1560 2479 1688 2512 irritum
1720 2484 1752 2512 et
1784 2479 1881 2513 inane
1911 2479 1937 2513 si

1195 2543 1286 2565 secus
1312 2543 1410 2576 super
1436 2532 1487 2564 his
1513 2544 1530 2566 a
1555 2543 1736 2576 quoquam,
1754 2532 1863 2576 quavis
1881 2544 1937 2566 au-

1196 2586 1362 2626 ctoritate,
1389 2586 1527 2619 scienter
1552 2587 1600 2620 vel
1627 2586 1834 2630 ignoranter,
1861 2596 1938 2620 con-

1197 2639 1305 2684 tigerit
1329 2639 1491 2674 attentari.

1939 244 1987 270 An.
2004 242 2032 270 c,
2056 241 2122 273 ¹733
2164 245 2166 256 ¹
