2182 3137
470 227 533 261 646
1015 231 1195 257 ammarum
1218 231 1370 257 nomnen

424 289 585 323 Conclave.
611 305 654 311 ——
678 287 711 320 ln
737 286 883 329 eligendo
910 285 1061 319 Pontifice
1096 286 1183 319 solus
1206 285 1289 319 Deus
1313 285 1445 328 eiusque
1469 283 1630 317 Ecclesiae
1654 289 1754 317 status
1785 283 1959 328 respicien-

512 342 582 383 dus,
605 340 670 374 445
694 351 732 380 α;
757 340 884 383 negotia
910 338 1040 373 maioris
1065 338 1216 372 momenti
1237 338 1269 371 in
1293 336 1597 381 congregationibus
1621 335 1823 379 generalibus
1847 335 1960 370 exami-

513 395 624 437 nanda,
649 393 713 428 446
738 393 755 426 IJ
772 404 843 438 seq,
870 398 934 427 tres
959 392 1135 426 cardinales
1160 391 1314 435 eligendi,
1339 390 1392 435 qui
1417 389 1559 435 praesint
1588 390 1754 423 clausurae
1784 389 1961 434 ceterisque

511 449 607 482 rebus
632 447 782 481 conclave
807 446 1065 490 respicientibus,
1089 444 1151 478 447
1181 445 1209 485 b;
1248 454 1369 489 poenae
1405 449 1515 477 eontra
1550 443 1704 478 scrutinia
1739 442 1962 477 renunciantes

512 503 559 536 vel
584 501 785 546 recipientes,
810 499 875 533 448
897 511 931 541 α;
955 499 1120 542 frugalitas
1137 504 1167 532 et
1186 498 1394 542 temperantia
1412 498 1443 530 in
1461 498 1543 531 victu
1561 497 1730 540 servanda,
1743 497 1835 538 ibid.;
1852 506 1964 530 nume-

513 566 567 589 rus
592 556 818 598 magistrorum
845 553 1132 592 caeremoniarum,
1157 552 1359 595 aliorumque
1391 551 1531 585 conclavi
1565 551 1785 591 servientium,
1805 549 1895 591 ibid.;
1922 549 1962 583 de

515 609 660 653 expensis
685 608 852 649 conclavis,
876 606 940 640 450
976 607 1003 647 I),
1030 605 1165 639 civitatis
1197 605 1355 639 Leoninae
1387 604 1578 647 gubernium
1611 603 1816 646 gubernatori
1848 602 1962 643 Urbis,

514 662 673 696 conclavis
698 662 829 705 eiusque
854 660 994 694 cohortis
1018 659 1178 703 praesecto
1202 659 1308 702 palatii
1325 658 1489 702 apostolici
1507 657 1747 699 demandatum,
1767 656 1861 698 ibidn,
1885 656 1962 689 huic

516 716 617 749 millia
641 719 730 749 scuta
754 715 786 747 in
811 714 952 757 singulos
977 723 1104 746 menses
1128 712 1340 755 assignantur,
1367 711 1427 745 451
1450 723 1481 751 cr,
1510 711 1649 744 officium
1667 710 1807 744 custodis
1830 709 1963 742 sontium

517 770 702 810 extinctum,
733 768 790 802 451
815 769 847 809 b3
876 767 1064 808 camerario,
1090 765 1297 807 thesaurario,
1315 765 1439 799 clericis
1462 766 1623 806 Gamerae,
1641 769 1714 807 etc.,
1730 763 1819 797 nulla
1843 763 1966 797 emolu-

517 828 624 856 menta
648 822 808 862 solvenda,
833 821 913 854 ibid.

427 876 640 911 Conclavistae
665 875 814 919 postremi
841 875 999 908 conclavis
1024 875 1157 908 comites
1182 873 1264 907 sacri
1287 873 1395 917 palatii
1417 883 1453 906 ac
1477 873 1600 905 nobiles
1625 876 1785 914 creantur,
1810 870 1968 915 pluribus-

515 940 577 973 que
602 933 754 963 ornantur
780 929 964 972 privilegiis,
995 928 1031 961 10
1049 928 1076 968 ὺ;
1104 927 1244 971 exempti
1268 932 1342 960 sunt
1366 937 1382 959 a
1407 926 1564 960 solutione
1589 925 1785 959 decimarum
1812 930 1842 958 et
1868 924 1968 968 impo-

515 983 687 1025 sitionum,
712 981 755 1015 020
787 982 824 1021 l),
850 981 958 1014 testari
983 985 1115 1024 possunt
1139 979 1262 1013 etiamsi
1287 979 1434 1022 religioni
1459 979 1555 1012 alicui
1583 984 1637 1012 aut
1668 978 1798 1012 militiae
1823 977 1885 1011 sint.
1917 978 1969 1011 ad-

520 1036 647 1080 scripti,
675 1035 711 1068 21
742 1035 775 1075 b3
805 1034 847 1067 illi
876 1035 930 1078 qui
960 1034 1133 1078 pensiones
1166 1034 1302 1074 habent,
1328 1033 1475 1067 incedere
1507 1033 1537 1066 in
1562 1032 1673 1066 habitu
1697 1038 1727 1066 et
1751 1033 1880 1066 tonsura
1905 1042 1968 1065 non

517 1094 675 1130 tenentur,
701 1088 743 1121 222
763 1100 794 1129 a,
815 1088 985 1132 pensiones
1005 1088 1045 1121 ad
1070 1097 1229 1121 summam
1246 1091 1373 1120 centum
1389 1086 1501 1119 ducata
1522 1091 1654 1130 possunt
1678 1085 1851 1129 resignare,
1876 1085 1967 1125 ibid.;

519 1143 739 1176 condonantur
764 1142 809 1175 eis
833 1142 954 1175 fructus
980 1141 1210 1175 beneficiorum
1236 1141 1317 1173 male
1341 1140 1493 1184 percepti,
1517 1140 1561 1172 ⁶24
1580 1151 1612 1174 a.

429 1196 688 1232 Confraternitas.
713 1214 755 1219 -
779 1195 1028 1229 Confraternitas
1053 1200 1224 1239 perpetuae
1260 1194 1455 1228 adorationis
1479 1194 1530 1228 SS.
1556 1194 1752 1228 Sacramenti
1777 1193 1809 1227 in
1834 1192 1967 1228 ecclesia

515 1250 547 1284 S.
574 1249 689 1282 Mariae
713 1248 751 1282 ad
775 1249 925 1293 Martyres
950 1253 1055 1282 erecta
1080 1248 1306 1289 confirmatur,
1332 1247 1396 1281 410
1414 1248 1448 1289 b;
1476 1253 1506 1282 et
1530 1248 1562 1281 in
1586 1248 1967 1282 arehieonsraternitatem

518 1303 671 1346 erigitur,
697 1302 761 1335 412
787 1302 813 1335 b.

429 1357 709 1393 Confraternitates
734 1357 793 1390 sub
819 1356 910 1390 titulo
924 1356 958 1390 B.
983 1357 1022 1390 M.
1051 1357 1085 1389 V.
1113 1356 1241 1401 Septem
1265 1356 1417 1391 Dolorum
1443 1361 1568 1390 erectae
1591 1354 1831 1397 confirmantur,
1856 1353 1915 1389 561
1938 1353 1968 1397 b;

515 1411 692 1456 privilegia,
717 1416 886 1454 ceteraque
911 1411 955 1443 eis
980 1421 1141 1452 concessa,
1164 1411 1242 1444 ibid.

431 1465 642 1508 Congregatio
668 1464 742 1498 Boni
769 1463 942 1508 Regiminis
965 1469 1156 1508 nuncupata,
1174 1463 1238 1497 583
1255 1469 1287 1498 et
1301 1475 1375 1509 seq.;
1403 1465 1564 1498 facultates
1589 1463 1633 1497 illi
1658 1464 1733 1498 olim
1758 1464 1889 1497 collatae
1912 1472 1972 1508 per

518 1519 665 1553 Summos
695 1518 862 1552 Pontifices
886 1528 945 1562 pro
971 1518 1176 1551 indemnitate
1201 1519 1462 1552 communitatum
1489 1521 1519 1552 et
1541 1518 1734 1562 populorum
1757 1517 1861 1552 Status
1885 1521 1969 1551 tem-

516 1572 635 1616 poralis
660 1571 689 1604 S.
710 1571 744 1604 R.
767 1570 800 1604 E.
826 1571 1074 1613 confirmantur,
1098 1572 1175 1605 ibid.
1201 1577 1231 1605 et
1254 1583 1319 1616 seq.

431 1625 642 1668 Congregatio
666 1624 855 1658 clericorum
881 1625 1075 1667 regularium
1102 1625 1140 1659 de
1164 1625 1345 1660 Somascha.
1372 1644 1416 1649 -—
1439 1625 1571 1660 Decreta
1596 1635 1655 1670 pro
1680 1624 1882 1670 impediendo
1906 1633 1973 1659 am-

519 1678 588 1711 bitu
613 1678 644 1711 in
668 1680 733 1711 tota
758 1679 1023 1722 Congregatione,
1048 1679 1113 1713 473
1138 1691 1156 1713 (ι
1184 1685 1214 1713 et
1237 1691 1299 1724 seq.

432 1732 643 1776 Congregatio
668 1732 881 1766 ecclesiastica
898 1732 955 1765 sub
973 1733 1170 1766 invocatione
1194 1733 1223 1767 S.
1243 1733 1326 1767 Petri
1352 1734 1382 1767 in
1407 1738 1565 1767 conventu
1581 1732 1632 1768 SS.
1650 1733 1813 1767 Trinitatis
1837 1731 1970 1767 civitatis

526 1785 706 1820 Mexicanae
723 1786 755 1819 in
779 1786 874 1820 indiis
894 1786 1045 1821 canonice
1062 1792 1176 1830 erecta,
1193 1786 1257 1821 397
1276 1797 1315 1828 α.;
1337 1797 1377 1821 ne
1395 1787 1582 1821 mulieribus
1607 1787 1637 1820 in
1664 1797 1774 1822 eorum
1791 1786 1972 1830 collegium,

525 1839 681 1883 hospitale
706 1844 736 1872 et
760 1839 970 1873 habitationes
995 1846 1099 1884 pateat
1123 1840 1241 1883 aditus,
1266 1841 1342 1875 ibid.

433 1892 643 1937 Congregatio
668 1893 890 1937 Hispaniarum
917 1893 1042 1927 Ordinis
1067 1894 1349 1929 Cisterciensis.--
1373 1895 1526 1930 Statuitur
1544 1894 1694 1939 bipartita
1717 1894 1829 1929 divisio
1854 1894 1975 1929 officio-

525 1955 596 1979 rum
622 1956 682 1990 pro
707 1945 869 1979 monachis
893 1956 1066 1990 regnorum
1092 1947 1248 1981 Galleciae
1274 1953 1304 1982 et
1328 1949 1475 1992 Legionis
1500 1949 1736 1992 provinciarum
1761 1948 1799 1983 de
1824 1949 1972 1994 Campos,

523 1998 589 2032 424
615 2001 629 2032 b
653 2004 684 2032 et
708 2011 769 2043 seq.

434 2052 643 2096 Congregatio
668 2053 845 2095 Missionis‚
870 2054 940 2089 viclo
963 2055 1118 2090 lllissionis
1143 2056 1362 2102 Gongregatio.

433 2106 644 2150 Congregatio
675 2107 787 2141 Montis
819 2106 939 2141 Libani.
973 2127 1017 2133 ——-
1048 2110 1274 2144 Monachorum
1307 2111 1459 2156 Syrorum
1490 2111 1715 2145 tllaronitarum
1750 2111 1928 2147 institutum
1957 2121 1976 2144 a

523 2159 682 2194 Clemente
707 2160 746 2194 XI
771 2161 802 2195 in
827 2161 943 2196 Urbem
968 2163 1166 2206 advocatum,
1191 2164 1254 2199 3⁶27
1284 2174 1304 2198 α
1328 2170 1358 2198 et
1381 2175 1462 2209 seq.:
1491 2165 1630 2199 eiusdem
1655 2165 1785 2209 regulae
1809 2170 1840 2199 et
1863 2164 1977 2200 consti-

525 2214 672 2255 tutiones,
698 2214 762 2248 3⁶28
788 2214 803 2248 b
828 2219 857 2250 et
880 2226 939 2261 seq.

435 2267 643 2312 Congregatio
667 2268 780 2302 Montis
804 2269 924 2303 Oliveti
950 2291 993 2295 —
1018 2271 1209 2306 Procurator
1227 2273 1383 2316 generalis
1401 2272 1529 2306 insimul
1546 2273 1642 2308 abbas
1664 2273 1846 2308 monasterii
1864 2273 1893 2308 S.
1910 2273 1975 2307 Ma-

523 2320 588 2354 riae
613 2321 717 2355 Novae
738 2320 775 2355 de
800 2322 893 2365 Urbe,
913 2322 975 2357 517
996 2336 1015 2358 a
1037 2330 1067 2358 ct
1084 2336 1159 2370 serp,
1183 2326 1260 2360 haec
1281 2327 1443 2361 concessio
1468 2327 1557 2360 irrita
1581 2327 1769 2368 declaratur,
1795 2327 1865 2361 data
1882 2338 1976 2371 gene-

525 2374 582 2407 rati
609 2374 755 2408 facultate
779 2375 955 2411 destinandi
981 2377 1097 2412 ibidem
1123 2379 1268 2413 abbatem
1294 2391 1353 2425 pro
1378 2381 1480 2422 libito,
1508 2380 1571 2414 543
1599 2393 1618 2415 a
1650 2385 1680 2416 et
1711 2392 1773 2426 seq.
1801 2382 1975 2426 capitulum

526 2427 673 2470 generale
698 2427 857 2463 dominica
875 2430 964 2463 tertia
979 2436 1050 2474 post
1063 2432 1180 2465 Pascha
1194 2432 1444 2467 Resurrectionis
1462 2434 1555 2467 debet
1571 2435 1736 2476 celebrari,
1756 2434 1820 2467 510
1836 2435 1854 2468 b
1870 2440 1899 2469 et
1915 2446 1975 2480 seq.

526 2480 702 2524 cogendum
724 2491 800 2516 vero
821 2483 859 2516 de
883 2484 1100 2528 quinquennio
1125 2487 1155 2519 in
1181 2486 1444 2531 quinquennium,
1469 2488 1533 2521 563
1559 2500 1579 2522 α
1604 2494 1634 2522 et
1658 2500 1717 2533 seq.

439 2532 646 2577 Congregatio
679 2535 855 2579 Pauperum
889 2538 993 2571 Matris
1018 2538 1071 2571 Dei
1097 2538 1284 2573 Scholarum
1309 2540 1447 2573 Piarum,
1473 2561 1513 2565 —
1544 2541 1689 2576 Publicus
1724 2542 1891 2577 conciones
1915 2542 1976 2576 Ad-

528 2593 638 2621 ventus
662 2594 693 2622 et
715 2589 980 2634 Quadragesimae
1005 2591 1116 2625 haberi
1137 2603 1154 2625 a
1185 2593 1329 2637 patribus
1361 2593 1454 2628 huius
1483 2594 1745 2639 Congregationis
1766 2595 1975 2637 interdicitur,

530 2640 593 2673 21⁶2
613 2651 633 2674 a.
649 2647 676 2676 ct
701 2653 786 2686 seq.;
811 2644 1009 2689 praepositus
1034 2655 1108 2680 vero
1134 2646 1290 2689 generalis
1315 2647 1495 2683 facultatem
1519 2649 1614 2684 habet
1640 2649 1831 2686 concedendi
1856 2650 1974 2684 litteras
