2182 3137
63 227 110 252 Αη.
126 224 154 250 C.
178 223 243 250 ¹734

99 870 161 891 fides
185 873 242 892 tran-

59 900 194 924 sumptorum.

84 2364 224 2387 Prooemium.

875 224 1016 248 CLEMENS
1043 224 1085 248 x11
1112 225 1161 248 Pr.

255 271 379 315 vilegiis
404 282 547 316 quoque,
573 272 707 305 indultis
725 276 757 305 et
782 271 898 305 litteris
920 282 996 315 apo-

255 325 380 360 stolicis
421 326 453 359 in
499 325 695 359 contrarium
739 325 995 369 praemissorum

256 379 503 422 quomodolibet
527 378 714 418 concessis,
742 378 938 411 confirmatis
965 383 996 411 et

255 431 414 465 innovatis
435 443 442 472 ;
470 432 588 475 quibus
613 431 762 465 omnibus
788 436 820 464 et
844 431 992 473 singulis,

255 485 385 518 illorum
413 491 543 518 tenores
569 485 796 529 praesentibus
816 495 876 527 pro
897 485 994 527 plene

256 543 286 571 et
305 537 506 571 sufficienter
520 537 682 581 expressis
694 548 730 570 ac
743 537 782 570 ad
801 536 934 569 verbum
948 536 995 569 in-

254 591 347 624 sertis
365 591 544 631 habentes,
563 591 626 624 illis
644 591 722 624 alias
740 590 772 623 in
793 601 852 623 suo
877 590 993 623 robore

254 644 491 688 permansuris,
507 645 545 677 ad
560 644 812 688 praemissorum
830 642 992 683 effectum,

255 698 317 731 hac
348 698 417 731 vice
450 698 635 739 dumtax'at,
661 697 846 741 specialiter
882 702 913 729 et
939 706 994 730 ex-

253 762 365 795 presse
383 751 596 795 derogamus,
617 751 801 794 ceterisque
821 750 992 784 contrariis

253 805 528 848 quibuscumque.

297 859 312 902 ξ,
349 859 380 891 5.
408 859 560 892 Volumus
597 864 700 891 autem
739 863 773 890 ut
807 858 991 891 earumdem

253 911 476 955 praesentium
496 912 676 945 litterarum
696 912 918 955 transumptis,
936 923 992 945 seu

253 964 420 1008 exemplis,
435 965 530 998 etiam
548 965 729 1009 impressis,
745 977 839 998 manu
858 966 993 999 alieuius

251 1018 369 1051 notarii
389 1018 509 1061 publici
528 1019 727 1062 subscriptis,
748 1025 779 1052 et
796 1020 902 1061 sigillo
920 1030 992 1063 per-

253 1082 350 1105 sonae
376 1072 408 1105 in
434 1072 589 1115 dignitate
626 1073 847 1106 ecelesiastica
872 1073 994 1105 eonsti-

255 1130 342 1158 tutae
363 1125 505 1166 munitis,
525 1126 638 1159 eadem
664 1137 800 1169 prorsus
818 1126 896 1159 sides
914 1125 993 1159 tides

252 1179 374 1222 ubique
401 1179 581 1219 habeatur,
602 1191 683 1224 quae
709 1180 787 1224 ipsis
813 1181 993 1223 praesenti-

253 1233 313 1265 bus
340 1233 516 1266 haberetur
557 1234 583 1266 si
617 1234 723 1267 forent
754 1234 917 1267 exhibitae
943 1235 991 1267 vel

253 1291 414 1319 ostensae.

297 1340 409 1373 Datum
436 1340 570 1380 Romae,
595 1342 680 1385 apud
714 1342 744 1374 S.
773 1341 904 1375 Mariam
930 1342 992 1375 Ma-

252 1394 377 1435 iorem,
404 1395 464 1427 suh
498 1396 620 1428 annulo
654 1394 849 1435 Piscatoris,
875 1395 926 1429 die
952 1406 989 1428 xx

254 1447 360 1480 martii
379 1457 571 1489 ninccxxxw,
589 1449 797 1492 pontificatus
819 1450 922 1483 nostri
940 1460 991 1483 an-

254 1511 295 1534 no
320 1511 362 1534 tv.

288 1564 347 1592 Dat.
369 1565 412 1592 die
432 1566 466 1592 20
485 1566 576 1592 martii
599 1566 676 1599 1734,
698 1566 795 1601 pontif.
819 1574 890 1593 anno
911 1571 949 1594 1v.·

539 1620 572 1652 F.
600 1620 688 1652 eard.
718 1620 899 1654 Ottvnnms.

560 1769 678 1804 CXXX.

250 1841 465 1885 Indulqenlia
477 1841 629 1885 plenaria
644 1852 704 1885 pro
721 1842 990 1884 christifidelibus

295 1895 465 1940 utriusque
489 1906 582 1928 sexus
617 1896 767 1940 aliquam
791 1907 829 1929 ea:
851 1897 990 1930 ecclesiis

293 1949 436 1991 fratrum
448 1948 581 1982 Ordinis
594 1950 760 1982 almorum
772 1951 876 1983 scmcli
888 1951 918 1984 F
918 1962 990 1983 ran-

295 2003 370 2035 cisci
403 2003 672 2037 Conventualimn
707 2005 742 2035 in
777 2004 809 2037 S.
836 2004 989 2037 Ludovicr⁴

295 2055 499 2089 Francorum
523 2056 608 2099 reqis
632 2067 669 2088 ac
692 2056 725 2089 S.
752 2057 917 2090 Elisabeth
946 2058 990 2089 vi-

295 2109 379 2142 duae
399 2110 483 2153 reqis
500 2110 693 2153 Htmyuriae
709 2115 805 2144 natac
821 2112 909 2154 festis
927 2111 990 2145 die-

296 2163 353 2196 bus
377 2163 600 2196 visitantibus.

462 2244 598 2272 Clemens
619 2245 697 2279 Papa
717 2246 780 2278 ΧΠ,

389 2290 425 2317 ad
443 2290 578 2318 futuram
598 2291 644 2318 rei
663 2291 850 2319 memoriam.

295 2361 460 2395 iniunctae
485 2362 577 2395 nobis
612 2362 765 2395 divinitus
791 2363 990 2405 apostolicae

251 2415 413 2448 servitutis
447 2415 528 2447 ratio
557 2416 701 2458 postulat
738 2421 771 2448 ut
804 2415 990 2448 caelestium

251 2479 422 2502 munerum
457 2469 652 2507 thesauros,
677 2468 908 2512 dispensationi
935 2479 991 2501 no-

251 2528 336 2555 strae
362 2533 379 2555 a
404 2521 540 2554 Domino
572 2522 731 2563 creditos,
759 2521 896 2554 fideliter
921 2532 991 2555 ero-

252 2587 382 2620 gemus,
406 2586 476 2608 eum
502 2574 533 2607 id
561 2576 597 2607 ad
632 2576 810 2617 augendam
837 2575 868 2607 in
896 2575 990 2607 terris

251 2635 435 2664 sanctorum
454 2629 486 2662 in
507 2629 602 2662 caelis
621 2640 694 2662 cum
709 2628 835 2662 Christo
854 2639 990 2672 regnan-

337 2690 419 2720 Buta.
442 2691 527 2720 Rom.
549 2705 584 2713 ι·-
607 2691 667 2719 Vol.
688 2690 795 2719 XXIII.
943 2689 975 2716 78

1042 272 1119 305 tium
1158 274 1420 313 venerationem,
1447 275 1713 318 excitandamque
1749 279 1780 308 et

1041 326 1208 359 fovendam
1225 338 1301 369 erga
1315 328 1389 362 illos
1404 327 1544 362 fidelium
1560 328 1777 368 devotionem,

1040 380 1134 412 etad
1167 380 1347 413 animarum
1380 382 1515 415 salutem
1552 392 1720 426 speramus
1744 381 1777 414 in

1039 432 1173 465 Domino
1199 434 1416 477 profuturum.

1082 486 1138 529 §1-
1152 486 1450 529 Supplicationibus
1464 488 1570 532 itaque
1584 489 1777 522 dilectorum
1812 498 1926 519 Concu-n>
1943 507 1971 519 n..

1759 542 1764 547 .
1789 525 1918 551 dulgentia«.

1039 538 1178 571 tiliorum
1197 540 1356 573 Vincentii
1375 541 1413 574 dc
1431 541 1607 574 Comitibus
1626 543 1776 582 ministri,

1039 597 1069 624 et
1096 592 1269 625 Salvatoris
1291 594 1455 627 Salandari
1483 596 1701 637 procurat0r1s
1727 607 1776 638 ge-

1038 646 1196 678 neralium
1223 646 1351 679 OrdInis
1380 647 1513 681 fratrum
1533 647 1691 681 Minorum
1708 660 1778 681 san-

1038 699 1077 731 cti
1096 699 1254 732 Francisci
1282 699 1544 734 Conventualium
1575 708 1778 745 nuncupato-

1038 763 1108 785 rum
1136 752 1266 785 nomine
1292 753 1386 786 nobis
1408 765 1506 798 super
1528 756 1587 788 hoc
1611 755 1778 789 humiliter

1039 805 1195 848 porrectis
1220 805 1377 845 inclinati,
1406 808 1559 840 omnibus
1585 813 1615 840 et
1640 808 1776 851 singulis

1039 858 1204 902 utriusque
1219 869 1312 892 sexus
1327 859 1595 893 christifidelibus
1610 872 1686 894 vere
1704 872 1778 904 poc-

1039 912 1217 946 nitentibus
1250 918 1281 945 ct
1314 913 1471 946 confessis
1504 924 1540 946 ac
1568 916 1656 947 sacra
1681 925 1774 948 com-

1038 966 1193 999 munione
1218 966 1359 1006 refectis,
1378 967 1431 1010 qui
1453 968 1594 1011 aliquam
1621 979 1655 1001 ex
1679 970 1777 1002 eccle-

1038 1019 1091 1052 siis
1116 1020 1250 1052 fratrum
1278 1019 1354 1053 dieti
1380 1020 1520 1060 Ordinis,
1539 1026 1601 1053 tam
1620 1021 1776 1055 hactenus

1038 1072 1154 1105 erectis
1169 1083 1264 1116 quam
1282 1072 1496 1115 imposterum
1509 1074 1776 1118 quandocumque

1038 1125 1223 1168 erigendis,
1249 1131 1279 1158 ct
1304 1126 1503 1169 ubicumque
1540 1127 1684 1160 locorum
1712 1128 1777 1160 exi-

1037 1179 1205 1218 stentibus,
1225 1179 1256 1211 in
1281 1178 1310 1212 S.
1329 1179 1482 1212 Ludovici
1508 1179 1702 1214 Francorum
1731 1192 1777 1215 re-

1037 1232 1085 1275 gis
1111 1243 1147 1265 ae
1171 1233 1202 1265 S.
1230 1232 1397 1265 Elisabeth
1438 1233 1553 1266 viduae
1579 1234 1666 1276 regis
1692 1235 1777 1267 llun-

1037 1287 1145 1329 garine
1171 1293 1264 1319 natae
1290 1286 1378 1319 festis
1404 1287 1518 1320 diebus
1545 1299 1561 1320 a
1587 1288 1697 1331 primis
1727 1300 1776 1321 ve-

1036 1340 1140 1383 speris
1166 1350 1270 1384 usque
1303 1340 1342 1372 ad
1367 1351 1515 1373 occasum
1550 1341 1625 1374 solis
1651 1342 1774 1375 dierum

1038 1393 1221 1427 huiusmodi
1250 1394 1384 1436 singulis
1410 1395 1503 1427 annis
1530 1395 1646 1429 devote
1671 1396 1776 1429 visita-

1036 1448 1151 1488 verint,
1170 1456 1201 1481 ct
1225 1448 1270 1481 ibi
1296 1459 1356 1492 pro
1382 1448 1633 1482 christianorum
1656 1449 1775 1494 princi-

1037 1513 1111 1545 pum
1138 1503 1325 1542 eoncordia,
1351 1503 1520 1536 haeresum
1547 1503 1773 1547 extirpatione,

1035 1568 1072 1589 ac
1099 1561 1228 1589 sanctae
1253 1556 1363 1589 matris
1387 1556 1553 1590 Ecclesiae
1579 1558 1774 1591 exaltatione

1035 1610 1103 1653 pias
1121 1610 1159 1643 ad
1185 1610 1284 1643 Deum
1306 1620 1422 1653 preces
1441 1609 1621 1651 effuderint,
1641 1622 1704 1654 quo
1723 1611 1774 1644 die

1035 1664 1275 1707 praedictorum
1293 1663 1324 1697 id
1344 1664 1481 1707 egerint,
1498 1663 1692 1707 plenariam3
1710 1676 1775 1698 mo-

1035 1717 1174 1750 nialibus
1200 1727 1274 1750 vero
1300 1717 1477 1761 supradicti
1495 1717 1633 1757 Ordinis,
1651 1729 1687 1751 ae
1703 1719 1774 1751 aliis

1035 1771 1066 1803 in
1093 1782 1202 1804 earum
1228 1771 1377 1814 quolibet
1413 1771 1608 1804 monasterio
1633 1782 1717 1805 nune
1742 1778 1774 1805 et

1034 1835 1093 1868 pro
1122 1831 1267 1868 tempore
1304 1825 1518 1868 degentibus,
1547 1836 1622 1858 vere
1652 1826 1774 1869 pariter

1034 1878 1276 1922 poenitentibus
1295 1884 1327 1911 et
1351 1878 1509 1911 confessis
1528 1889 1564 1910 ae
1584 1881 1672 1911 sacra
1691 1890 1773 1912 com.

1034 1932 1188 1965 munione
1214 1931 1352 1973 retectis,
1375 1943 1458 1975 quac
1477 1942 1566 1964 suam
1594 1932 1773 1975 respective

1034 1985 1202 2019 ecclesiam
1239 1985 1270 2017 iu
1305 1985 1499 2027 supradictis
1537 1985 1623 2018 festis
1659 1985 1771 2018 diebus

1034 2039 1252 2079 visitaverint,
1279 2045 1311 2072 et
1335 2044 1369 2071 ut
1393 2040 1576 2082 praefertur
1601 2038 1772 2079 oraverint,

1034 2093 1212 2136 plenariam
1231 2092 1381 2125 similiter
1402 2092 1545 2125 omnium
1564 2097 1771 2135 pcccatorum

1033 2156 1163 2179 suorum
1204 2145 1440 2188 indulgentiam
1481 2150 1511 2177 et
1548 2145 1769 2178 remissionem

1035 2198 1289 2232 misericorditer
1321 2198 1353 2231 in
1379 2199 1516 2232 Domino
1548 2198 1768 2232 concedimus.

1035 2252 1261 2286 Praesentibus
1287 2251 1454 2295 perpetuis
1481 2252 1597 2284 futuris
1623 2251 1771 2295 tempori-

1034 2307 1091 2339 bus
1117 2305 1272 2338 valituris.

1078 2362 1092 2403 g
1128 2359 1158 2391 ⁰2.
1187 2359 1341 2391 Volumus
1373 2364 1480 2391 autem
1517 2365 1551 2391 ut
1584 2359 1771 2392 carumdem

1035 2412 1256 2456 praesentium
1282 2412 1461 2445 litterarum
1481 2413 1701 2456 transumptis,
1717 2423 1773 2446 seu

1035 2466 1201 2509 exemplis,
1221 2465 1317 2498 etiam
1332 2465 1509 2510 impressis,
1525 2477 1619 2499 manu
1636 2466 1772 2499 alicuius

1035 2520 1151 2552 notarii
1175 2518 1297 2563 publici
1320 2519 1510 2563 subscriptis
1529 2524 1561 2553 et
1578 2519 1685 2562 sigillo
1704 2530 1772 2563 pcr-

1035 2584 1134 2606 sonae
1161 2573 1190 2605 in
1219 2572 1436 2605 ecclesiastiea
1471 2573 1624 2616 dignitate
1649 2573 1770 2607 consti-

1036 2633 1119 2661 tutae
1137 2626 1281 2668 munitis,
1301 2626 1414 2660 eadem
1432 2637 1564 2671 prorsus
1583 2627 1661 2662 fides
1678 2627 1772 2662 adhi-

1673 216 1737 249 617
1783 227 1833 252 Αη.
1850 226 1877 252 c.
1901 226 1971 254 1734

1832 2367 1894 2388 Fido<
1911 2369 1965 2387 [ran-

1783 2397 1873 2421 ‘umplOI
1881 2400 1921 2414 [llll.
