2182 3137
478 255 542 288 668
1027 263 1204 288 Burmanni
1229 264 1380 288 nonnam

520 327 590 350 rum
617 317 856 350 recollectorum
873 343 880 357 ‚
905 317 957 360 qui
984 317 1093 350 saltem
1120 328 1176 361 per

519 370 681 403 biennium
700 369 883 414 Hispaniam
901 370 947 402 vel
966 370 1173 403 Lusitanicam

520 423 566 455 vel
593 422 732 455 Indicam
765 422 942 466 provincias
967 423 1076 455 vicarii
1104 433 1174 466 pro-

519 475 660 509 vincialis
681 485 811 508 munere
832 476 996 518 fungentes
1021 475 1175 519 guberna-

519 529 604 568 rint‚
637 528 820 561 conceditur
852 529 1034 572 provinciae
1069 534 1173 572 patres

519 582 687 625 appellari:
704 581 887 625 iisdemque,
901 582 1016 625 quibus
1034 582 1083 614 isti
1103 593 1173 625 gau-

518 634 602 674 dent,
619 635 678 667 frui
705 634 935 678 praerogativis
960 645 994 668 ac
1020 635 1173 679 praeemi-

518 688 643 728 nentiis,
667 687 741 720 264.

430 741 562 775 XXXIX.
595 742 731 784 Ducatus
766 741 896 774 Parmae
932 746 962 774 et
998 741 1172 774 Placentiae

519 805 590 827 cum
613 794 682 827 utili
707 794 847 827 dominio
877 794 915 827 ad
946 795 1057 828 Sedem
1083 795 1169 838 Apo-

519 848 672 888 stolica1n‚
691 858 761 881 eum
782 848 929 881 omnibus
954 848 1084 889 iuribus,
1102 859 1173 891 per-

518 901 666 943 tinentiis,
692 906 766 942 etc.‚
790 901 955 934 devolutus
980 901 1169 941 declaratur,

518 959 672 997 quatenus
708 964 744 986 ex
782 954 1005 996 IIe-nrichetta,
1032 953 1171 986 eiusdem

517 1007 648 1040 ducatus
685 1007 833 1047 ducissa,
860 1007 1032 1039 masculina
1068 1007 1173 1050 proles

517 1070 580 1094 non
605 1066 761 1100 nascatur,
778 1061 824 1093 vel
845 1067 917 1094 nata
942 1060 1079 1094 deficere
1097 1070 1172 1094 con-

517 1114 626 1158 tingat,
644 1119 717 1156 etc.,
743 1114 818 1148 ⁶265.

429 1167 491 1201 XL.
518 1168 676 1201 Moderato
696 1167 843 1201 mandato
860 1167 1017 1201 Benedicti
1035 1167 1104 1201 XIII
1122 1178 1173 1201 su-

518 1230 576 1264 per
605 1225 697 1255 cantu
734 1221 926 1264 gregoriano
941 1248 948 1262 ‚
972 1232 1034 1265 quo
1059 1222 1172 1254 fratres

515 1274 610 1307 totius
634 1274 759 1308 Ordinis
776 1274 934 1308 Minorum
959 1274 1060 1308 sancti
1078 1275 1173 1308 Fran-

518 1326 592 1360 cisci
624 1327 883 1361 Excalceatorum
918 1328 1169 1362 et-Recollecto-

518 1390 590 1413 rum
616 1379 699 1412 illius
725 1380 832 1423 vigore
856 1380 901 1413 uti
927 1380 1090 1421 deberent,
1114 1381 1172 1414 fra-

496 1433 617 1467 ·tribus
641 1434 876 1477 provinciarum
902 1435 1124 1479 Hispaniarum
1143 1440 1173 1468 ct

518 1486 677 1520 indiarum
704 1491 798 1521 cantu
823 1488 958 1532 simplici
992 1488 1035 1520 uti
1062 1498 1173 1521 conce-

516 1539 613 1580 ditur,
640 1539 814 1573 dummodo
840 1541 870 1573 in
896 1543 961 1573 tota
985 1543 1173 1585 unaquaque

515 1593 679 1636 provincia
704 1593 869 1627 uniformis
887 1594 926 1627 sit
950 1600 1069 1635 cantus,
1094 1594 1170 1628 268.

430 1646 503 1680 XLI.
529 1646 781 1681 Dismembratur
808 1647 959 1691 oppidum
986 1647 1172 1680 Divionense

519 1710 536 1732 a
559 1699 695 1734 dioecesi
730 1701 945 1744 Lingonensi,
975 1706 1005 1733 et
1041 1700 1173 1733 civitatis

518 1753 608 1787 titulo
644 1753 834 1796 decoratur,
860 1753 991 1797 eiusque
1016 1753 1169 1793 ccclesia,

518 1806 550 1839 S.
577 1805 736 1850 Stephano
760 1807 872 1849 dicata,
898 1806 1087 1840 cathedralis
1104 1816 1174 1840 con-

518 1859 670 1898 stituitur,
696 1859 772 1892 ⁹270.

431 1911 518 1945 XLII.
543 1912 699 1946 Nonnulla
724 1917 904 1946 statuuntur
928 1923 988 1956 pro
1014 1915 1098 1946 recta
1113 1918 1174 1946 stu·

518 1965 643 1999 diorum
660 1966 811 1999 methodo
825 1966 856 1999 in
874 1966 1016 2009 collegiis
1042 1966 1173 1999 fratrum

518 2019 673 2053 Minorum
692 2020 788 2054 sancti
806 2020 964 2053 Francisci
978 2020 1171 2054 Conventua—

518 2073 595 2105 lium
620 2079 885 2118 nuncupatorum,
910 2073 984 2107 277.

431 2125 535 2161 XLIII.
556 2127 631 2161 Tres
647 2128 825 2162 assistentes
842 2128 1038 2170 Germaniae,
1056 2127 1173 2162 Galliae

519 2186 549 2213 et
574 2180 720 2215 Poloniae
734 2181 764 2214 in
785 2187 939 2215 conventu
958 2181 1003 2215 Ss.
1021 2181 1077 2215 XII
1094 2182 1174 2225 Apo-

519 2234 673 2268 stolorum
705 2235 744 2269 de
769 2235 852 2269 Urbe
884 2235 1069 2269 eorumdem
1106 2236 1171 2269 fra-

519 2293 603 2321 trum
629 2288 784 2322 Minorum
805 2289 903 2322 sancti
923 2289 1082 2323 Francisci
1100 2289 1174 2323 Con·

520 2342 711 2375 ventualium
750 2348 1004 2387 nuncupatorum
1038 2343 1173 2386 eligendi

520 2395 754 2428 constituuntur
784 2406 842 2439 pro
877 2397 1013 2439 negotiis
1048 2396 1172 2430 illarum

519 2448 755 2492 provinciarum
778 2449 950 2493 explendis,
976 2449 1051 2484 279.

432 2499 534 2534 XLIV.
569 2502 790 2535 Conceduntur
824 2508 974 2536 consueta
1008 2503 1174 2547 privilegia

520 2554 679 2588 nonnullis
703 2555 891 2588 sanctissimi
923 2555 1042 2589 domini
1074 2556 1173 2590 nostri

521 2607 737 2649 familiaribus,
761 2606 836 2642 281.

434 2658 521 2693 XLV.
548 2660 761 2695 Confirmatur
797 2661 958 2695 decretum
995 2662 1174 2707 Congrega-

1317 316 1410 350 tionis
1446 316 1668 361 episcoporum
1694 322 1723 350 et
1749 317 1940 360 regularium
1956 345 1963 359 ‚

1314 380 1377 413 quo
1410 369 1556 402 statuitur
1586 374 1620 402 ut
1651 369 1683 402 in
1719 369 1865 403 domibus
1890 371 1963 403 reli-

1314 423 1410 466 giosis
1436 423 1619 466 provinciae
1643 423 1673 457 S.
1696 423 1839 467 Gregorii
1870 424 1901 456 in
1919 424 1964 457 in-

1314 477 1390 509 sulis
1408 477 1594 521 Pliilippinis
1620 477 1746 510 Ordinis
1766 478 1896 512 fratrum
1914 478 1966 511 Mi-

1313 540 1427 563 norum
1464 530 1562 562 sancti
1597 530 1755 563 Francisci
1789 531 1826 564 de
1850 531 1963 565 Obser—

1313 584 1415 616 vantia
1433 583 1698 617 Discalceatorum
1719 589 1860 618 servetur
1884 585 1967 619 clau·

1313 647 1396 678 sura,
1413 642 1485 677 etc„
1510 636 1586 670 282.

1225 690 1325 723 XLVI.
1353 690 1530 722 Mandatum
1551 690 1707 734 quoddam
1726 691 1865 735 episcopi
1883 691 1964 724 Mon-

1314 743 1351 775 tis
1370 743 1540 785 pessulani,
1558 743 1607 776 cui
1627 743 1734 776 titulus
1751 743 1966 778 ordonnance

1312 796 1349 828 cle
1372 797 1593 839 monsm'yneur
1617 797 1654 830 de
1672 796 1878 840 Montpeiller
1893 807 1967 830 con-

1314 852 1360 881 tre
1386 849 1417 881 la
1451 850 1660 882 deliberation
1696 849 1734 882 de
1761 859 1819 882 son
1850 850 1962 893 chapi-

1313 906 1371 941 tre,
1398 907 1467 943 etc„
1494 902 1646 943 irritatur,
1667 902 1845 943 damnatur,
1863 902 1966 935 addita

1312 956 1527 999 prohibitione
1562 956 1730 999 quominus
1754 957 1814 1000 legi
1839 966 1894 990 seu
1920 966 1966 989 re-

1314 1008 1404 1041 tineri
1431 1008 1541 1052 possit,
1567 1007 1643 1042 0283.

1224 1061 1336 1094 XLVII.
1364 1061 1597 1095 Confirmantur
1622 1061 1743 1095 litterae
1768 1061 1882 1096 Urbani
1908 1062 1966 1095 Pa-

1312 1125 1371 1158 pae
1385 1115 1451 1147 VIII
1466 1125 1502 1147 ac
1524 1125 1755 1155 successorum,
1772 1115 1885 1159 quibus
1903 1115 1966 1148 sin-

1312 1168 1393 1212 gulis
1411 1168 1608 1212 patriarchis,
1626 1169 1884 1213 archiepiscopis,
1904 1168 1968 1214 epi-

1313 1221 1427 1265 scopis,
1454 1221 1630 1265 ceterisque
1647 1222 1700 1255 Dei
1723 1222 1855 1255 verbum
1879 1231 1968 1266 prae-

1312 1274 1511 1316 dicantibus,
1536 1280 1570 1307 ut
1595 1275 1703 1308 saltem
1741 1274 1789 1307 bis
1820 1274 1851 1307 in
1883 1284 1966 1309 anno

1313 1338 1475 1361 sacrorum
1509 1328 1651 1361 locorum
1684 1328 1879 1361 Hierusalem
1904 1338 1962 1361 ne-

1313 1381 1473 1414 cessitates
1488 1386 1652 1425 exponant,
1668 1381 1873 1426 praecipitur,
1886 1379 1963 1414 285.

1223 1434 1349 1467 XLVIII.
1377 1435 1532 1468 Nonnulla
1549 1435 1749 1468 declarantur
1773 1446 1809 1468 ae
1826 1440 1968 1468 statuun-

1312 1493 1363 1520 tur
1386 1499 1444 1532 pro
1462 1488 1617 1531 regimine
1641 1488 1777 1522 nationis
1794 1488 1967 1522 Germano-

1312 1541 1474 1584 Belgicae,
1499 1552 1757 1585 annexarumque
1782 1541 1964 1586 provincia-

1312 1606 1393 1635 rum,
1413 1595 1538 1629 Ordinis
1563 1596 1694 1628 fratrum
1720 1595 1876 1629 Minorum
1901 1605 1968 1628 san-

1313 1648 1352 1681 cti
1377 1648 1534 1682 Francisci
1550 1649 1709 1692 reputaris
1734 1649 1966 1689 observantiae,

1312 1701 1471 1734 nonnullis
1491 1708 1653 1745 praeterea
1671 1702 1813 1742 sublatis,
1836 1712 1915 1746 quae
1934 1701 1966 1735 in

1312 1754 1470 1787 Benedicti
1496 1755 1558 1787 XIII
1592 1755 1815 1787 constitutione
1848 1754 1966 1797 Flam·-

1312 1808 1452 1840 tantiam
1468 1819 1588 1851 preces,
1612 1813 1684 1849 etc.,
1707 1809 1866 1851 leguntur,
1886 1806 1963 1840 286.

1228 1861 1327 1893 XLIX.
1346 1860 1570 1904 Approbantur
1587 1861 1826 1904 constitutiones
1846 1871 1906 1904 pro
1923 1870 1968 1893 se-

1313 1914 1454 1946 minariis
1490 1913 1776 1947 ecclesiasticorum
1814 1914 1845 1946 in
1868 1923 1967 1957 regno

1313 1967 1490 2010 Aragoniae
1518 1967 1631 2000 erectis
1656 1971 1686 2000 et
1710 1967 1784 2000 alibi
1809 1966 1968 2009 erigendis

1313 2020 1370 2053 sub
1395 2020 1552 2054 dictorum
1585 2019 1807 2064 episcoporum
1840 2019 1967 2052 iurisdi-

1314 2073 1426 2115 ctione,
1445 2073 1483 2105 ad
1501 2073 1628 2106 illorum
1653 2073 1892 2106 instructionem
1913 2072 1967 2117 qui

1314 2126 1347 2159 in
1372 2126 1557 2159 muneribus
1581 2126 1763 2170 apostolicis
1787 2126 1849 2158 sint
1872 2136 1967 2159 exer-

1314 2180 1427 2222 cendi,
1452 2186 1482 2214 et
1516 2180 1747 2214 ecclesiasticae
1782 2179 1968 2224 disciplinae

1312 2234 1554 2275 incrementum,
1578 2233 1655 2267 292.

1225 2289 1256 2321 L.
1281 2288 1357 2320 Tres
1382 2288 1479 2320 eremi
1497 2286 1622 2320 Ordinis
1644 2287 1776 2319 fratrum
1794 2286 1967 2319 Servorum

1313 2341 1347 2374 B.
1374 2341 1413 2374 M.
1440 2339 1474 2374 V.
1499 2351 1557 2384 pro
1592 2345 1735 2384 tempore
1765 2339 1966 2373 existentium

1314 2394 1498 2438 provinciae
1534 2394 1694 2427 Romanae
1724 2392 1966 2438 provincialium

1314 2447 1524 2481 iurisdictioni
1541 2447 1763 2489 subiiciuntur,
1781 2446 1875 2480 etiam
1893 2455 1968 2490 quo-

1314 2501 1352 2534 ad
1377 2500 1587 2534 visitationem
1613 2510 1670 2544 per
1695 2499 1823 2534 eosdem
1841 2499 1968 2543 provin-

1314 2553 1408 2587 ciales
1425 2554 1456 2586 in
1472 2553 1563 2587 dictis
1587 2552 1701 2587 eremis
1726 2552 1816 2586 annis
1833 2551 1967 2596 singulis

1314 2606 1538 2651 peragendam,
1562 2605 1638 2639 307.

1226 2661 1273 2695 LI.
1290 2660 1462 2695 Nonnullae
1477 2659 1692 2694 ordinationes
1700 2669 1759 2704 pro
1772 2658 1966 2693 restituendo
