2182 3137
212 217 266 242 An.
281 217 310 243 C.
334 217 400 243 1732

249 666 323 686 Omnia
341 671 389 684 ιιωι

206 693 226 712 in
242 693 347 713 charit-ite
361 692 388 711 sa-

206 720 290 741 cienda.

251 1940 393 1962 particulares

221 1968 383 1988 constitutiones

210 1996 227 2015 si
240 2001 291 2020 opus⁴
305 1994 332 2014 sit
342 1994 393 2017 sieri,

211 2028 224 2042 a
253 2021 329 2047 quihus
364 2020 393 2040 sa*

210 2048 309 2069 ciendae.

446 209 509 241 :38ss

403 266 530 295 osticium
557 266 599 295 vel
622 266 793 303 dignitatem
817 267 846 295 ιιι
869 267 978 296 Ordine
998 271 1047 296 aut
1062 270 1142 296 extra

403 313 539 344 Ordinem
546 337 552 343 .

481 363 574 392 Penes
614 363 870 400 congregationem
912 363 1143 401 begumenorum

402 411 458 441 erit
479 412 609 441 iudicare
633 421 813 450 poenamque
836 412 987 441 ejectionis
1010 413 1143 451 infligere

402 460 490 488 etiam
523 460 548 489 ei
583 460 748 496 monacho,
773 460 823 499 qui
857 470 914 490 nou
947 461 976 490 in
1009 461 1084 491 idem
1108 472 1143 491 ex

403 518 489 546 supra
525 509 609 538 dictis
642 509 815 538 criminibus
851 514 894 539 ter
930 509 1058 549 incidit,
1093 511 1143 541 sed

403 557 454 586 tria
478 557 591 587 diversa
615 558 659 587 vel
683 558 766 596 plura
797 567 830 587 ex
860 559 895 587 iis
918 559 1040 588 crimina
1065 569 1143 589 com-

403 606 492 634 inisit.

441 664 467 684 v.
492 656 585 695 Atque
609 656 662 685 boc
685 655 749 685 loco
771 666 873 686 rursus
906 657 1072 696 superiores
1095 658 1143 687 ad-

400 708 587 741 moneantur,
605 713 641 733 ne
663 706 717 733 sna
739 705 885 741 socordia,
909 709 958 734 aut
975 706 1081 735 vitiosa
1098 715 1143 735 se-

400 753 534 790 veritate,
559 754 663 783 fratres
686 764 754 783 suos
777 754 810 783 ad
835 755 913 783 bunc
944 755 1140 784 miserabilem

400 802 506 831 saltum
529 803 564 831 de
588 803 764 831 monasterio
787 803 821 831 ad
844 803 1008 837 saeculum,
1028 804 1063 833 de
1079 813 1142 833 sae-

400 851 465 880 culo
495 851 523 880 in
558 852 706 881 infernum
742 852 874 889 adigant3
899 853 969 890 sed,
994 862 1059 882 cum
1094 853 1140 882 vix

400 900 490 928 ullum
516 901 664 937 ingenium
689 901 725 929 sit
747 900 818 929 adeo
841 902 975 939 pertinax
997 905 1026 930 et
1048 902 1138 938 ferox,

401 949 489 988 quod,
507 950 655 988 aspirante
674 950 721 978 Dei
739 951 845 987 gratia,
868 951 1091 980 mansuetudine
1113 955 1140 980 et

400 997 521 1026 lenitate
545 998 729 1037 superiorum
764 998 838 1027 vinci
855 1023 862 1035 ,
886 1003 1039 1037 tractuque
1069 1004 1140 1028 tein-

400 1047 477 1085 poris
498 1047 532 1075 ad
557 1046 662 1075 bonam
684 1047 797 1084 frugem
817 1047 946 1076 revocari
963 1057 1020 1077 non
1038 1048 1138 1087 possit,

401 1099 430 1124 ut
453 1095 619 1134 superiores
651 1095 686 1125 ad
709 1096 763 1125 boc
785 1101 947 1126 extremum
977 1097 1140 1127 remedium

399 1143 537 1173 devenire
560 1153 618 1173 non
640 1149 792 1181 cogantur,
810 1145 924 1174 discant
937 1145 972 1174 ab
989 1145 1138 1184 Apostolo,

400 1193 496 1220 omnia
522 1202 572 1221 sna
596 1193 625 1221 in
649 1193 791 1222 charitate
814 1203 877 1223 esse
901 1194 1045 1223 facienda.
1070 1195 1142 1224 Cha-

400 1241 472 1270 ritas
495 1246 591 1270 autem
616 1242 731 1280 patiens
753 1246 814 1279 est,
839 1242 964 1280 benigna
987 1247 1045 1280 est,
1077 1244 1142 1273 clia-

400 1290 472 1319 ritas
495 1300 551 1319 non
575 1290 756 1327 aemulatur,
781 1301 839 1320 non
871 1292 930 1329 agit
964 1302 1118 1331 perperam
1134 1317 1140 1328 ,

399 1348 457 1368 non
490 1339 625 1374 inflatur,
652 1349 710 1369 non
733 1344 776 1369 est
799 1340 965 1377 ambitiosa,
983 1351 1040 1371 non
1057 1352 1143 1381 quae·

399 1388 438 1417 rit
475 1398 549 1427 quae
571 1397 623 1418 sua
646 1393 732 1425 sunt,
755 1398 813 1418 non
836 1390 984 1427 irritatur,
1014 1400 1071 1420 non
1095 1401 1143 1420 co-

400 1436 474 1473 gitat
497 1437 622 1474 malum,
645 1446 704 1466 non
726 1438 832 1475 gaudet
854 1448 941 1477 super
963 1439 1140 1478 iniquitate,

401 1485 451 1514 sed
486 1486 649 1523 congaudet
673 1486 800 1516 veritati.
824 1486 1038 1525 Quamobrem,
1063 1492 1143 1518 ante-

401 1544 488 1573 quam
512 1534 546 1563 ad
568 1534 722 1564 eiectionis
751 1545 873 1574 poenam
904 1537 1141 1575 progrediantur,

401 1584 615 1622 praemittenda
639 1589 726 1614 erunt
756 1586 852 1614 omnia
883 1586 938 1614 alia
968 1587 1095 1615 remedia
1127 1596 1142 1616 a

400 1634 508 1662 sanctis
521 1633 653 1672 patribus
677 1635 855 1673 praescripta
872 1645 879 1670 3
903 1635 1020 1670 adeout,
1040 1636 1063 1665 si
1080 1636 1141 1665 sieri

402 1687 518 1720 potest,
544 1683 693 1712 communi
712 1683 843 1713 oninium
874 1689 903 1713 et
933 1685 1062 1722 privatae
1084 1685 1143 1714 sin-

402 1731 535 1768 gulorum
560 1732 681 1761 fratrum
705 1732 898 1761 aedificationi
923 1737 951 1762 et
973 1733 1060 1762 saluti
1078 1743 1143 1772 pro-

404 1779 556 1818 spiciatur.

444 1829 512 1857 (tm.
537 1837 678 1858 varmum.
702 1847 740 1851 —
762 1829 866 1858 Moni'tn
885 1831 1033 1867 generalia
1052 1842 1104 1870 pro

553 1878 739 1907 observatione
761 1879 997 1908 constitutionum.

443 1936 462 1956 1.
486 1926 522 1956 [t
544 1926 704 1956 defectibus
727 1927 755 1955 in
779 1926 917 1956 Ordinem
943 1930 1051 1958 seusun
1073 1929 1145 1958 irre-

405 1976 540 2015 pentibus
562 1980 734 2005 occurratur
750 2000 757 2013 ,
782 1981 810 2005 et
842 1977 978 2015 religiosa
1009 1979 1145 2016 perfectio

405 2029 594 2054 conservetur
618 2025 661 2053 vel
684 2025 770 2053 etiam
788 2030 941 2063 augeatur,
959 2033 1079 2065 possunt
1095 2028 1147 2057 ali-

405 2083 479 2113 quae.
503 2083 593 2103 novae
618 2074 844 2103 constitutiones
876 2084 928 2113 pro
955 2079 1012 2105 toto
1039 2076 1147 2106 Ordine

405 2122 609 2162 praesentibus
642 2122 727 2159 addi,
751 2132 825 2162 quae
861 2124 992 2153 eamdem
1025 2125 1084 2154 vim
1115 2135 1148 2155 ao

406 2173 495 2202 robur
514 2171 652 2209 habeant,
675 2172 736 2201 sive
758 2172 916 2201 nonnullae
932 2173 1019 2203 exiis
1042 2175 1148 2204 mutari

406 2222 450 2251 vel
485 2220 641 2259 abrogari,
674 2220 829 2250 dummodo
861 2222 978 2259 regula,
1012 2232 1086 2261 quae
1118 2224 1148 2253 in

407 2271 515 2310 prioris
544 2270 635 2310 partis
658 2269 803 2308 capitibus
826 2270 1027 2309 duodeviginti
1059 2273 1150 2302 couti—

405 2324 509 2357 netur,
544 2320 651 2348 intacta
686 2323 824 2357 maneat,
858 2320 944 2359 idque
975 2330 1032 2350 non
1065 2321 1150 2351 aliter

406 2369 466 2405 fiat,
489 2369 546 2398 nisi
568 2368 598 2398 in
621 2368 848 2405 congregatione
863 2368 1003 2406 generali.
1028 2369 1150 2409 Insuper

406 2427 459 2457 pro
481 2417 557 2447 hono
580 2416 802 2456 particularium
826 2418 1069 2447 monasteriorum
1086 2428 1151 2457 pos-

407 2470 475 2495 sunt
497 2465 531 2495 ab
554 2465 657 2495 abbate
679 2465 809 2503 generali
843 2469 892 2495 ant
924 2467 1150 2504 congregatione

407 2516 639 2553 hegumenorum
655 2538 662 2552 ,
687 2515 732 2544 vel
761 2523 776 2543 a
804 2514 1005 2544 visitatoribus
1027 2524 1041 2544 a
1064 2525 1151 2553 gene-

408 2564 462 2593 rali
484 2564 528 2593 vel
552 2564 783 2601 hegumenorum
815 2563 1040 2601 congregatione
1062 2564 1151 2603 depu-

409 2612 487 2649 tatis,
506 2613 623 2651 aliquae
646 2611 839 2651 particulares
861 2611 1084 2642 constitutiones
1101 2612 1151 2641 sie·
1169 2635 1173 2645 .

974 221 1072 241 BELLA
1081 220 1156 241 ltllllll
1186 220 1292 242 limina
1301 223 1339 243 UM

1186 267 1222 302 ri,
1246 277 1320 306 quae
1344 272 1437 298 tamen
1462 269 1647 306 generalibus
1681 269 1759 300 bisce
1786 270 1927 300 coustitu-

1187 315 1317 346 tionibus
1339 325 1477 355 expresse
1499 326 1557 346 non
1580 318 1781 352 adversentur,
1809 319 1859 348 sed
1878 318 1924 353 iis,

1187 368 1327 403 quantum
1352 365 1414 393 lieri
1439 369 1542 403 potest,
1567 366 1804 396 accomodeutnr.

1227 421 1256 441 ιι.
1281 412 1444 451 Explicatio
1474 414 1715 443 constitutionum
1749 418 1777 444 et
1809 415 1926 453 regulae
1956 427 2120 452 inplication-

1938 456 1998 477 palan
2014 454 2041 473 ad
2052 454 2118 476 sotum

1937 481 2036 500 ..anatem
2071 486 2119 506 pat·-

1188 509 1310 538 cousilio
1335 512 1564 547 hegumenorum
1580 521 1586 547 3
1610 511 1692 550 isque
1708 512 1763 541 erit
1780 512 1926 550 genuinus
1938 510 1996 527 ¹¹¹¹¹'¹·

1189 461 1315 499 pertinet
1336 461 1371 490 ad
1394 462 1487 491 solum
1511 462 1643 492 abbatem
1667 463 1832 499 generalem
1858 473 1924 493 cum

1187 568 1287 587 earum
1310 568 1425 595 sensuS,
1450 560 1478 588 in
1502 569 1587 598 quem
1611 561 1702 590 maior
1722 570 1787 599 pars
1805 570 1927 598 congre-

1186 607 1311 644 gationis
1335 607 1564 645 liegumenoruui
1588 610 1780 639 consenserit.

1227 665 1265 686 ιιι.
1292 656 1400 686 Omnes
1423 656 1543 687 abbates
1567 657 1743 687 tenebuntur
1766 658 1874 688 babere
1896 659 1925 688 in

1186 704 1318 744 quolibet
1340 706 1516 735 monasterio
1538 707 1595 735 duo
1621 707 1723 736 saltem
1747 707 1925 746 exemplaria

1187 754 1305 791 regulae
1329 759 1356 783 et
1378 755 1637 787 constitutionum,
1661 760 1718 785 tam
1746 756 1926 793 generalium

1186 812 1272 840 quam
1302 803 1538 841 particularium,
1562 804 1585 832 si
1616 813 1690 843 quae
1719 808 1788 834 suut
1815 805 1927 843 proprii

1186 851 1378 887 monasterii,
1399 851 1523 890 illasque
1554 852 1583 881 ιιι
1615 852 1730 891 publica
1753 854 1855 882 mensa
1877 858 1927 883 aut

1185 900 1411 937 congregatione
1444 901 1551 929 saciant
1584 901 1641 937 legi
1679 900 1838 937 fratribus,
1872 901 1926 931 sub

1187 950 1280 986 poena
1301 949 1503 987 suspensionis
1520 949 1555 978 ab
1571 949 1678 987 osl'icio,
1697 949 1828 989 quolibet
1845 959 1926 980 men-

1185 1006 1232 1033 se,
1257 997 1302 1025 die
1334 997 1554 1027 determinamla
1588 1008 1639 1037 per
1671 1000 1925 1037 congregationem

1185 1045 1361 1082 generalem.
1389 1045 1476 1084 ldque
1498 1047 1672 1084 intelligitur
1695 1048 1729 1077 de
1754 1049 1858 1086 prima,
1883 1059 1928 1079 se-

1185 1093 1282 1122 cunda
1303 1098 1330 1123 et
1352 1095 1453 1132 quinta
1472 1100 1575 1133 parte3
1596 1105 1662 1124 nam
1679 1096 1762 1125 tertia
1780 1102 1807 1125 et
1823 1102 1925 1135 quarta

1186 1151 1252 1181 pars
1285 1143 1528 1172 constitutionum
1562 1144 1617 1181 legi
1651 1144 1757 1174 debent
1785 1146 1875 1175 semel
1896 1146 1924 1175 in

1186 1200 1274 1229 anno,
1294 1191 1340 1220 die
1363 1192 1431 1220 item
1456 1201 1507 1231 per
1528 1194 1786 1230 congregationem
1808 1204 1927 1232 genera-

1187 1240 1242 1268 lem
1265 1240 1496 1270 determinanda.

1225 1297 1264 1318 ιν.
1288 1289 1323 1318 Et
1344 1290 1411 1328 quia
1428 1298 1479 1328 per
1495 1290 1675 1328 vigilantiam
1698 1296 1748 1320 aut
1765 1292 1926 1321 socordiam

1186 1337 1371 1375 superiorum
1396 1342 1427 1367 ut
1450 1338 1609 1376 plurimum
1639 1340 1786 1378 profectus
1808 1345 1858 1370 aut
1879 1341 1928 1370 de-

1187 1387 1279 1415 sectus
1316 1386 1525 1416 monachorum
1563 1388 1592 1417 in
1629 1388 1738 1418 Ordine
1774 1394 1925 1427 constant,

1186 1434 1296 1464 idcirco
1319 1444 1421 1464 onmes
1439 1435 1605 1474 superiores
1627 1438 1657 1466 iu
1673 1437 1794 1467 Domino
1809 1447 1930 1467 monen-

1187 1486 1245 1520 tur,
1269 1487 1300 1513 ut
1321 1493 1465 1513 memores
1481 1485 1540 1514 sint
1558 1485 1692 1524 rationis,
1716 1496 1803 1525 quam
1825 1486 1856 1516 in
1877 1497 1930 1517 no-

1187 1533 1307 1562 vissimo
1330 1533 1376 1562 die
1402 1533 1546 1563 reddituri
1575 1540 1643 1564 suut
1673 1545 1725 1574 pro
1757 1545 1845 1573 grege
1872 1536 1927 1566 sibi

1187 1582 1356 1611 commisso.
1379 1581 1420 1611 Ac
1443 1588 1593 1621 propterea
1627 1584 1705 1614 omni
1738 1585 1833 1614 studio
1856 1585 1929 1614 invi-

1187 1631 1278 1669 gilent
1293 1654 1300 1667 ,
1324 1635 1356 1660 ut
1378 1641 1452 1670 quae
1474 1641 1509 1661 ex
1531 1632 1686 1671 disciplina
1714 1634 1807 1663 sancti
1839 1634 1929 1673 patris

1187 1680 1281 1709 nostri
1300 1680 1430 1718 Antonii,
1450 1686 1479 1710 et
1501 1691 1535 1710 ex
1555 1682 1664 1719 regulis
1693 1687 1860 1712 sanctoruni
1880 1693 1929 1722 pa-

1189 1734 1265 1758 trum
1298 1734 1466 1759 nostrornm
1491 1730 1638 1760 i'aelioniii
1671 1736 1698 1761 et
1727 1732 1825 1761 Basilii
1858 1732 1930 1761 alio-

1164 1781 1311 1816 'rumque
1341 1783 1507 1808 sanctoruni
1540 1779 1569 1808 iu
1603 1780 1656 1808 boc
1684 1780 1782 1809 codice
1809 1780 1929 1810 collecta

1189 1831 1267 1864 sunt,
1291 1836 1423 1866 quaeque
1457 1828 1582 1857 maxime
1612 1829 1688 1857 circa
1713 1833 1775 1858 vota
1798 1828 1928 1866 Ordinis,

1188 1875 1327 1913 eliorum,
1364 1876 1526 1905 orationem
1562 1878 1735 1915 mentalem,
1772 1877 1927 1916 ieiunium,

1189 1925 1304 1963 aliaque
1326 1925 1490 1963 spiritualia
1512 1927 1651 1955 exercitia
1675 1926 1927 1965 praescribuntur,

1190 1983 1286 2003 omnia
1310 1979 1338 2004 et
1365 1975 1479 2012 singula
1509 1975 1685 2004 adamussim
1715 1976 1928 2014 observentur3

1190 2024 1414 2062 intelligautque
1432 2033 1520 2062 super
1539 2024 1595 2060 his,
1612 2024 1702 2053 veluti
1722 2025 1928 2063 fundamentis,

1192 2076 1282 2104 totius
1317 2073 1469 2103 monastici
1505 2073 1633 2109 instituti
1667 2074 1832 2103 aediticium
1863 2083 1932 2104 con-

1191 2123 1364 2153 struendum
1386 2126 1414 2151 et
1434 2122 1633 2160 ampliandum
1657 2132 1731 2152 esse.

1233 2172 1269 2202 Ut
1291 2181 1359 2201 vero
1383 2171 1479 2201 omnia
1502 2171 1636 2200 ordinate
1659 2176 1845 2210 peragantur,
1870 2182 1931 2201 mo-

1193 2221 1304 2250 naclius
1326 2220 1450 2259 quisque
1474 2220 1562 2249 officii
1585 2220 1629 2249 sui
1651 2220 1767 2258 regulas
1790 2230 1840 2250 seu
1863 2230 1932 2251 con-

1193 2270 1360 2300 stitutiones
1391 2269 1420 2298 in
1458 2268 1557 2298 tabula
1593 2269 1636 2298 vel
1673 2269 1772 2298 codice
1807 2270 1931 2309 scriptas

1193 2319 1268 2357 apud
1291 2328 1321 2348 se
1344 2317 1469 2353 habeat,
1493 2327 1600 2356 easque
1623 2318 1779 2356 diligenter
1801 2319 1932 2358 perlegat

1193 2372 1221 2397 et
1244 2367 1400 2396 observare
1421 2370 1540 2404 satagat.

1233 2416 1275 2445 Ad
1298 2416 1412 2445 laudem
1443 2419 1471 2444 et
1500 2415 1623 2452 gloriam
1646 2415 1695 2445 nei
1722 2417 1932 2455 omnipotentis

1193 2465 1288 2495 Patris
1303 2489 1310 2502 ,
1334 2469 1362 2494 et
1382 2464 1449 2493 Filii
1464 2486 1471 2500 ,
1496 2468 1523 2493 et
1551 2464 1677 2503 Spiritus
1704 2464 1822 2503 Sancti,
1847 2469 1875 2495 et
1896 2466 1932 2495 ad

1193 2514 1333 2543 honorem
1355 2512 1554 2542 sanctissimae
1570 2512 1703 2550 Virginis
1720 2513 1854 2552 deiparae
1876 2513 1934 2543 Ma-

1193 2563 1266 2600 riae,
1281 2566 1310 2592 et
1323 2562 1416 2591 sancti
1434 2562 1523 2601 patris
1538 2562 1632 2591 nostri
1643 2562 1775 2598 Antonii,
1789 2562 1933 2592 omnium-

1193 2621 1250 2652 que
1272 2615 1451 2641 sanctorum.
1474 2610 1578 2640 Amen.

1935 224 1985 248 Au.
2007 223 2035 248 C.
2053 223 2119 251 1732
