2182 3137
215 275 265 300 An.
285 275 313 300 c.
337 274 402 299 173t
448 262 511 295 594

407 321 542 362 collegia
562 347 571 360 ‚
597 330 631 351 ac
657 323 718 352 tam
744 318 880 351 virorum
906 328 999 361 quam
1025 317 1137 350 mutie-

407 384 475 406 rum
501 372 717 410 monasteria,
750 371 920 414 hospitalia
939 398 946 410 ,
983 371 1136 403 eeclesiae

407 432 459 459 aut
483 426 551 458 loca
576 425 627 467 pia
653 434 854 467 quoeuuique
878 423 1055 467 privilegio,
1080 423 1137 455 im-

407 478 560 511 munitate
586 478 633 510 vel
661 476 865 520 exemptione
897 476 1024 509 sullulta
1060 476 1138 509 exti-

408 532 516 570 terint,
542 531 605 564 sire
631 530 726 563 etiam
751 530 911 563 vieeversa
936 530 972 562 ad
1000 530 1135 573 ipsarum

407 584 668 617 eouununitatum
687 594 742 617 seu
760 583 1001 616 universitatum
1019 584 1137 616 instan-

408 637 480 669 tiam
506 641 615 670 eontra
641 636 822 679 praedictos
845 638 890 669 vel
927 636 1006 669 alios
1041 646 1136 679 quos·

406 701 548 734 cumque,
569 696 622 723 aut
647 690 730 723 inter
755 690 906 733 ipsasmet
930 690 1135 723 communita-

407 749 452 775 tes
477 743 633 781 invicem,
660 743 827 776 occasione
853 743 990 775 cuiusvis
1027 743 1135 782 laudi,

406 796 647 836 arbitramcnti‚
684 796 890 835 sententiae,
927 796 1044 829 decreti
1083 801 1136 828 aut

405 849 546 882 mandati
573 860 632 892 per
656 849 838 893 praedictos
875 849 1109 892 gubernatores
1128 876 1135 888 ‚

406 907 577 944 potestates
602 907 656 934 aut
680 902 846 944 praesides
864 903 912 935 vel
931 903 1061 945 legatos,
1084 907 1137 934 aut

406 965 627 998 quoscumque
652 955 730 988 alios
765 955 885 988 iudices
909 966 962 988 seu
988 956 1136 988 commis-

406 1008 506 1042 sarios
523 1035 530 1045 ,
556 1008 650 1041 etiam
676 1009 714 1041 ad
739 1008 770 1041 id
796 1009 961 1051 delegatos
987 1011 1033 1042 vel
1066 1010 1138 1041 sub-

407 1062 589 1104 delegatos,
617 1067 669 1094 aut
694 1062 831 1094 arbitros
850 1063 898 1094 vel
917 1062 1136 1102 arbitratores,

406 1115 436 1147 iu
463 1115 523 1148 rim
549 1115 787 1148 constitutionis
806 1121 935 1148 nostrae
954 1115 1136 1158 praedictae

405 1180 458 1201 seu
483 1168 561 1202 alias
587 1168 831 1212 quomodolibet
849 1168 902 1201 lati
921 1174 976 1201 aut
991 1169 1135 1209 relaxati,

405 1227 507 1254 motas
532 1227 586 1254 aut
615 1222 804 1260 movendas,
829 1232 900 1254 cum
926 1222 1051 1255 illarum
1085 1222 1137 1254 de-

405 1274 599 1317 pendentiis,
624 1274 880 1316 emergentibus,
906 1274 1135 1313 incidentibus,

406 1328 537 1361 annexis
562 1334 592 1361 et
616 1328 780 1366 connexis,
806 1328 988 1367 summarie,
1015 1328 1137 1371 simpli-

406 1382 484 1414 citer
509 1387 540 1414 et
564 1382 603 1414 de
629 1382 746 1425 plano,
773 1381 840 1414 sine
872 1382 1005 1424 strepitu
1039 1388 1069 1414 et
1106 1382 1138 1413 Γι-

405 1437 483 1478 gui-a
518 1434 642 1473 iudicii,
668 1435 734 1467 sola
765 1435 837 1467 sacti
870 1435 1001 1468 veritate
1033 1435 1138 1478 inspe-

405 1490 464 1528 cta,
491 1488 584 1521 etiam
611 1487 757 1520 terminis
781 1488 1045 1521 substantialibus
1075 1498 1137 1522 non

406 1542 552 1579 servatis,
578 1551 672 1573 manu
697 1540 785 1583 regia
817 1541 986 1581 audiendi,
1019 1552 1136 1584 cogno-

406 1594 516 1626 scendi
541 1599 571 1625 et
595 1592 656 1625 tine
682 1593 790 1626 debito
815 1593 1018 1635 terminandi,
1033 1605 1069 1627 ac
1085 1605 1137 1627 su-

405 1647 516 1690 perius
548 1647 708 1690 expressis
734 1651 764 1680 et
794 1647 865 1680 aliis
900 1648 1062 1690 quibusvis
1092 1648 1139 1680 iu-

406 1700 529 1733 dicibus
554 1706 584 1732 et
608 1700 773 1743 personis,
792 1701 918 1743 quoties
935 1712 1015 1744 opus
1033 1701 1138 1740 suerit,

407 1754 464 1786 sub
500 1753 645 1785 censuris
671 1758 702 1785 et
725 1753 840 1796 poenis
874 1753 1008 1786 arbitrio
1033 1760 1137 1787 vestro

407 1806 609 1849 infligendis,
635 1806 841 1839 moderandis
866 1812 896 1839 et
917 1807 1135 1850 applicandis,

407 1859 586 1899 inhibendi,
606 1859 668 1892 sive
685 1859 895 1892 inhibitiones
922 1871 1137 1904 quascumque

407 1914 446 1946 ab
471 1913 516 1946 eis
541 1913 640 1946 editas
666 1914 760 1946 etiam
786 1913 893 1956 vigore
918 1925 1139 1957 quarumcum-

408 1977 469 2010 que
494 1966 757 2000 commissionum
782 1967 1049 2010 apostolicarum,
1075 1978 1138 2002 non

408 2026 513 2053 tamen
540 2030 636 2053 manu
661 2021 772 2052 nostra
797 2020 1008 2063 signatarum,
1034 2022 1140 2054 mode-

408 2074 497 2106 randi
523 2078 576 2105 aut
601 2073 792 2114 revocandi,
820 2079 867 2113 et,
893 2079 989 2117 prout
1022 2075 1138 2107 iustum

408 2127 497 2160 vobis
530 2127 707 2167 videbitur,
733 2127 883 2160 mandata
919 2138 1139 2172 quaecumque

408 2181 588 2214 necessaria
613 2186 644 2213 et
668 2186 849 2224 opportuna
870 2181 1077 2222 decernendi,
1095 2193 1140 2215 re-

408 2235 546 2275 laxandi,
564 2239 605 2273 et,
621 2235 707 2268 omni
726 2241 757 2268 et
781 2245 984 2278 quacumque
1002 2236 1139 2278 appella-

410 2289 495 2321 tione
531 2288 759 2321 reclamatione
785 2293 815 2320 et
838 2298 970 2321 recursu
1007 2289 1137 2323 omnino

409 2341 622 2384 posthabitis,
649 2341 851 2385 exequendi,
876 2342 1003 2384 plenam
1037 2347 1068 2375 et
1102 2343 1140 2375 li-

410 2395 519 2427 beram
545 2394 727 2427 facultatem
749 2399 780 2427 et
804 2400 1013 2438 potestatem,
1030 2402 1138 2428 aucto-

412 2448 504 2481 ritate
529 2447 703 2490 apostolica
720 2475 727 2487 ‚
762 2453 870 2480 tenore
896 2448 1136 2491 praesentium,

412 2501 642 2534 concendiinus
667 2506 697 2534 et
721 2501 933 2544 impartimur.

456 2553 638 2591 Praeterea,
664 2564 734 2586 cum
759 2564 992 2597 saepenumero
1018 2554 1139 2587 contin-

413 2611 489 2646 gat,
514 2605 636 2639 debitas
662 2606 868 2640 executiones
891 2607 1111 2640 mandatorum
1128 2634 1135 2647 ‚

413 2658 443 2690 in
463 2658 601 2692 savorem
615 2659 801 2693 carumdem
816 2660 1080 2694 communitatum
1094 2670 1140 2694 re-

979 269 1159 293 BULLARIUM
1188 269 1343 293 ROMANUM

1180 318 1374 358 laxator-um,
1403 317 1438 350 ea
1471 317 1578 362 specie
1603 317 1704 356 eludi,
1731 317 1817 360 quod
1847 326 1910 349 non

1180 371 1360 414 reperiatur
1386 370 1438 414 qui
1464 371 1549 403 bona
1570 370 1750 403 debitorum
1767 370 1910 403 auctioni

1180 424 1322 457 subiecta
1346 434 1454 456 emere
1479 423 1573 456 velit:
1600 423 1703 456 eidem
1724 422 1911 466 circumspe-

1179 477 1276 510 ctioni
1302 482 1423 509 vestrae
1449 486 1506 519 per
1530 481 1715 519 praesentes
1741 475 1911 509 committi-

1180 541 1249 562 mus
1276 536 1307 563 et
1332 530 1532 569 mandamus,
1558 534 1603 569 ut,
1631 534 1693 562 tam
1719 529 1821 562 causis
1849 529 1911 562 hu-

1179 583 1318 616 iusmodi
1345 594 1403 625 per
1427 593 1480 615 vos
1506 582 1643 625 cognitis
1661 609 1668 621 ,
1695 593 1791 626 quam
1817 582 1912 616 etiam

1180 646 1243 668 non
1270 635 1430 678 cognitis,
1456 645 1567 668 eorum
1585 661 1592 674 ,
1618 640 1729 668 contra
1758 645 1837 678 quos
1872 636 1912 669 de

1179 688 1418 731 praedictorum
1444 687 1585 720 iudicum
1611 698 1666 720 seu
1695 693 1799 721 vestro
1829 698 1914 721 man-

1180 742 1265 781 dato,
1292 741 1463 774 occasione
1488 740 1672 784 praedictae
1696 747 1825 774 nostrae
1842 752 1913 775 con-

1180 794 1368 834 stitutionis,
1384 795 1528 827 executio
1551 794 1656 838 aliqua
1675 794 1818 828 Facienda
1842 795 1913 835 erit,

1180 847 1264 879 bona
1289 848 1394 886 vendi,
1413 847 1551 879 auctioni
1577 847 1703 888 subiici,
1722 852 1761 887 et,
1782 847 1807 880 si
1829 847 1913 881 intra

1180 900 1306 932 brevem
1333 901 1502 932 terminum
1528 910 1639 940 nemo,
1665 900 1717 943 qui
1743 900 1798 933 illa
1816 906 1911 943 emat,

1181 958 1329 996 repertus
1355 953 1461 992 suerit,
1480 954 1737 996 consanguineos
1754 959 1785 987 et
1802 954 1912 988 affines

1182 1006 1369 1049 proximiori
1394 1006 1493 1048 gradu
1518 1007 1707 1040 coniunctos
1731 1007 1770 1040 ad
1794 1007 1850 1041 itta
1881 1019 1913 1041 e-

1182 1059 1297 1091 menda
1322 1059 1410 1101 cogi,
1437 1064 1535 1102 prout
1555 1059 1587 1091 in
1607 1059 1700 1093 bonis
1723 1070 1760 1092 ex
1778 1061 1913 1094 erimine

1181 1118 1212 1145 et
1237 1112 1353 1145 delicto
1389 1111 1569 1145 confiscatis
1606 1117 1637 1145 et
1667 1113 1836 1156 publicatis
1873 1115 1912 1147 ad

1180 1165 1362 1198 instantiam
1386 1166 1608 1209 procuratoris
1633 1165 1700 1199 fisci
1726 1167 1794 1199 neri
1812 1168 1913 1208 solet,

1181 1224 1354 1262 ceteraque
1380 1219 1486 1252 omnia
1511 1219 1542 1251 in
1567 1219 1753 1262 praemissis
1783 1225 1813 1253 et
1830 1220 1913 1254 circa

1181 1283 1217 1305 ea
1242 1271 1425 1305 necessaria
1449 1278 1480 1304 et
1504 1272 1751 1315 quomodolibet
1787 1283 1910 1317 oppor-

1183 1332 1257 1358 tuna
1293 1326 1490 1366 decernere,
1526 1327 1677 1359 mandare
1714 1332 1747 1360 et
1781 1328 1912 1371 exequi,

1181 1379 1275 1412 etiam
1302 1379 1388 1412 omni
1407 1385 1437 1412 et
1458 1390 1661 1423 quacumque
1683 1380 1913 1423 appellatione,

1181 1434 1410 1466 reclamatione
1436 1439 1467 1466 et
1492 1444 1624 1467 recursu
1649 1434 1776 1477 penitus
1804 1445 1910 1469 remo-

1182 1486 1231 1525 tis,
1247 1487 1295 1519 vel
1309 1486 1503 1520 inhibitione
1518 1487 1665 1530 superius
1680 1498 1913 1531 expressorum,

1182 1540 1229 1571 vel
1255 1539 1390 1572 aliorum
1427 1550 1727 1584 quorumcumque,
1764 1542 1813 1574 vel
1849 1541 1913 1574 litis

1183 1593 1380 1635 pendentia,
1407 1603 1471 1626 non
1508 1594 1657 1626 obstante
1677 1620 1684 1632 ,
1722 1593 1914 1628 auctoritate

1183 1648 1288 1679 nostra
1314 1647 1453 1687 curetis;
1481 1657 1574 1690 super
1592 1658 1655 1690 quo
1673 1647 1767 1680 etiam
1786 1649 1914 1691 plenam

1183 1699 1302 1732 eisdem
1329 1700 1441 1742 legatis
1460 1726 1467 1739 ‚
1492 1701 1696 1743 vicelegatis,
1723 1701 1916 1743 gubernato-

1182 1752 1295 1791 ribus,
1321 1753 1526 1796 praesidibus
1556 1759 1587 1785 et
1621 1755 1832 1797 potestatibus
1868 1755 1913 1788 sa-

1182 1806 1333 1838 cultatem
1350 1806 1510 1838 tribuatis.
1523 1806 1590 1839 Non
1605 1807 1809 1840 obstantibus
1824 1818 1916 1851 prae-

1183 1859 1299 1900 missis,
1325 1869 1361 1892 ae
1385 1859 1479 1892 etiam
1505 1859 1575 1892 aliis
1600 1859 1749 1892 omnibus
1774 1871 1855 1903 quae
1881 1861 1913 1893 in

1183 1912 1412 1945 constitutione
1431 1915 1538 1945 nostra
1562 1913 1726 1956 praedicta
1751 1914 1912 1947 voluimus

1182 1976 1246 1998 non
1272 1966 1418 2007 obstare,
1442 1966 1621 2010 ceterisque
1647 1966 1820 2000 contrariis
1845 1966 1915 2010 qui-

1183 2018 1398 2063 buscumque.

1217 2082 1315 2108 Datum
1332 2081 1439 2113 Romae,
1456 2082 1526 2117 apud
1542 2081 1567 2108 S.
1589 2082 1718 2117 Marcum,
1746 2082 1796 2109 sub
1816 2083 1914 2111 annulo

1184 2126 1336 2161 piscatoris,
1356 2127 1399 2154 die
1420 2135 1449 2154 111
1470 2127 1587 2154 octobris
1615 2134 1721 2162 moxcu,
1742 2128 1915 2164 pontificatus

1183 2176 1266 2199 nostri
1286 2180 1356 2199 anno
1376 2179 1393 2198 1.

1225 2235 1239 2278 ἓ
1264 2235 1295 2268 3.
1324 2236 1415 2268 Anno
1439 2245 1513 2268 vero
1538 2235 1663 2268 Domini
1688 2235 1817 2269 uocvu¹
1843 2235 1914 2280 piae

1182 2289 1358 2322 memoriae
1384 2289 1501 2321 Paulus
1526 2289 1609 2332 Papa
1633 2289 1655 2319 V
1675 2316 1682 2329 ,
1710 2289 1804 2322 etiam
1822 2300 1914 2333 prae-

1182 2343 1334 2375 decessor
1353 2347 1473 2382 noster,
1489 2342 1527 2374 ad
1543 2342 1710 2375 utilitatem
1728 2343 1912 2376 earumdem

1182 2396 1445 2428 communitatum
1470 2405 1525 2428 seu
1550 2395 1793 2428 universitatum
1808 2396 1913 2429 Status

1181 2448 1396 2480 Ecclesiastici
1408 2448 1563 2491 praedicti
1579 2449 1691 2482 sedulo
1711 2448 1913 2488 incumbens

1182 2500 1436 2533 iurisdietionem
1461 2501 1646 2545 praedictae
1666 2501 1697 2535 S.
1710 2501 1746 2534 R.
1759 2502 1790 2535 E.
1809 2501 1913 2534 cardi-

1182 2553 1303 2586 nalium
1321 2553 1588 2597 Congregationis
1609 2554 1688 2587 Boni
1710 2554 1913 2598 Regiminis³,

1217 2625 1227 2651 1
1250 2624 1314 2658 Leg.
1337 2623 1411 2652 1605
1430 2628 1456 2652 et
1476 2624 1545 2652 1607
1563 2629 1603 2659 (R.
1619 2625 1669 2659 Τ.)-

1215 2668 1232 2695 2
1252 2668 1360 2696 Videtur
1379 2668 1471 2696 deesse
1491 2669 1608 2697 anoeerit
1626 2669 1664 2703 (n.
1680 2670 1728 2702 τ,).

1917 268 1964 293 An.
1985 266 2015 292 C.
2036 266 2101 293 ¹734
2145 287 2146 291 ,

1945 2245 2105 2272 [tongi-agauni

1924 2273 1976 2295 Boni
1992 2274 2105 2299 Regimims

1925 2306 1937 2320 a
1948 2300 2014 2321 Paulo
2024 2301 2080 2326 Papa
2089 2299 2105 2318 v

1924 2329 2001 2348 auctae
2016 2327 2106 2347 faculta-

1925 2356 1964 2374 tes.

2139 2317 2170 2449 ἃ
