2182 3137
183 158 232 183 Αη.
249 156 277 181 c.
299 154 368 182 1730
413 146 477 179 100

376 202 405 233 Si
428 207 524 233 tamen
547 213 633 235 casus
654 205 817 235 discordiae
833 205 995 243 contingat,
1012 214 1117 244 nempe

378 252 422 282 vel
438 253 515 292 quod
531 253 625 282 maior
641 262 706 292 pars
723 253 752 283 in
773 258 961 292 procuratore
985 253 1118 292 eligendo

377 310 435 331 non
458 301 626 339 concordet,
644 302 688 331 vel
705 302 784 341 prior
800 302 896 332 dictae
919 303 1023 332 maiori
1042 302 1117 342 parti

377 349 497 388 capituli
520 359 579 379 non
602 351 780 380 assentiatur
798 361 849 381 seu
865 352 1030 381 consentiat
1045 362 1052 387 3
1069 351 1119 381 de-

378 406 442 427 cem
465 398 627 434 scrutiniis,
644 399 719 428 infra
741 399 814 429 duos
836 400 900 429 dies
919 399 1116 438 perficiendis,

376 446 440 475 sine
456 446 600 476 electione
616 448 814 485 procuratoris
831 448 1018 485 transcursis,
1036 457 1119 487 prae-

377 494 452 524 dicta
486 495 590 524 electio
623 496 657 525 ad
692 496 820 535 priorem
853 497 1045 533 devolvatur;
1069 496 1118 535 qui

377 548 447 573 tunc
481 548 698 582 procuratorem
732 545 820 582 eligat
853 546 1044 583 monachum,
1069 545 1118 584 qui

379 591 435 621 sibi
458 591 606 621 videbitur
629 593 721 630 magis
743 593 892 632 expedire.

201 654 369 674 rnorisauem-
419 649 458 670 vi.
489 640 596 670 Omnes
625 641 760 671 monachi
794 641 1045 671 administrationi
1070 641 1121 671 bo-

185 681 237 727 ξῖξξζ
253 681 369 732 ¹¹20„¹,¹¹¹‚⁰„¹}{¹,1
379 697 484 718 norum
508 689 715 728 temporalium
738 700 752 718 a
777 690 926 728 prioribus
950 689 1118 728 praepositi,

186 734 414 781 {¹1¹ssffi0,0},‘¹¹¹¹'¹¹¹'ad
438 737 569 776 priorum
593 742 696 767 nutum
719 738 778 767 sint
800 737 983 767 amoribiles.
1001 738 1037 767 At
1052 747 1120 767 vero

381 791 553 825 procurator
572 787 776 825 temporalium
800 787 927 816 amoveri
950 796 1007 816 non
1032 786 1121 825 possit

380 834 437 864 nisi
470 843 504 863 ex
538 835 627 864 causa
651 834 803 872 legitima,
829 835 872 864 vel
896 845 910 864 a
935 835 1031 873 priore
1054 845 1119 864 cum

380 892 525 913 consensu
556 882 762 921 deputatorum
795 887 845 912 aut
879 883 999 912 maioris
1032 883 1121 922 partis

380 931 514 968 illorum,
538 931 583 960 vel
607 940 621 959 a
645 931 747 960 maiori
771 936 853 970 paite
875 931 1014 970 capituli,
1038 935 1070 960 ut
1092 931 1120 960 in

380 980 434 1009 hac
456 979 665 1009 constitutione
683 979 859 1018 disponitur.

200 1034 290 1055 'sabella
305 1035 370 1055 bow·-
421 1037 470 1058 vu.
495 1028 527 1057 In
543 1027 673 1066 quolibet
688 1032 853 1056 nostrorum
874 1028 1121 1056 monasteriorum

187 1062 292 1108 iiiiiiffuffi
319 1067 456 1108 ‘illiladsit
477 1076 507 1105 in
529 1076 593 1105 loco
617 1075 733 1115 publico
757 1075 874 1112 tabella,
905 1076 935 1104 in
963 1084 1019 1113 qua
1049 1076 1123 1105 refe-

186 1114 280 1162 ἓὲἲξζω
290 1119 369 1140 appffl‘
381 1128 484 1154 rantur
499 1124 699 1154 benefactores
715 1124 897 1161 monasterii,
914 1123 1122 1161 obligationes-

382 1183 438 1212 que
455 1173 545 1202 Deum
569 1182 621 1212 pro
644 1172 703 1201 illis
724 1172 826 1201 orandi
841 1182 848 1209 3
866 1181 979 1201 necnon
1002 1172 1057 1201 alia
1082 1176 1122 1201 ta-

381 1221 467 1258 bella,
491 1222 521 1251 in
543 1231 600 1260 qua
622 1221 822 1250 benefactores
845 1220 934 1250 totius
956 1221 1049 1249 nostri
1073 1220 1124 1250 Or-

381 1270 457 1300 dinis
479 1270 510 1300 in
532 1269 679 1300 communi
703 1269 814 1308 pariter
836 1269 1052 1299 describantur.

578 1345 772 1375 Coxsrirt'rm
795 1344 930 1374 XXXVII.

217 1429 277 1453 Quod
289 1430 309 1450 in
321 1433 373 1455 quo-
422 1417 496 1446 Arca
514 1418 717 1446 communitatis
729 1416 776 1445 sub
789 1417 894 1455 duplici
907 1416 982 1445 clm-e
996 1417 1024 1445 in
1040 1416 1126 1455 quoli-

192 1462 283 1482 cumque
298 1462 322 1475 ex
337 1461 372 1475 nn-

191 1483 239 1503 ΜΞ
270 1484 372 1502 monasio·
385 1467 425 1495 bet
446 1467 533 1495 nostri
556 1465 671 1495 Ordinis
691 1466 853 1494 monasterio
876 1469 1011 1501 teneatur,
1029 1466 1057 1494 in
1073 1475 1126 1503 qua

192 1509 491 1555 ‘igssnssfflssnsssffmonela
512 1515 634 1543 cuiusuis
656 1515 802 1548 mczterine,
826 1515 883 1542 sive
906 1513 962 1542 alia
984 1523 1128 1551 quaecum-

191 1561 445 1608 }2113135‘1}¹“‹}2¹⁵g1¹ffique,
469 1564 499 1592 in
521 1573 599 1600 auro,
616 1567 737 1600 argento,
755 1572 802 1591 seza
818 1563 895 1591 rebus
915 1563 1044 1600 pretiosis
1065 1572 1128 1592 cou-

260 1604 264 1613 ‚

191 1616 263 1651 cimus
286 1612 529 1649 calseursz'stevitia,
553 1616 731 1650 reponantur.
755 1610 879 1646 Quarum
901 1611 1021 1640 clusium
1046 1621 1128 1640 unam

192 1641 376 1697 idrssiiaeiliiiiifziz
383 1661 462 1699 prior
484 1670 531 1690 seu
553 1660 700 1689 monachus
722 1660 866 1699 deputatus
887 1660 919 1688 ab
941 1670 970 1688 eo
983 1684 989 1696 ,
1012 1660 1128 1689 alteram.

191 1695 273 1714 ⁵⁸³⁸&
385 1712 474 1738 teneat
504 1708 578 1738 alius
606 1709 752 1738 monachus
780 1709 814 1737 ad
844 1709 870 1738 id
897 1719 947 1747 pcr-
975 1709 1127 1747 capitulum

385 1758 550 1795 assignatus,
574 1757 678 1787 Poterit
700 1762 806 1793 lamen,
829 1758 852 1786 si
869 1757 950 1790 velit,
976 1758 1128 1796 capllnlum

385 1807 452 1835 duas
473 1807 561 1836 claves
593 1807 689 1835 habere
706 1831 712 1841 ,
736 1811 762 1835 et
780 1817 832 1846 pro
853 1807 892 1835 eis
918 1808 1042 1836 tenentis
1064 1808 1129 1836 duos

385 1855 417 1884 de
439 1855 579 1885 monachis
600 1855 750 1893 assiynare.

632 1938 892 1960 EXTRAVAGANTES.

221 2008 322 2034 Deposita
337 2014 377 2028 non

195 2035 319 2060 recipienda
331 2041 377 2055 cum

196 2062 334 2087 obligatione.

428 2010 447 2030 1.
473 2001 503 2030 lu
527 2005 627 2030 nostro
650 2000 758 2030 Ordine
786 2011 843 2030 non
873 2001 1053 2040 recipiantur
1082 2002 1130 2031 de-

390 2049 494 2088 posita,
517 2049 574 2078 nisi
602 2049 786 2088 simpliciter,
809 2049 919 2088 absque
941 2050 1039 2088 aliqua
1065 2060 1131 2079 cau-

390 2098 468 2127 tione
491 2107 586 2136 neque
608 2097 798 2135 obligatione.
823 2098 987 2137 Stricteque
1003 2100 1131 2128 defendi-

390 2155 455 2176 mus
477 2151 506 2176 et
528 2146 727 2186 prohibemus,
751 2147 827 2185 quod
856 2147 954 2176 nullus
977 2148 1056 2186 prior
1078 2158 1130 2177 nec

391 2195 530 2232 vicarius,
554 2204 649 2234 neque
678 2195 784 2233 aliquis
815 2195 890 2224 alius
913 2195 941 2224 in
961 2205 1060 2224 eorum
1084 2196 1131 2225 ab·

390 2243 495 2281 sentiit,
514 2243 619 2273 audeat
634 2252 785 2272 assumere
801 2243 911 2282 aliquid
929 2254 962 2272 ex
980 2245 1028 2273 tali
1045 2245 1132 2284 ‹lepo-

391 2292 463 2328 sito,
483 2292 546 2322 sine
562 2291 770 2330 deponentium
793 2292 911 2321 licentia
928 2297 955 2321 et
970 2302 1130 2330 conse115u3

392 2342 442 2381 qui
466 2350 533 2370 vero
556 2341 736 2371 contrarium
760 2340 873 2378 fecerit,
893 2350 907 2369 a
932 2342 1040 2370 nostris
1064 2343 1132 2371 visi-

392 2388 536 2418 tatoribus
557 2388 745 2427 generalibus
767 2389 939 2426 gravissime
961 2389 1110 2428 puniatur.

229 2447 381 2476 nonachorum
430 2446 460 2467 11.
498 2437 528 2467 si
568 2438 596 2467 in
638 2437 734 2476 aliquo
767 2437 951 2466 necessitatis
983 2448 1052 2468 casu
1083 2443 1132 2469 aut

198 2478 381 2520 ἓὲζῗὲᾇῗέἒᾛῗ
392 2490 508 2523 eventu,
529 2487 574 2516 vel
596 2486 630 2515 ad
655 2486 782 2525 aliquam
806 2486 882 2524 piam
900 2495 1030 2525 causam,
1048 2488 1132 2517 cuili-

198 2525 275 2547 vanua.
391 2534 440 2564 bet
471 2534 612 2564 monacho
634 2534 700 2564 data
724 2535 812 2565 fuerit
840 2537 963 2575 pecunia
978 2559 985 2573 ‚
1015 2545 1078 2565 eam
1101 2536 1131 2566 in

961 158 1060 181 BULLA
1067 159 1096 181 m
1103 157 1144 181 ΠΜ
1171 158 1327 182 ROMANUM

1913 163 1961 186 Au.
1977 160 2007 185 C.
2029 160 2098 188 1730

1161 207 1228 236 arca
1250 210 1411 236 conventus
1435 207 1571 246 deponat,
1586 207 1750 246 exindeque
1772 215 1830 237 non
1853 216 1902 237 ex-

1161 255 1294 285 trahatur
1316 255 1379 285 sine
1401 255 1507 294 prioris
1529 255 1659 285 licentia.
1682 254 1718 285 Et
1743 255 1902 294 reprehen-

1161 302 1258 333 dimus
1295 304 1453 334 monachos
1495 304 1663 343 importune
1703 304 1902 343 inquietantes

1164 351 1274 389 priores
1307 361 1374 381 suos
1406 361 1458 391 pro
1481 351 1674 391 eleemosynis
1703 357 1754 382 aut
1780 353 1901 392 missis,

1162 399 1348 438 licentiisque
1370 399 1573 439 frequentibus
1589 400 1624 429 ad
1640 409 1691 430 sua
1710 400 1772 430 loca
1795 406 1823 431 et
1846 405 1903 432 ter-

1162 456 1209 476 ras
1231 447 1331 484 eundi,
1355 457 1509 478 causarum
1526 449 1640 487 piarum
1657 449 1788 487 quaesito
1807 450 1904 480 colore

1164 495 1207 524 vel
1231 501 1398 534 praetextu.
1422 496 1545 535 Insuper
1567 497 1714 534 monachi,
1737 498 1787 536 qni
1811 503 1905 529 trans-

1163 544 1321 574 mittuntur
1354 545 1388 574 de
1421 554 1480 574 uno
1512 545 1546 574 ad
1580 545 1658 574 aliud
1681 547 1902 583 monasterium,

1165 592 1301 630 pecunias
1324 601 1359 621 ex
1380 593 1485 622 itinere
1507 593 1681 631 superstites
1704 593 1851 633 deponant
1872 595 1902 624 in

1163 642 1232 670 arca
1255 641 1425 670 monasterii
1447 642 1482 670 ad
1505 642 1581 680 quod
1604 642 1767 679 accedunt,
1790 647 1822 673 ut
1844 652 1904 673 mo-

1164 689 1303 725 nasterio,
1323 689 1358 718 ad
1380 689 1456 728 quod
1481 689 1638 728 pertinent,
1662 691 1881 728 consignentur.

1202 747 1243 767 iu.
1268 737 1370 767 Nullus
1394 738 1554 767 monachus
1576 743 1712 777 procuret
1733 739 1904 778 praestimo-
1961 754 2098 774 pronam„

1164 785 1223 823 nia,
1248 790 1297 815 aut
1318 786 1404 815 aliam
1437 786 1633 824 provisionem
1663 781 2098 832 ecclesiasticam,essfflffi‘ssssffissz
2147 825 2150 830 ‚

1164 844 1259 873 neque
1283 835 1417 873 acquirat
1438 835 1569 865 redditus
1585 836 1697 874 regios,
1715 836 1801 874 vulgo
1817 837 1904 874 iuras,
1916 833 2102 880 ξζὲῗᾶὲξιζωζοξ
2147 875 2149 877 ¹

1164 884 1274 922 absque
1292 884 1380 922 patris
1396 884 1541 922 generalis
1564 885 1682 914 licentia
1697 895 1704 922 3
1724 885 1804 924 quia,
1822 885 1846 915 si
1861 895 1905 916 se·
1916 885 2065 912 accipiendae.

1165 942 1215 961 cus
1239 932 1299 969 fiat,
1324 932 1492 961 scandalum
1528 933 1686 962 maximum
1716 933 1820 971 oritur,
1844 943 1905 964 ma-

1165 981 1284 1019 lumque
1306 980 1473 1019 exemplum
1496 981 1696 1011 saecularibus
1717 982 1853 1012 donatur.

1205 1037 1243 1057 iv.
1268 1029 1353 1057 Prior
1375 1033 1418 1058 est
1440 1029 1628 1059 confirmator
1643 1030 1796 1060 electionis
1818 1031 1906 1070 depo·
1954 1042 2102 1068 Depositanus

1165 1076 1270 1112 sit-arii,
1290 1086 1341 1106 seu
1361 1077 1457 1106 claves
1479 1086 1565 1106 arcae
1588 1078 1735 1116 tenentis3
1751 1088 1842 1118 quare
1864 1088 1909 1109 se·
1919 1074 2062 1117 ¹,ffi2231'f1'5‘ffl'
2078 1077 2100 1092 ‘²‘

1166 1126 1294 1155 cundum
1318 1135 1400 1155 suam
1417 1126 1626 1156 conscientiam
1646 1131 1740 1165 potest
1755 1132 1908 1166 acceptare

1167 1174 1210 1203 vel
1235 1183 1292 1203 nou
1323 1178 1476 1213 acceptare
1506 1174 1717 1213 depositarium
1746 1185 1798 1214 pro
1821 1176 1909 1205 clavi-

1166 1223 1220 1252 bus
1243 1231 1327 1252 arcae
1351 1222 1484 1252 tenendis
1508 1232 1523 1252 a
1546 1224 1673 1261 capitulo
1703 1223 1842 1254 electum.
1877 1225 1908 1255 Si

1169 1276 1264 1301 tamen
1288 1271 1333 1300 vel
1357 1271 1450 1300 maior
1472 1280 1541 1310 pars
1556 1272 1587 1301 in
1605 1272 1739 1310 eligendo
1760 1282 1818 1302 non
1841 1282 1909 1303 con-

1168 1320 1269 1349 cordet
1290 1324 1318 1349 et
1339 1319 1506 1357 conveniat,
1540 1321 1585 1350 vel
1619 1321 1702 1359 prior
1734 1321 1907 1352 electionem

1168 1369 1262 1398 dictae
1286 1368 1405 1397 maioris
1428 1369 1518 1407 partis
1550 1378 1609 1398 non
1641 1373 1784 1408 acceptet,
1807 1369 1908 1400 decem

1169 1416 1320 1446 scrutiniis
1342 1416 1431 1446 biduo
1454 1416 1550 1455 factis,
1568 1417 1737 1447 devolvatur
1753 1418 1859 1448 electio
1875 1419 1910 1449 ad

1170 1465 1309 1504 priorem,
1333 1464 1383 1504 qui
1406 1465 1436 1494 iu
1460 1465 1510 1494 tali
1533 1474 1602 1494 casu
1625 1465 1714 1503 eligat
1744 1465 1775 1496 in
1797 1466 1912 1506 deposi-

1171 1515 1289 1553 tarium,
1307 1514 1434 1544 exclusis
1456 1514 1565 1544 vicario
1587 1519 1615 1545 et
1636 1515 1795 1554 deputatis,
1811 1524 1912 1546 mona-

1171 1564 1258 1592 chum
1280 1563 1330 1602 qui
1351 1563 1407 1602 ipsi
1429 1563 1607 1593 conveniens
1630 1563 1710 1593 visus
1731 1563 1820 1593 suerit
1835 1574 1843 1601 3
1861 1565 1908 1604 qui

1172 1616 1279 1645 tamen,
1297 1616 1383 1650 prout
1397 1611 1505 1650 reliqui
1521 1611 1661 1642 officiales
1683 1611 1828 1642 bonorum
1851 1622 1912 1643 mo-

1171 1661 1315 1699 nasterii,
1349 1670 1464 1700 semper
1496 1661 1532 1690 ad
1564 1661 1626 1691 eius
1658 1665 1763 1692 nutum
1795 1668 1911 1692 maneat

1172 1709 1347 1739 amovibilis.

1212 1767 1240 1788 v.
1264 1758 1397 1788 lllonaclii
1413 1757 1522 1797 quibus
1537 1758 1681 1789 incumbit
1696 1759 1912 1790 administratio
1949 1772 2055 1800 Ampiae
2078 1769 2106 1799 ap

1173 1807 1340 1847 temporalis
1362 1807 1506 1837 bonorum
1529 1808 1786 1846 monasteriorum,
1803 1813 1832 1839 et
1854 1797 2108 1852 θΧί-ξᾷξωῦᾗῗζῧζῗξζ

1173 1857 1271 1894 gentia
1285 1857 1450 1886 reddituum
1465 1856 1498 1885 ad
1509 1857 1557 1886 illa
1571 1857 1915 1896 pertinentium‚tencan-
1923 1849 2109 1902 ξξζᾞζῖξζζζξᾱζζ

1174 1909 1220 1934 tur
1252 1905 1328 1934 intra
1360 1904 1594 1943 vigintiquatuor
1623 1906 1719 1941 horas,
1747 1905 1782 1935 ab
1811 1915 1913 1935 eorum

1173 1962 1292 1983 accessu
1312 1953 1347 1982 ad
1364 1953 1539 1982 monasteria
1555 1953 1778 1992 computandas,
1795 1963 1911 1984 omnem

1174 2002 1339 2041 pecuniam,
1358 2012 1443 2041 quam
1461 2011 1559 2031 secum
1584 2002 1769 2040 adduxerint,
1792 2003 1821 2032 iu
1844 2005 1914 2033 arca.

1173 2051 1393 2080 communitatis
1426 2060 1571 2089 reponere
1603 2055 1632 2080 et
1664 2051 1862 2089 eonsignare3
1885 2056 1914 2081 et

1174 2100 1294 2138 insuper
1310 2099 1500 2138 prohibemus
1516 2099 1675 2138 prioribus,
1687 2100 1816 2136 vicariis,
1830 2109 1914 2139 prae-

1174 2147 1337 2177 sidentibus
1353 2152 1381 2177 et
1395 2147 1592 2186 deposimus,
1610 2147 1664 2177 sub
1680 2149 1776 2187 poena
1791 2157 1914 2188 suspen-

1174 2197 1264 2226 sionis
1287 2195 1322 2225 ab
1345 2196 1440 2225 officio
1475 2205 1526 2235 per
1555 2205 1605 2226 sex
1638 2205 1765 2233 menses,
1789 2197 1913 2236 aliisque

1175 2249 1340 2274 nostrorum
1374 2244 1557 2274 visitatorum
1588 2244 1710 2275 arbitrio
1732 2245 1912 2283 infligendis,

1175 2293 1330 2332 pecuniam
1353 2293 1456 2331 quovis
1478 2293 1565 2322 titulo
1588 2293 1623 2322 ad
1650 2294 1827 2323 monasteria
1851 2304 1915 2333 per-

1176 2342 1316 2372 tinentem
1340 2345 1422 2371 extra
1444 2341 1552 2370 dictam
1576 2350 1673 2371 arcam
1696 2343 1916 2373 communitatis

1175 2390 1294 2429 habere,
1319 2400 1370 2420 seu
1392 2390 1422 2419 in
1445 2390 1527 2419 cellis
1543 2390 1588 2420 vel
1604 2390 1729 2420 officinis
1744 2390 1798 2420 sub
1814 2400 1914 2421 eorum

1175 2443 1328 2478 potestate,
1352 2438 1454 2477 quovis
1477 2438 1608 2477 quaesito
1630 2438 1744 2478 colore,
1768 2439 1915 2469 ullatenus

1175 2489 1313 2517 retinere.
1337 2488 1366 2518 Si
1388 2497 1444 2527 qua
1473 2497 1541 2518 vero
1569 2488 1693 2527 pecunia
1720 2493 1839 2528 propter
1866 2497 1915 2518 ne-

1174 2536 1325 2566 cessitates
1347 2536 1517 2566 monasterii
1545 2536 1574 2566 in
1599 2540 1733 2567 mutuum
1761 2536 1806 2566 vel
1836 2545 1915 2566 com-
