2182 3137
35 216 83 244 An.
105 216 136 243 C.
157 215 219 242 1731

62 1657 184 1679 emunitas.

64 2455 222 2475 Contrariorum

38 2481 156 2507 derogatio.

849 213 992 237 CLEMENS
1018 213 1062 236 ΧΠ
1086 213 1124 236 PP
1131 230 1137 236 .

229 264 339 303 fertur,
367 264 620 307 expeditumque
646 262 786 305 desuper
811 261 899 294 illius
918 261 973 293 de-

229 322 352 349 cretum
379 316 640 360 praeinsertum,
669 326 740 348 cum
765 314 916 347 omnibus
943 319 974 346 et

229 371 366 412 singulis
406 369 436 402 in
479 369 525 402 eis
562 368 739 406 contentis,
779 367 972 400 auctoritate

229 422 427 466 apostolica,
457 428 570 454 tenore
597 421 828 464 praesentium,
855 419 972 452 contir-

229 486 350 508 mamus
367 480 398 508 et
416 475 653 517 approbamus,
681 474 811 516 illisque
837 473 973 506 inviola-

229 528 303 561 bilis
329 528 530 571 apostolicae
557 527 717 560 firmitatis
744 528 844 559 robur
861 525 974 558 adiici-

229 592 317 620 mus,
347 592 382 614 ac
416 591 531 613 omues
569 586 600 613 et
635 579 781 622 singulos
823 579 903 611 iuris
942 583 973 610 et

230 634 301 667 sacti
328 634 486 673 desectus,
504 633 527 665 si
551 634 603 676 qui
627 633 767 675 desuper
792 631 973 675 quomodo-

230 688 311 721 libet
335 687 583 726 intervenerint,
610 687 818 729 supplemns:
844 690 974 728 practe-

230 752 286 774 rea
311 741 415 785 primo
441 740 587 784 proximo
606 739 793 772 definitorio
812 737 970 779 generali,

230 795 261 827 in
289 799 450 827 conventu
470 793 538 826 lesu
557 791 673 825 Mariae
695 792 734 824 de
757 792 868 824 cadem
888 790 973 823 Urbe

232 847 399 886 babendo7
426 856 485 889 pro
513 846 572 878 bac
598 845 704 888 prima
735 844 803 877 vice
829 844 971 887 priorem

230 900 465 943 provincialem
507 909 609 931 novae
635 897 823 941 provinciae
860 897 974 930 Ferra-

231 953 297 986 riae
323 959 354 985 et
380 952 486 985 Piceni
516 951 700 984 huiusmodi
727 950 891 993 eligendi,
918 961 973 983 seu

230 1012 436 1050 piaesentem
455 1005 691 1049 provincialem
711 1004 897 1048 provinciae
915 1003 975 1036 Ro-

230 1070 355 1099 manae,
380 1059 519 1102 eiusque
544 1058 756 1091 secretarium
793 1057 975 1100 provincia-

230 1113 303 1152 lem,
323 1112 457 1145 natione
483 1111 721 1151 Ferrarienses,
748 1110 975 1149 transferendi,

232 1175 361 1199 necnon
395 1170 537 1208 quatuor
572 1163 762 1197 definitores
796 1163 976 1206 provincia-

230 1220 277 1252 les
299 1224 330 1252 et
350 1219 521 1261 septimum
541 1218 688 1250 vocalem
708 1216 882 1250 delinitorii
902 1226 976 1259 pro-

231 1272 379 1305 vincialis
407 1272 528 1316 pariter
564 1271 718 1314 eligendi,
744 1271 887 1313 aliasque
914 1270 976 1303 dis-

231 1325 412 1368 positiones
437 1330 469 1358 et
501 1324 724 1358 ordinationes
749 1323 845 1356 utiles
870 1329 901 1356 et
922 1333 976 1355 ne-

231 1378 390 1413 cessarias
426 1389 485 1422 pro
510 1377 706 1411 stabilienda
732 1377 837 1410 dictae
876 1386 976 1409 novae

230 1432 416 1476 provinciae
454 1432 565 1475 quiete
599 1431 761 1472 faciendi,
786 1431 918 1474 plenam
945 1434 977 1462 et

231 1486 372 1528 amplam
406 1485 593 1517 facultatem
631 1483 822 1517 auctoritate
855 1489 887 1515 et
922 1487 975 1515 te-

231 1550 309 1572 nore
334 1539 510 1583 praedictis
548 1538 757 1572 concedimus
796 1542 826 1570 et
852 1537 974 1580 impar-

231 1592 340 1626 timur.

273 1646 288 1689 ἓ
312 1645 342 1680 3.
371 1645 608 1686 DecernenteS,
632 1645 763 1679 easdem
786 1648 975 1688 praesentes

229 1699 354 1733 litteras
369 1710 499 1743 semper
513 1699 632 1738 sirmas,
646 1699 767 1731 validas
783 1704 814 1731 et
828 1697 974 1730 efficaces

230 1753 371 1786 existere
397 1758 428 1786 et
452 1752 543 1791 sore,
577 1762 720 1794 suosque
745 1749 910 1794 plenarios
945 1754 975 1782 et

230 1806 375 1850 integros
400 1805 532 1839 effectus
557 1805 666 1838 sortiri
696 1810 729 1837 et
752 1804 913 1843 obtinere,
939 1813 975 1835 ac

230 1859 318 1899 illis,
347 1860 384 1892 ad
411 1869 493 1903 quos
525 1863 651 1902 spectat
675 1863 707 1891 et
731 1868 790 1901 pro
828 1862 975 1899 tempore

231 1913 507 1956 quandocumque
533 1911 702 1955 spectabit,
720 1911 753 1943 in
774 1910 922 1943 omnibns
945 1915 977 1942 et

232 1976 292 2010 per
317 1965 426 1998 omniu
453 1965 642 2007 plenissime
667 1962 851 2006 sull'ragari,
879 1967 911 1995 et
936 1963 975 1994 ab

232 2020 278 2052 eis
305 2019 488 2062 respective
515 2018 748 2051 inviolabiliter
781 2016 974 2056 observari·,

232 2072 385 2116 sicquein
408 2071 596 2115 praemissis
614 2082 671 2114 per
690 2080 910 2114 quoscumque
930 2070 977 2101 iu-

232 2126 320 2159 dices
362 2125 548 2159 ordinarios
585 2130 616 2158 et
657 2126 845 2167 delegatos,
878 2123 974 2156 etiam

232 2190 402 2212 causarum
439 2179 551 2222 palatii
588 2178 759 2221 apostolici
790 2177 976 2215 auditores,

232 2232 367 2265 iudicari
389 2238 420 2265 et
441 2231 567 2265 definiri
587 2232 724 2272 debere,
744 2241 779 2263 ac
801 2231 926 2263 irritum
947 2235 977 2262 et

232 2286 328 2319 inane
361 2285 386 2318 si
420 2296 513 2319 secus
538 2296 636 2328 super
668 2285 719 2317 liis
745 2296 762 2317 a
788 2295 975 2328 quoquam,

233 2339 344 2383 quavis
368 2340 567 2379 auctoritate,
586 2339 728 2371 scienter
745 2339 795 2371 vel
822 2338 976 2380 ignoran-

235 2398 295 2433 ter,
321 2392 495 2435 contigerit
520 2392 683 2424 attentari.

277 2447 292 2490 ἓ
316 2446 348 2479 4.
375 2445 445 2479 Νοη
477 2446 681 2479 obstantibus
716 2445 914 2489 praemissis,
941 2455 977 2477 ac

234 2499 522 2534 constitutionibus
549 2504 580 2532 et
612 2499 875 2532 ordinationibus
901 2509 979 2541 apo-

235 2553 358 2587 stolicis
380 2580 387 2594 ,
421 2563 570 2593 necnon,
598 2558 757 2595 quatenus
798 2562 880 2595 opus
917 2551 976 2592 sit,

235 2607 422 2652 provinciae
438 2606 598 2639 Romanae
614 2616 649 2638 ac
663 2605 934 2648 Congrcgationis
949 2610 979 2637 et

1015 260 1144 293 Ordinis
1171 261 1424 304 praedictorum,
1443 262 1540 294 etiam
1562 261 1758 300 iuramento,

1016 313 1266 347 confirmatione
1285 315 1473 357 apostolica,
1495 319 1549 346 aut
1571 313 1683 357 quavis
1708 313 1761 345 sir-

1017 365 1127 397 mitate
1146 367 1207 398 alia
1229 367 1408 405 roboratis,
1435 367 1560 399 statutis
1578 373 1606 399 et
1626 376 1761 399 consue-

1017 418 1195 458 tudinibus,
1216 419 1396 460 privilegiis
1418 430 1560 462 quoque,
1580 419 1713 452 indultis
1729 424 1762 451 et

1017 471 1132 503 litteris
1151 471 1343 513 apostolicis
1357 472 1387 503 in
1400 473 1596 504 contrarium
1609 472 1762 515 praemis-

1016 533 1127 555 sorum
1154 523 1401 566 quomodolibet
1431 525 1612 564 concessis,
1645 524 1762 558 confir-

1017 577 1110 609 matis
1136 583 1167 609 et
1193 577 1367 618 inn0i·atis;
1401 578 1518 620 quibus
1552 579 1703 611 omnibus
1730 584 1762 611 et

1016 630 1172 673 singulis,
1200 630 1331 663 illorum
1369 636 1499 663 tenores
1532 632 1761 673 praesentibus

1017 694 1075 727 pro
1108 684 1205 727 plene
1239 690 1270 716 et
1302 683 1503 716 sufficienter
1539 685 1701 727 expressis
1727 695 1762 717 ac

1016 737 1055 768 ad
1081 737 1216 769 verbum
1244 737 1375 770 insertis
1402 737 1574 777 babentes,
1600 738 1663 770 illis
1684 735 1761 771 alias

1018 789 1048 822 in
1076 800 1136 823 suo
1173 790 1292 822 robore
1329 790 1576 833 permansuris,
1607 790 1646 822 ad
1672 801 1764 833 prae·

1018 843 1191 876 missorum
1210 843 1358 876 effectum
1374 870 1382 882 ‚
1408 843 1467 876 bac
1485 843 1553 876 vice
1580 844 1760 883 dumtaxat,

1017 896 1203 939 specialiter
1228 902 1259 929 et
1284 907 1437 939 expresse
1473 897 1688 939 desogamus·,
1715 907 1765 930 ce-

1018 949 1159 993 terisque
1186 950 1358 982 contrariis
1384 950 1657 994 quibuscumque.

1061 1001 1174 1034 Datum
1200 1002 1332 1042 Romae,
1352 1003 1435 1045 apud
1457 1003 1489 1035 S.
1510 1003 1638 1035 Mariam
1666 1003 1762 1036 Maio-

1019 1066 1096 1094 rem,
1123 1055 1183 1088 sub
1201 1057 1322 1089 annulo
1339 1056 1524 1096 piscatoris,
1543 1057 1593 1089 die
1616 1067 1667 1090 xxu
1687 1056 1763 1089 maii

1018 1119 1194 1149 iltDCOExxt,
1221 1110 1428 1153 pontificatus
1453 1110 1554 1142 nostri
1581 1121 1668 1143 anno
1694 1121 1716 1144 ι.

1054 1170 1113 1197 Dat.
1137 1170 1181 1198 die
1202 1171 1232 1198 52¹
1257 1171 1321 1198 maii
1343 1172 1426 1205 1731,
1448 1171 1543 1207 pontif.
1565 1179 1636 1198 anno
1656 1177 1675 1197 1.

1312 1225 1346 1258 F.
1374 1226 1463 1258 card.
1490 1224 1673 1258 Omizmvs.

1318 1376 1466 1410 xxxvll.

1021 1448 1244 1490 Confirmalur
1271 1448 1432 1492 quaedam
1464 1447 1652 1481 cons-litatio
1680 1447 1764 1480 circa

1061 1502 1232 1545 publicum
1264 1502 1436 1534 archivum
1467 1501 1639 1544 reqiminis
1665 1501 1766 1533 Bono-

1063 1555 1196 1594 niensi&
1223 1566 1293 1586 cum
1313 1555 1535 1587 declaralione
1560 1553 1646 1597 quod
1671 1553 1766 1586 eccle-

1062 1608 1190 1641 siastici
1230 1608 1412 1640 saeculares
1453 1611 1481 1640 et
1524 1607 1692 1650 reyvlares
1731 1616 1767 1638 ac

1063 1661 1192 1704 si'tzqitli
1219 1661 1316 1694 lotz'us
1354 1660 1526 1704 Ieyaliom's
1560 1660 1686 1692 notarii
1709 1659 1766 1692 sub

1064 1715 1173 1747 eadem
1199 1714 1528 1758 comprehendantur.

1236 1795 1370 1822 Clemens
1392 1795 1473 1828 Papa
1490 1794 1556 1828 XII,

1164 1841 1200 1868 ad
1220 1841 1356 1868 futuram
1376 1840 1420 1867 rei
1436 1840 1623 1866 memoriam.

1065 1910 1122 1953 gl.
1136 1911 1221 1943 Alias
1236 1921 1294 1953 pro
1309 1915 1398 1953 parte
1415 1910 1608 1942 dilectorum
1624 1908 1763 1942 filiorum

1021 1963 1164 1996 virorum
1192 1964 1444 1996 reformatorum
1478 1967 1579 1995 status
1606 1944 1962 2017 libertatisetigr-‘J'iss'effli-ffii}

1021 2016 1159 2049 civitatis
1185 2021 1316 2048 nostrae
1343 2015 1560 2048 Bononiensis
1586 2015 1690 2048 felicis
1716 2004 1851 2047 re-imdua
1871 2023 1938 2043 ediu-

1024 2069 1222 2103 cordationis
1241 2069 1416 2102 Benedicto
1436 2069 1499 2101 Xlll
1520 2068 1766 2111 praedecessori

1021 2128 1135 2155 nostro
1161 2121 1309 2165 exposito
1334 2122 1421 2165 qnod
1448 2122 1532 2164 (cum
1565 2121 1686 2154 dudum
1713 2122 1768 2155 bo-

1022 2187 1080 2209 nae
1107 2175 1283 2209 memoriae
1313 2175 1559 2215 FerdinanduS,
1584 2175 1658 2207 dum
1684 2175 1768 2207 vive-

1022 2235 1080 2269 ret,
1105 2230 1135 2263 S.
1159 2230 1193 2262 R.
1219 2229 1252 2262 E.
1281 2229 1455 2261 cardinalis
1492 2229 1530 2261 de
1570 2228 1698 2265 Abdua,
1731 2228 1763 2260 in

1021 2284 1148 2316 civitate
1176 2288 1207 2316 et
1232 2283 1383 2315 comitatu
1403 2282 1524 2314 nostris
1552 2280 1768 2313 Bononiensi-

1022 2338 1082 2369 bus
1110 2337 1201 2370 Sedis
1228 2330 1434 2379 Apostolicae
1454 2341 1527 2366 tunc
1549 2334 1706 2376 temporis
1728 2333 1766 2365 de

1023 2392 1126 2424 latere
1154 2390 1289 2432 legatus,
1311 2389 1350 2421 ad
1378 2387 1546 2420 tollendos
1569 2386 1766 2429 multiplices

1022 2444 1140 2476 abusus
1173 2442 1227 2486 qui
1263 2442 1294 2474 in
1321 2441 1489 2484 publicum
1516 2440 1664 2472 eiusdem
1690 2439 1767 2472 civi-

1024 2497 1096 2530 tatis
1121 2496 1287 2529 archivum
1314 2495 1530 2537 irrepserunt,
1567 2504 1680 2526 novam
1707 2503 1766 2536 pro

1024 2551 1106 2584 bona
1132 2549 1232 2593 ipsius
1259 2547 1381 2581 arcliivi
1400 2547 1581 2580 directione
1608 2547 1767 2579 edidisset

1024 2602 1302 2642 constitutionem,
1329 2600 1374 2633 illi
1401 2599 1510 2634 bacin
1530 2610 1562 2634 re
1589 2599 1767 2634 assentien-

1659 201 1720 235 261
1770 210 1820 236 An.
1842 209 1870 236 c.
1890 209 1956 237 1731

1832 1916 1959 1937 Consiliuilo
