2182 3137
60 257 112 284 An.
129 255 158 283 C.
177 254 245 282 ¹732

90 1957 208 1984 Exposuio.

872 252 1012 279 cLEMENS
1037 252 1078 275 XII
1104 252 1151 275 Pr.

256 303 377 335 stolicis
391 302 423 334 in
438 301 640 334 contrarium
655 300 907 343 praemissorum
923 309 996 341 quo-

257 355 439 388 modolibet
462 354 635 392 concessis,
666 352 866 386 confirmatis
893 357 925 384 et
949 352 997 383 in-

256 409 403 448 novatis;
442 408 560 451 quibus
585 407 734 439 omnibus
768 412 800 438 et
831 405 994 447 singulis,

255 463 388 495 illorum
416 468 546 494 tenores
572 460 799 503 praesentibus
817 470 876 502 pro
898 459 996 502 plene

257 522 290 549 et
326 515 524 548 sufficienter
559 513 723 557 expressis
760 524 797 545 ac
838 513 877 544 ad
918 522 994 544 ver-

257 568 333 600 bum
363 566 493 599 insertis
531 566 715 605 habentes,
750 565 814 598 illis
850 565 928 598 alias
965 564 996 596 in

255 631 313 653 suo
349 619 469 652 robore
495 619 717 662 permansuris
735 646 742 658 ,
776 618 815 651 ad
844 617 999 660 praemis-

254 684 366 706 sorum
408 671 576 710 effectum,
613 672 673 704 hac
711 672 777 704 vice
819 671 994 709 dumtaxat,

255 725 442 769 specialiter
467 730 499 757 et
523 735 675 768 expresse
702 724 920 765 derogamus;
947 734 998 756 ce-

256 778 402 822 terisque
427 778 600 811 contrariis
626 777 900 821 quibuscumque.

298 829 413 862 Datum
440 829 581 868 Romae,
608 828 693 870 apud
719 828 751 860 S.
779 828 908 860 Mariam
935 827 995 860 Ma·

257 883 375 922 iorem,
395 883 454 915 sub
471 882 593 914 annulo
609 881 796 920 Piscatoris,
813 881 865 913 die
883 891 901 914 x
918 880 997 913 iunii

254 945 440 974 unccxxxu‚
460 935 669 979 pontificatus
687 935 792 968 nostri
811 945 897 967 anno
916 944 951 968 u.

289 997 350 1024 Dat.
368 996 411 1024 die
433 997 466 1024 10
486 997 552 1023 iunii
574 996 654 1030 1732,
676 997 773 1032 pontif.
795 1005 866 1024 anno
888 1004 916 1024 11.

463 1052 497 1084 F.
525 1051 698 1084 cardinalis
724 1050 907 1084 Oiavaiuus.

578 1204 680 1237 LXIV.

256 1275 477 1317 Confirmatio·
500 1275 663 1308 decretum
688 1275 869 1317 ‹lefinitorii
893 1280 921 1308 et
950 1286 1000 1308 vo-

299 1328 424 1361 calium
460 1329 599 1372 capituli
628 1330 844 1372 provincialis
867 1331 999 1372 provin-

301 1382 370 1414 ciae
405 1381 438 1415 S.
478 1382 606 1415 Mariae
640 1382 837 1425 Hunqariac
864 1382 1000 1416 Ordinis

299 1437 444 1479 fratrum
483 1436 650 1468 Minorum
687 1437 793 1468 sancti
828 1437 999 1469 Francisci

300 1489 338 1521 de
376 1488 588 1522 Observnntisi
618 1489 882 1531 Resormatorum
914 1500 999 1522 mm—

299 1547 504 1586 cupatorum,
532 1553 629 1585 saper
652 1543 870 1586 accepiatione
898 1543 999 1575 alter-

298 1596 432 1628 natione
456 1597 643 1639 tripartitae
672 1597 706 1628 in
732 1595 843 1628 mutem.
866 1598 1000 1639 provin-

299 1650 361 1690 cia,
388 1654 417 1682 et
442 1649 670 1682 distributione
695 1650 878 1692 officiorum
913 1651 1000 1684 inter

298 1703 417 1745 fratres
441 1704 586 1736 nationis
610 1703 842 1746 Hmzqaricae,
868 1703 1000 1737 Germa-

297 1757 401 1797 nicae,
430 1756 632 1790 slavonicae.

469 1838 603 1863 Clemens
624 1837 705 1870 Papa
724 1838 789 1869 XII,

391 1881 429 1908 ad
448 1882 590 1908 futuram
610 1882 656 1908 rei
678 1883 868 1909 memoriam.

302 1952 366 1995 §I
384 1952 506 1996 Exponi
532 1953 625 1985 nobis
647 1964 753 1997 nuper
771 1954 846 1986 [ecit
863 1954 1000 1987 dilectus
1021 1934 1023 1966 Ι

258 2005 345 2038 fitius
369 2005 501 2038 Fulvius
520 2016 537 2038 a
556 2006 701 2038 Bononia
731 2013 923 2048 procurator
948 2018 1000 2049 gc-

258 2058 378 2091 neralis
403 2058 532 2090 Ordinis
559 2058 693 2090 fratrum
718 2059 875 2091 Minoruin
898 2060 999 2092 sancti

258 2111 422 2144 Francisci
444 2111 483 2144 de
508 2111 719 2144 Observantia
740 2112 1000 2146 Itesorinatortun

257 2169 533 2207 nuncupatorum,
562 2164 658 2207 quod,
678 2175 750 2196 cum
771 2165 850 2197 alias
867 2176 1001 2198 venera-

256 2218 334 2251 bilis
375 2218 474 2250 frater
513 2217 692 2250 Matthaeus
732 2218 1001 2262 archiepiscopus

258 2271 520 2310 Panormssanus,
545 2271 599 2313 qui
626 2276 702 2303 tunc
729 2271 885 2313 temporis
912 2272 1002 2304 inini-

258 2324 316 2357 stri
343 2324 507 2367 generalis
533 2324 608 2357 dicti
627 2324 757 2357 Ordinis
776 2335 911 2358 munere
932 2326 1001 2358 sun-

259 2379 420 2421 gebatur,
459 2389 518 2421 per
553 2379 708 2421 quasdam
745 2389 819 2412 suas
853 2385 1002 2423 patentes

258 2433 386 2466 litteras
411 2432 462 2465 die
486 2443 517 2465 xi
542 2432 650 2465 martii
677 2442 851 2466 unccxxvu
877 2444 1002 2466 emana-

259 2492 317 2526 tas,
342 2486 375 2518 in
400 2486 566 2529 provincia
600 2486 784 2528 Ilungariae
810 2486 999 2519 eorumdem

260 2539 397 2571 fratrum
416 2539 676 2572 Reformatorum
696 2539 889 2582 tripartitam
907 2540 1001 2572 alter-

260 2593 400 2625 nativam
425 2592 458 2625 in
484 2592 634 2625 omnibus
660 2593 875 2626 electionibus
891 2620 898 2633 ,
931 2594 999 2626 offi-

259 2645 386 2679 ciorum
425 2645 735 2686 distributionibus,
770 2647 854 2679 inter
885 2647 1000 2680 fratres

1684 241 1750 274 405

1041 300 1175 332 totidem
1203 300 1381 339 nationum,
1407 299 1756 343 nempestlungaricae
1774 325 1781 337 ‚

1040 353 1253 386 Germanicae
1279 359 1310 386 et
1334 353 1524 386 SIavonicae
1542 380 1549 391 ‚
1588 352 1784 385 novitiorum

1040 406 1278 445 vestitionibus‚
1300 412 1521 439 conventuum
1539 406 1784 449 partitionibus,

1041 459 1178 502 aliisque
1204 459 1496 502 dispositionibus,
1524 470 1605 503 quae
1631 459 1785 492 distribu-

1043 512 1138 544 tivam
1176 513 1332 545 iustitiam
1369 514 1452 545 inter
1489 514 1639 545 nationes
1675 513 1786 545 liuius-

1042 565 1131 596 modi
1158 565 1312 598 inducere
1349 571 1381 597 et
1407 567 1515 599 fovere
1540 567 1687 604 valeant,
1714 576 1786 609 per-

1043 618 1149 660 petuis
1164 618 1279 650 suturis
1294 618 1494 661 temporibus
1509 620 1705 651 adamussim
1721 628 1786 651 ser—

1042 671 1179 703 vandam
1209 682 1280 703 esse
1309 672 1482 710 sanxisset,
1516 672 1615 714 idque
1645 672 1742 704 etiam
1768 683 1785 705 a

1044 725 1147 759 felicis
1176 724 1411 757 recordationis
1433 725 1611 757 Benedicto
1633 725 1691 757 FP.
1716 725 1784 758 XIII

1042 778 1298 822 praedecessore
1324 783 1436 810 nostro
1458 788 1516 820 per
1538 779 1694 820 quasdam
1713 789 1786 811 suas

1044 832 1168 865 litteras
1185 831 1236 864 die
1251 842 1279 865 lv
1294 831 1406 874 aprilis
1423 831 1497 863 anni
1521 831 1688 874 expeditas
1708 843 1788 864 con-

1044 884 1240 924 firmasset¹3
1273 896 1405 925 verum,
1436 885 1603 918 nonnullis
1635 885 1786 918 iratribus

1044 939 1359 977 contradicentibus,
1386 938 1526 982 aliisque
1552 939 1786 980 annuentibus,

1044 992 1172 1024 litterae
1198 992 1384 1034 praedictae
1410 991 1591 1024 executioni
1615 993 1788 1025 demanda-

1046 1044 1113 1078 tae²
1130 1045 1266 1077 tuerint:
1287 1045 1372 1083 ideo,
1390 1051 1424 1077 ut
1443 1045 1645 1079 dissensione
1665 1047 1790 1080 animo-

1046 1110 1115 1131 rum
1127 1098 1257 1141 penitus
1269 1100 1379 1131 evulsa
1394 1099 1432 1131 ad
1448 1101 1655 1132 concordiam
1672 1111 1788 1134 omnes

1045 1158 1153 1195 partes
1178 1153 1419 1185 reducerentur
1436 1179 1443 1189 ,
1474 1153 1513 1185 de
1539 1153 1672 1195 speciali
1699 1164 1789 1186 nian-

1045 1206 1121 1238 dato
1158 1206 1338 1249 superioris
1363 1206 1527 1248 generalis
1553 1207 1720 1247 eiusdem,
1756 1214 1790 1240 et

1045 1260 1082 1291 ad
1110 1260 1295 1292 instantiam
1322 1260 1472 1302 partium,
1499 1271 1609 1292 coram
1635 1262 1790 1294 commis-

1045 1314 1130 1346 sario
1149 1313 1315 1346 visitatore
1338 1314 1494 1356 generali,
1519 1319 1584 1346 tum
1603 1325 1716 1347 omnes
1736 1325 1788 1348 re-

1045 1367 1152 1409 ligiosi
1179 1367 1305 1399 emeriti
1333 1367 1534 1410 provinciae,
1560 1368 1614 1410 qui
1641 1378 1788 1411 pracser-

1047 1421 1101 1452 tim
1129 1422 1389 1463 praelaturarum
1422 1421 1562 1453 officiunt
1595 1427 1784 1463 gesserant,

1045 1481 1110 1507 tum
1137 1475 1278 1506 actuales
1303 1475 1453 1506 minister
1477 1474 1699 1517 provincialis,
1717 1485 1788 1508 nec-

1045 1537 1108 1559 non
1135 1533 1242 1559 custos
1267 1533 1364 1570 atque
1391 1527 1602 1567 definitores,
1629 1531 1691 1560 una
1716 1539 1787 1561 cum

1045 1580 1258 1613 exdetinitore
1273 1581 1418 1621 generali
1437 1581 1566 1613 insimul
1586 1583 1789 1624 congregati,

1045 1636 1170 1666 matura
1206 1634 1384 1676 praemissa
1420 1635 1673 1674 consultatione,
1700 1647 1790 1679 prae-

1045 1687 1140 1720 dictis
1165 1687 1344 1727 {Benedicti
1381 1688 1645 1730 praedecessoris
1671 1689 1789 1723 litteris

1045 1741 1234 1773 earumdem
1260 1741 1443 1773 litterarum
1468 1742 1648 1784 patentium
1675 1744 1790 1776 confir-

1046 1793 1190 1826 matoriis
1199 1793 1397 1826 unanimiter
1408 1794 1460 1827 die
1473 1805 1514 1827 vn
1525 1796 1631 1827 martii
1643 1805 1790 1829 unccxxx

1046 1857 1216 1879 assensum
1230 1848 1481 1890 praestiterunt,
1507 1855 1624 1891 sponte
1639 1860 1675 1882 ac
1686 1850 1790 1883 libere

1045 1900 1077 1932 id
1103 1901 1208 1944 ipsum
1234 1906 1470 1944 acceptarunt,
1508 1901 1621 1934 suturis
1655 1914 1790 1946 quoque

1047 1953 1250 1996 temporibus
1276 1954 1509 1986 inviolabiliter
1526 1955 1701 1988 observare
1718 1967 1790 1999 spo—

1045 2008 1252 2050 ponderunt,
1277 2013 1539 2051 perpetuumque
1557 2008 1720 2041 silentium
1738 2010 1790 2042 de·

1045 2061 1258 2102 mandarunt;
1285 2067 1317 2093 et
1333 2062 1423 2099 alias,
1445 2068 1544 2105 prout
1560 2062 1695 2095 uberius
1717 2074 1790 2096 con-

1046 2116 1170 2148 tinetur
1194 2115 1227 2147 in
1254 2115 1386 2147 decreto
1412 2116 1650 2158 acceptationis
1677 2117 1790 2149 huius-

1045 2168 1134 2201 modi
1161 2169 1304 2211 desuper
1329 2168 1412 2201 sacto
1446 2169 1568 2201 tenoris
1602 2169 1656 2212 qui
1685 2171 1788 2213 sequi-

1047 2229 1107 2262 tur,
1132 2222 1301 2255 videlicet:

1047 2299 1146 2328 Frater
1161 2298 1354 2336 Siyismumlns
1370 2298 1487 2337 Kcrpia,
1516 2298 1628 2328 Ordinis
1647 2299 1788 2329 Minorum

1086 2348 1234 2377 strictioris
1256 2347 1441 2377 observantiae
1467 2348 1555 2376 sancti
1582 2348 1672 2386 patris
1702 2349 1789 2378 nostri

1087 2397 1230 2427 Francisci
1241 2398 1423 2435 concionator,
1436 2406 1530 2425 sacrae
1541 2397 1691 2435 thcoioffliac
1703 2397 1788 2426 tector

1086 2450 1110 2475 et
1124 2451 1211 2475 custos
1227 2446 1352 2480 actualis,
1370 2456 1401 2475 ac
1415 2445 1503 2474 almae
1517 2446 1612 2476 itidem
1625 2447 1788 2483 provinciae

1085 2494 1115 2524 S.
1133 2495 1239 2524 Mariae
1255 2494 1415 2531 Hunjsariac
1437 2495 1642 2524 commissarius
1664 2496 1788 2524 visitator

1082 2544 1231 2582 generalis,
1256 2544 1379 2572 omnibus
1401 2548 1425 2573 et
1450 2544 1568 2581 singulis
1589 2544 1671 2573 huius
1694 2544 1787 2573 almae

1082 2613 1090 2636 t
1116 2611 1210 2637 Potius
1230 2610 1288 2644 lege
1308 2610 1511 2644 confirmatum
1530 2610 1632 2644 suisset
1650 2611 1690 2642 (a.
1708 2613 1758 2643 L).

1078 2656 1094 2682 2
1116 2654 1227 2681 Videtur
1246 2654 1342 2680 deesse
1362 2662 1419 2680 non
1441 2654 1480 2681 vel
1500 2655 1631 2681 nondum
1651 2661 1688 2684 (u.
1705 2660 1754 2683 T.t.

1795 251 1844 277 An.
1862 249 1892 276 C.
1914 248 1981 277 1732

1827 2310 1939 2330 Decretum
1956 2309 1983 2330 de

1800 2343 1842 2363 quo
1852 2338 1872 2357 in
1888 2336 1981 2357 rubrica.
