2182 3137
54 287 113 314 -Αη,
129 285 158 314 C.
180 284 246 312 1733

869 280 1010 306 CLEMENS
1035 280 1080 304 ΧΠ
1105 281 1155 305 PP.

256 338 305 366 tae
331 333 488 373 fuissent,
516 337 571 366 aut
595 332 808 375 imposterum
835 330 912 363 oriri
937 340 996 362 un-

255 397 350 430 quam
377 386 577 430 potuissent,
595 385 633 418 ad
662 395 718 418 nos
737 389 767 417 et
784 383 898 416 Sedcm
916 384 994 426 Apo·

255 439 349 471 licam
364 443 546 478 avocantes,
562 447 598 469 ac
610 436 737 480 penitus
752 435 994 478 supprimentes

255 497 285 523 ct
311 491 563 533 extinguentes,
595 500 630 522 ac
663 499 762 532 super
796 488 841 521 eis
879 497 994 530 perpe-

256 551 344 577 tuum
369 544 532 577 silentium
559 544 762 587 imponentes
780 570 787 582 ,
812 547 900 574 motu
926 551 994 584 pro-

254 598 345 640 prio,
372 603 404 630 et
432 608 468 630 ex
502 600 591 630 certa
620 596 752 629 seientia
778 606 814 628 ac
846 594 885 627 de
919 605 993 637 apo-

254 652 387 685 stolicae
413 651 582 695 potestatis
608 650 813 694 plenitudine
849 649 968 682 nostris
987 676 994 688 ,

255 705 487 737 resolutionem
512 715 567 737 seu
593 704 759 737 decretum
778 702 924 745 superius
942 712 995 734 ex-

253 769 400 802 pressum
439 763 471 791 et
507 757 734 797 enunciatum,
770 761 806 788 ut
840 755 994 798 deinceps

253 822 382 855 semper
406 817 437 845 et
462 816 618 855 perpetuo
643 810 765 853 vigeret
784 836 791 848 ,
819 815 850 842 et
874 808 994 852 ubique

255 866 401 899 locorum
430 877 447 899 a
472 865 679 909 primodictis
704 864 831 898 clericis
867 864 994 906 regula-

254 919 365 959 ribus,
392 919 589 962 illorumque
615 918 803 962 praeposito
830 923 860 950 et
880 927 996 961 procu-

254 977 360 1005 ratore
387 972 617 1016 generalibus,
642 971 824 1015 ceterisque
849 970 996 1014 superio-

254 1026 342 1059 ribus
368 1032 399 1060 et
423 1026 573 1070 personis
600 1025 862 1069 quibuscumque
888 1024 996 1058 obser-

255 1085 382 1114 varetur
407 1107 414 1119 ,
458 1080 543 1113 dicta
585 1079 763 1123 apostolica
803 1078 994 1112 auctoritate

253 1139 413 1177 perpetuo
439 1133 736 1167 confirmaverimus
770 1138 802 1166 et
836 1132 996 1175 approba-

253 1187 414 1228 verimus;
442 1193 491 1227 et,
517 1198 557 1220 ne
583 1187 800 1230 imposterum
826 1186 993 1229 quisquam

252 1242 358 1275 ubivis
384 1243 530 1275 locorum
557 1247 589 1274 et
613 1241 758 1284 gentium
777 1246 889 1274 contra
906 1250 995 1284 prae-

252 1295 350 1328 missa
375 1305 471 1328 novas
496 1294 736 1328 controversias
763 1300 795 1328 et
819 1294 995 1327 dissensio-

253 1360 311 1383 nes
350 1350 488 1383 excitare
509 1377 515 1389 ,
557 1348 827 1392 primodictisque
867 1348 993 1381 clericis

252 1402 459 1446 regularibus
484 1403 523 1436 de
556 1403 606 1435 his
638 1403 821 1436 molestiam
852 1402 993 1446 aliquam

253 1456 372 1490 inferre
398 1456 556 1497 auderet,
581 1466 664 1500 quae
690 1466 707 1488 a
736 1455 820 1488 dicta
854 1455 995 1498 Congre-

252 1510 384 1553 gatione
409 1510 598 1554 particulari
625 1509 784 1552 explicata
803 1514 834 1542 et
851 1510 994 1542 resoluta

253 1564 383 1597 fuerant
408 1569 440 1597 et
463 1574 481 1596 a
504 1562 598 1597 nobis
619 1563 817 1607 adprobata,
844 1562 994 1605 dictaque

252 1618 455 1652 resolutione
480 1628 535 1651 seu
561 1618 692 1651 decreto
727 1617 994 1656 continebantur,

252 1678 447 1706 statutorum
472 1678 503 1706 et
526 1672 710 1706 litterarum
743 1672 994 1715 apostolicarum

255 1732 319 1761 tam
352 1727 409 1760 sub
439 1726 572 1771 plumbo
597 1737 693 1771 quam
726 1726 758 1758 in
792 1726 894 1760 forma
920 1726 995 1759 Bre-

253 1780 300 1814 vis
327 1780 515 1814 huiusmodi
542 1790 614 1813 esse
639 1790 769 1820 verum,
794 1790 993 1822 germanum,

253 1830 416 1868 sincerum
443 1839 474 1868 et
499 1834 671 1867 indubium
706 1844 833 1866 sensum
852 1861 859 1875 ,
895 1833 993 1877 idque

253 1898 349 1922 omne
385 1899 403 1921 a
438 1888 699 1932 quibuscumque
735 1887 830 1920 etiam
861 1887 993 1931 speciali

253 1943 330 1975 nota
354 1941 480 1984 dignis,
514 1947 545 1974 et
577 1941 685 1982 vigore
722 1941 992 1974 constitutionum

253 1995 501 2039 apostolicarum
532 2000 785 2038 nostrarumque
810 2000 841 2027 et
865 1994 995 2027 Cancel—

252 2049 351 2083 lariae
392 2050 600 2093 Apostolicae
641 2050 828 2092 regularum
869 2048 993 2092 specia-

252 2103 328 2137 liter
352 2108 384 2137 et
417 2103 585 2136 individue
620 2102 862 2146 exprimendis,
898 2102 993 2135 etiam

253 2157 357 2191 dictae
383 2157 413 2190 S.
440 2157 477 2190 R.
504 2156 539 2189 E.
567 2156 787 2190 cardinalibus
806 2183 814 2196 ,
850 2157 994 2189 locorum

252 2210 442 2252 Ordinariis,
459 2222 495 2244 ae
507 2210 695 2255 quorumvis
713 2210 882 2251 Ordinum,
898 2210 994 2243 etiam

252 2265 508 2299 mendicantium
545 2271 577 2299 et
615 2265 824 2305 militarium,
865 2274 993 2297 necnon

253 2319 348 2353 etiam
383 2319 677 2362 Congregationum
716 2329 993 2362 quarumcumque

253 2373 392 2407 aliorum
417 2373 609 2407 clericorum
634 2373 834 2416 regularium
854 2399 861 2413 ,
900 2373 994 2406 etiam

252 2427 419 2461 Societatis
444 2426 514 2460 Iesu
534 2454 541 2467 ,
570 2431 601 2460 et
625 2426 766 2459 cuiusvis
792 2426 926 2459 alterius
946 2437 995 2460 re-

252 2481 378 2525 gularis
412 2480 547 2513 instituti
582 2480 733 2523 personis
766 2480 994 2523 regularibus,

253 2534 387 2567 omnino
413 2533 603 2566 servandum
630 2544 716 2574 esse;
743 2543 849 2577 neque
872 2533 994 2566 eisdem

253 2587 382 2621 statutis
409 2592 441 2620 et
469 2587 585 2620 litteris
621 2586 809 2630 apostolicis
845 2587 994 2630 superius

253 2640 415 2685 expressis
440 2641 540 2674 ullam
565 2641 659 2674 aliam
691 2640 995 2684 interpretationem

253 2695 351 2730 tribui
377 2705 490 2740 posse,
511 2705 618 2740 neque
643 2694 845 2738 primodictis
868 2694 995 2729 clericis

1038 330 1243 372 regularibus
1282 341 1318 364 ex
1344 331 1409 363 suis
1442 330 1566 363 statutis
1597 329 1777 373 litterisque

1039 384 1356 425 apostolicisiisdem
1379 384 1562 423 concessis,
1584 383 1778 427 praesertim

1039 435 1114 468 dicti
1141 436 1228 469 Pauli
1254 437 1276 469 Y
1302 437 1592 480 praedecessoris,
1627 435 1777 469 scientias

1039 490 1176 523 maiores
1209 491 1352 534 profiteri
1390 502 1532 534 unquam
1571 490 1779 523 interdictum

1039 549 1071 575 et
1095 544 1226 576 vetitum
1253 545 1348 577 fuisse
1370 556 1377 584 ;
1405 545 1501 578 immo
1528 545 1623 577 etiam
1651 544 1680 576 in
1713 544 1777 575 suis

1039 597 1177 639 publicis
1205 598 1325 630 scholis
1351 599 1481 631 easdem
1507 598 1656 630 scientias
1682 597 1779 629 maio-

1039 659 1090 681 res
1115 649 1375 682 adolescentibus
1401 650 1631 693 cuiuscumque
1652 651 1777 683 ordinis

1038 706 1070 734 et
1094 703 1290 735 conditionis
1316 703 1443 736 tradere
1470 709 1501 735 et
1525 705 1719 746 praelegere
1738 703 1776 734 li-

1039 755 1144 789 cuisse
1169 762 1199 788 et
1224 756 1322 789 licere
1343 783 1350 796 ‚
1376 757 1556 799 apostolica
1582 757 1776 790 auctoritate

1038 810 1203 853 praedicta
1228 810 1431 843 decrevimus
1459 815 1490 843 et
1514 809 1776 849 deelaravimus¹,

1039 870 1137 907 prout
1161 864 1194 896 in
1219 863 1336 896 nostris
1354 864 1495 906 desuper
1513 864 1571 896 sub
1590 863 1697 896 datum
1718 863 1782 896 Ro-

1039 929 1110 951 mae
1129 918 1213 962 apud
1231 918 1262 950 S.
1281 917 1408 950 Mariam
1425 917 1596 957 Maiorem,
1620 928 1705 950 anuo
1731 918 1780 950 in-

1039 972 1236 1005 carnationis
1260 971 1442 1005 dominicae
1464 981 1641 1012 Moccxxxr,
1669 972 1777 1005 kalen-

1040 1027 1088 1060 dis
1106 1026 1200 1067 maii,
1225 1026 1435 1069 pontificatus
1461 1025 1563 1059 nostri
1581 1036 1667 1058 anno
1686 1036 1695 1059 1
1714 1025 1780 1058 vut-

1039 1082 1131 1124 gatis,
1148 1081 1379 1124 incipientibus
1400 1080 1499 1113 Nobis
1517 1079 1646 1124 quibem,
1664 1079 1779 1112 litteris

1039 1135 1135 1168 etiam
1159 1135 1289 1178 plenius
1314 1140 1347 1167 et
1370 1134 1500 1167 uberius
1525 1134 1733 1173 continetur;

1082 1189 1096 1232 ἓ
1122 1189 1153 1221 lt.
1174 1188 1221 1227 Et,
1246 1188 1323 1221 licet
1347 1187 1534 1231 primodicti
1553 1186 1664 1220 clerici
1684 1197 1778 1229 regu-

1678 269 1741 304 509
1787 279 1835 306 Αη.
1853 278 1881 305 c.
1904 279 1971 307 1733

1852 1196 1919 1216 Causa
1946 1196 1972 1216 ad

1789 1229 1888 1243 sstlnrtttnl
1924 1229 1949 1248 Rp

1039 1242 1142 1282 lares,
1169 1242 1428 1286 quibuscumque
1462 1240 1722 1273 dissensionibus
1748 1231 1974 1273 etsioia-‹mnitnsji

1039 1295 1270 1329 controversiis
1296 1306 1354 1338 per
1378 1305 1437 1328 nos
1462 1300 1496 1327 ut
1521 1295 1702 1338 praefertur
1739 1295 1779 1328 de

1039 1349 1147 1382 medio
1184 1348 1318 1382 sublatis
1344 1354 1374 1381 et
1399 1349 1600 1392 suppressis,
1626 1348 1778 1381 scientias

1039 1402 1179 1436 maiores
1205 1401 1469 1435 adolescentibus
1494 1401 1635 1434 cuiusvis
1669 1401 1780 1434 condi-

1040 1456 1134 1490 tionis
1155 1461 1186 1489 et
1202 1456 1331 1490 Ordinis
1346 1455 1466 1498 ubique
1484 1455 1631 1488 locorum
1650 1455 1780 1498 publice

1039 1516 1071 1544 et
1095 1510 1196 1544 libere
1229 1509 1356 1543 tradere
1387 1519 1484 1552 posse
1516 1514 1706 1552 sperarentt
1732 1508 1780 1541 ni-

1039 1564 1217 1598 hilominus
1244 1563 1298 1606 (ob
1323 1568 1531 1607 praetensum
1556 1563 1780 1596 extraordina-

1039 1619 1120 1651 rium
1145 1618 1185 1651 ab
1210 1617 1421 1650 universitate
1446 1627 1504 1649 seu
1532 1617 1697 1650 academia
1720 1617 1780 1650 Vil-

1038 1672 1130 1705 nensi
1156 1671 1323 1716 praedicta
1348 1681 1530 1712 recessum,
1558 1677 1592 1703 ut
1616 1670 1779 1704 assereba-

1039 1732 1108 1767 tur,
1134 1725 1278 1770 plurium
1298 1725 1559 1758 adolescentium
1587 1725 1778 1758 liberalibus

1038 1780 1218 1824 disciplinis
1249 1785 1282 1812 et
1317 1779 1462 1812 scientiis
1498 1789 1632 1822 operam
1661 1789 1779 1812 navan-

1038 1835 1115 1867 tium
1131 1861 1139 1875 ,
1166 1833 1360 1876 illorumque
1385 1833 1423 1865 ad
1450 1833 1578 1866 scholas
1603 1833 1691 1876 pias,
1719 1843 1778 1876 per

1037 1887 1250 1931 primodictos
1276 1887 1413 1920 clericos
1439 1887 1606 1929 regulares
1632 1887 1663 1919 in
1689 1897 1779 1930 prae-

1038 1942 1123 1975 dicta
1148 1941 1274 1974 civitate
1298 1940 1444 1973 Vilnensi
1474 1944 1605 1983 apertas
1632 1945 1663 1973 et
1687 1950 1779 1973 exer-

1038 1995 1137 2032 citas,
1164 1994 1349 2035 accessum)
1375 2003 1434 2036 pro
1459 1998 1550 2036 parte
1582 1993 1778 2026 clericorum

1039 2047 1237 2091 regularium
1273 2046 1441 2080 Societatis
1467 2046 1539 2079 lesu
1564 2046 1670 2079 dictae
1703 2046 1779 2079 civi-

1040 2102 1113 2134 tatis
1140 2100 1301 2134 Yilnensis
1327 2100 1650 2144 (praetendentium,
1678 2100 1778 2133 dictas

1039 2161 1165 2188 nostras
1189 2155 1314 2188 litteras
1339 2153 1486 2187 eamdem
1515 2153 1674 2187 civitatem
1708 2154 1792 2188 vil-³

1038 2219 1174 2242 nensem
1199 2207 1331 2241 minime
1357 2207 1655 2251 comprehendere,
1675 2213 1708 2241 et
1728 2208 1779 2241 de-

1039 2269 1161 2297 cretum
1179 2290 1186 2303 ‚
1212 2273 1271 2306 per
1302 2261 1515 2295 Benedictum
1551 2261 1779 2305 praedecesso-

1039 2328 1107 2351 rem
1144 2317 1206 2349 iam
1242 2321 1476 2356 memoratum,
1513 2321 1547 2348 ut
1578 2316 1776 2359 praefertur,

1039 2370 1263 2405 confirmatum
1289 2375 1320 2403 et
1344 2369 1576 2413 adprobatum,
1603 2369 1694 2413 quasi
1720 2380 1779 2413 per

1039 2425 1168 2458 easdem
1193 2429 1320 2457 nostras
1347 2423 1472 2456 litteras
1493 2422 1625 2456 minime
1644 2422 1779 2466 abroga-

1040 2483 1104 2511 tum
1122 2504 1129 2518 ,
1154 2477 1261 2510 adbuc
1286 2476 1407 2509 viribus
1431 2476 1627 2517 subsistere,
1653 2486 1689 2509 ac
1712 2476 1780 2509 uni-

1038 2531 1180 2565 versitati
1205 2541 1259 2564 seu
1286 2530 1470 2563 academiae
1496 2529 1693 2573 praedictae,
1713 2530 1778 2573 pri-

1039 2586 1141 2618 vative
1167 2584 1272 2628 quoad
1299 2583 1380 2616 alios
1400 2593 1635 2627 quoscumque,
1653 2583 1778 2626 gravio-

1039 2649 1089 2672 res
1114 2638 1267 2672 scientias
1293 2637 1421 2670 tradere
1448 2638 1648 2681 competere)
1667 2636 1720 2670 lis‘
1747 2643 1779 2671 et

1062 2703 1070 2729 1
1088 2701 1182 2737 Aptius
1193 2701 1404 2731 decreverimus
1452 2700 1777 2737 declaravev-iimcs(n.r).
