2182 3137
33 223 90 249 tAn.
105 219 134 246 C.
159 217 221 245 1731

227 266 375 308 gationes
399 266 580 307 concessit,
605 266 710 299 citatis
737 265 866 298 seniore
899 276 970 299 cau-

227 330 334 352 sarum
359 319 510 352 Gamerae
529 319 737 362 Apostolicae
763 330 800 351 ac
820 319 971 363 Capitoli-

228 382 290 405 nae
308 371 475 404 Curiarum
492 372 714 414 praefatarum
733 372 868 404 notariis
884 384 891 412 ;
912 373 971 405 sic·

228 435 291 468 que
309 425 532 457 continuatum
554 424 614 457 fuit
634 435 735 468 usque
761 426 800 458 ad
826 432 971 458 nostram

229 478 487 521 assumptionem
513 478 552 511 ad
586 479 788 521 apostolatus
812 479 972 519 osticium,

228 534 403 573 postquam
435 529 476 562 ab
513 530 660 562 auditore
702 535 816 563 nostro
860 541 973 563 novam

230 582 500 626 prorogationem
510 582 652 626 quinque
663 583 798 616 aliorum
813 583 974 616 mensium

231 635 458 669 obtinuerunt.

65 699 221 729 neiniegraaq,
277 689 291 732 g
315 688 347 721 6.
371 688 448 722 Cum
475 695 602 730 autem,
629 689 711 722 sicut
742 690 853 723 eadem
879 701 976 733 expo-

33 727 221 785 {iiussgssfi‘fflgiffi
233 742 308 775 sitio
334 742 562 784 subiungebat,
585 742 714 775 difficile
741 743 917 776 admodum
937 743 978 775 sit
997 749 999 764 ¹

35 783 352 838 {l‘fggffiffiffiffl‘cogese
399 795 695 838 Congregationeni
747 796 976 839 particularem

234 848 451 892 praedictam,
478 854 526 881 tot
549 849 626 881 viris
656 849 780 882 ratione
807 860 977 882 munerum

235 902 298 934 sibi
318 902 577 934 incumbentium
593 902 826 945 multiplicibus
841 903 978 945 negotiis

235 955 391 989 continuo
409 955 574 998 occupatis
591 961 688 998 atque
708 955 871 989 distractis
896 967 978 989 com-

233 1009 384 1053 positam,
411 1019 471 1052 per
496 1008 642 1041 notarios
667 1020 744 1041 vero
764 1010 978 1042 tribunalium

235 1061 331 1094 Urbis
356 1061 520 1104 praefatae
546 1061 615 1094 iure
641 1062 839 1094 controverti
873 1073 909 1094 ac
945 1062 977 1094 in

236 1114 368 1147 dubium
393 1114 537 1146 revocari
564 1120 704 1157 nequeat
730 1114 862 1148 facultas
890 1121 979 1148 nota-

234 1168 274 1200 rii
302 1168 378 1201 dicti
398 1169 586 1201 consulatus
602 1167 793 1211 perficiendi
813 1169 979 1211 quaelibet

236 1226 307 1254 acta
331 1221 498 1254 iudicialia
523 1221 806 1254 indiscriminatim
834 1222 866 1254 in
893 1233 975 1265 qua-

235 1275 282 1307 vis
300 1278 395 1307 eausa
415 1280 446 1306 et
463 1285 522 1318 pro
541 1275 800 1318 quibusctunque
819 1276 978 1318 personis,

235 1334 351 1371 utpote
378 1327 452 1370 quia
478 1329 528 1360 lex
556 1328 657 1371 ipsius
694 1328 809 1361 Leonis
845 1329 1001 1371 praede·=

237 1381 378 1414 cessoris
405 1381 489 1413 lianc
517 1381 701 1414 facultatem
721 1382 765 1414 illi
786 1382 904 1414 diserte
925 1383 979 1415 tri·
1001 1388 1002 1399 ³

236 1434 327 1474 buit,
354 1435 447 1477 eique
483 1433 676 1477 suffragetur
701 1435 909 1468 observantia
943 1448 977 1468 ex

238 1499 324 1521 anno
349 1498 436 1522 nnxv
461 1488 590 1520 initium
617 1489 808 1528 desumens,
839 1499 899 1522 nec
929 1501 979 1521 us-

237 1552 333 1584 quam
353 1541 542 1584 interrupta,
561 1542 826 1584 quamloquidem
841 1552 900 1585 per
918 1543 980 1574 duo

237 1595 369 1627 saecula
403 1600 433 1627 et
466 1595 571 1634 ultra,
599 1605 663 1627 non
690 1595 733 1627 uti
767 1595 981 1628 cancellarius

239 1648 426 1680 consulatus
451 1647 630 1680 Florentini
658 1648 811 1690 praefati,
838 1649 893 1680 sed
921 1651 982 1692 qua

239 1700 390 1744 publicus
408 1699 502 1732 Urbis
523 1700 680 1739 notarius,
704 1705 771 1732 acta
795 1701 981 1734 huiusmodi

241 1753 407 1787 iudicialia
432 1753 532 1796 gessit
556 1753 818 1796 independenter
848 1766 864 1786 a
891 1755 984 1787 iuris-

242 1807 385 1841 dictione
406 1807 509 1850 ipsius
527 1808 680 1846 consulis,
703 1813 735 1839 et
758 1808 802 1839 uti
824 1809 894 1840 talis
914 1810 984 1851 plu·
1004 1798 1006 1813 Ι

242 1860 325 1892 rium
351 1870 508 1893 annorum
535 1860 639 1903 spatio
671 1860 807 1892 diversis
832 1860 863 1893 S.
889 1861 922 1893 R.
947 1861 981 1894 Ε.

244 1915 409 1958 praefatae
450 1914 692 1954 cardinalibus,
719 1925 755 1946 ac
790 1914 985 1957 praesertiin

245 1968 327 2001 sacri
346 1969 536 2000 eorumdem
555 1967 767 2000 cardinalium
788 1968 916 2010 collegii
937 1969 987 2001 de-

245 2021 345 2060 canis,
373 2021 403 2053 in
429 2021 531 2053 causis
559 2027 590 2053 et
615 2021 754 2063 negotiis
781 2033 895 2054 eorum
921 2033 988 2055 mo-

245 2075 462 2108 nasteriorum
488 2080 542 2106 aut
575 2074 807 2112 eeclesiarum,
837 2086 872 2107 ac
899 2087 988 2118 prae-

242 2129 340 2172 cipue
366 2127 522 2161 Ostiensis
548 2134 579 2161 ct
604 2128 845 2167 veliternensis,
873 2140 908 2160 ac
933 2140 989 2161 no-

245 2182 296 2215 bis
323 2181 504 2224 ipsiS,d1un
527 2181 744 2213 cardinalatus
770 2181 896 2213 bonore
920 2182 988 2214 fun-

246 2236 413 2277 gebamur,
432 2234 587 2277 quamdiu
614 2235 772 2267 ecclesiae
790 2234 990 2267 Tusculanae

248 2282 458 2332 praefuimus,
480 2287 510 2319 in
530 2287 626 2325 rebus
647 2288 793 2320 eamdem
819 2287 989 2320 ecclesiam

250 2340 473 2384 spectantibus
495 2340 662 2380 inserviit3
689 2351 827 2384 cumque
853 2351 916 2372 non
936 2340 991 2372 mi-
1012 2360 1013 2363 =

249 2403 310 2426 nus
337 2398 424 2425 certa
441 2393 481 2424 sit
503 2394 677 2425 reservatio
704 2393 896 2436 providendi
924 2390 1014 2425 osii-'¹

251 2446 302 2478 cio
328 2445 403 2479 dicti
431 2446 548 2478 notarii
576 2446 608 2478 in
634 2447 864 2488 suppressione
892 2446 1015 2502 tribu-i

252 2499 375 2531 nalium
394 2499 646 2541 particularium,
665 2499 747 2531 sicut
768 2499 993 2542 praemittitur,
1014 2507 1016 2527 ¹·

254 2551 345 2592 faeta,
364 2558 563 2595 exponentes
580 2553 748 2596 praedicti,
765 2553 888 2585 tametsi
905 2564 995 2596 prac-

248 2605 317 2637 fata
349 2604 565 2648 Congregatio
603 2605 810 2648 particularis
842 2606 1017 2648 deputata]

855 218 997 240 attint-,NS
1025 219 1040 240 X
1049 220 1069 242 ll
1096 222 1144 242 Μ’.

1001 1384 1085 1421 ,[ἐς,

1648 212 1713 247 ⁶223

1011 267 1205 310 reperiatur,
1226 269 1332 302 eidem
1353 271 1481 304 notario
1508 271 1663 314 assignari
1687 272 1754 314 plu-

1012 320 1129 353 rimum
1155 321 1340 355 desiderent
1364 324 1504 367 aliquem
1530 337 1565 359 ex
1593 326 1686 359 dictis
1710 324 1757 356 iu-

1014 373 1140 405 dicibus
1167 374 1338 409 ordinariis
1363 377 1472 418 Urbis,
1499 391 1608 413 coram
1634 392 1696 424 quo
1722 392 1758 414 o-

1015 426 1103 458 mnia
1127 433 1196 459 acta
1218 427 1380 462 iudicialia
1397 437 1428 463 et
1448 434 1651 466 contentiosa
1676 445 1754 467 con-

1016 478 1113 512 ficere
1147 481 1268 520 valeat,
1303 484 1567 527 quandoquidem
1594 487 1669 519 inde
1696 488 1756 530 ipsi

1017 533 1143 566 notario
1162 534 1386 576 providebitur
1399 537 1487 570 iuxta
1501 541 1756 574 reservationem

1019 585 1212 624 huiusmodi,
1236 588 1434 631 tolleturque
1459 590 1592 624 libertas
1617 594 1754 635 vagandi

1019 644 1050 671 et
1074 639 1287 672 conveniendi
1321 640 1445 674 iudices
1471 643 1510 675 ad
1536 645 1582 677 sui
1612 645 1759 688 libitum,

1019 691 1130 735 sicque
1175 692 1368 726 dirimentur
1408 706 1446 728 ac
1488 699 1760 733 constabibentur

1021 756 1104 787 quae
1130 745 1266 778 indicta
1291 746 1546 790 Congregatione
1571 752 1758 793 particulari

1021 798 1225 831 discutienda
1243 806 1350 832 erant:
1372 811 1440 841 nos,
1458 804 1645 837 eorumdem
1664 816 1759 849 expo-

1022 851 1166 883 nentium
1194 852 1275 884 rotis
1294 853 1353 886 hac
1377 854 1410 886 in
1437 865 1481 895 rc,
1507 862 1663 898 quantum
1689 869 1763 891 cum

1020 904 1157 938 Domino
1192 916 1386 949 possumus,
1418 907 1558 951 benigne
1593 920 1763 951 annuere,

1021 968 1147 990 necnon
1185 958 1390 992 indemnitati
1423 971 1460 993 ae
1491 967 1599 994 rectae
1625 962 1765 996 admini-

1022 1010 1172 1043 strationi
1198 1011 1295 1044 officii
1328 1013 1444 1045 notarii
1477 1014 1664 1048 huiusmodi
1690 1027 1766 1059 pro-

1021 1064 1147 1106 spicere
1173 1065 1335 1105 rolentes,
1364 1066 1573 1110 ipsorumque
1599 1079 1765 1110 exponen—

1022 1117 1101 1148 tium
1135 1118 1316 1160 singulares
1353 1129 1509 1162 personas
1542 1132 1559 1153 a
1593 1122 1762 1164 quibusvis

1021 1171 1382 1212 excommunicationis,
1409 1174 1634 1216 suspensionis
1660 1182 1692 1208 et
1719 1177 1768 1209 in—

1022 1224 1168 1264 terdicti,
1199 1224 1337 1268 aliisque
1370 1226 1598 1261 ecclesiasticis
1629 1235 1764 1262 senten-

1023 1277 1090 1317 tiis,
1121 1279 1269 1311 censuris
1296 1284 1327 1311 et
1352 1280 1482 1321 poenis,
1508 1292 1524 1313 a
1554 1281 1623 1315 iure
1650 1284 1698 1316 vel
1725 1284 1765 1316 ab

1024 1330 1168 1370 bomine,
1191 1331 1302 1373 quavis
1329 1333 1500 1366 occasione
1527 1336 1575 1367 vel
1602 1338 1699 1368 causa
1723 1337 1766 1368 la-

1117 1384 1142 1415 si
1170 1384 1287 1427 quibus
1312 1387 1558 1428 quomodolibet
1590 1388 1768 1422 innodatae

1023 1437 1182 1476 existunt,
1202 1438 1241 1469 ad
1264 1438 1415 1471 effectum
1438 1441 1658 1482 praesentium
1678 1442 1769 1474 dum-

1025 1494 1111 1521 taxat
1136 1491 1426 1533 consequendum,
1453 1493 1566 1525 barum
1593 1494 1678 1526 serie
1711 1494 1769 1526 al>-

1024 1543 1189 1575 solventes
1223 1549 1255 1575 et
1286 1543 1450 1577 absolutas
1476 1546 1544 1578 fore
1576 1553 1768 1586 censentes,

1024 1605 1060 1627 ac
1092 1595 1305 1638 p1·;1‹1=t‘att;11-111n
1342 1597 1482 1637 Leonis,
1519 1599 1697 1632 Innocentii
1732 1612 1770 1633 ac

1025 1649 1191 1681 Benedicti
1233 1651 1521 1692 praedecessorum
1559 1653 1767 1692 litterarum,

1025 1702 1294 1735 constitutiomim
1314 1709 1343 1736 et
1362 1704 1613 1747 dispositionum
1630 1711 1768 1746 tenores,

1004 1785 1006 1794 ,
1026 1761 1058 1787 et
1075 1755 1136 1788 alia
1162 1766 1385 1799 (piaecmnque
1412 1757 1507 1790 etiam
1533 1757 1718 1801 specificam
1738 1766 1771 1791 ct

1027 1809 1226 1841 individuam
1253 1810 1453 1843 mentionem
1473 1817 1503 1843 et
1523 1813 1770 1855 expressionem

1027 1862 1249 1905 requirentia,
1282 1863 1504 1905 praesentibus
1531 1875 1590 1907 pro
1617 1865 1713 1907 plene
1739 1871 1773 1898 et

1029 1915 1229 1947 sufficienter
1255 1916 1416 1957 expressis
1442 1922 1472 1948 et
1496 1916 1689 1959 specificatis
1714 1918 1772 1950 lia-

1030 1968 1158 2005 bentes,
1185 1968 1478 2010 supplicatitmibus
1503 1971 1692 2003 eorumdem
1718 1982 1771 2004 ex-

1031 2021 1224 2065 ponentium
1249 2023 1380 2054 nomine
1407 2023 1499 2056 nobis
1519 2034 1614 2066 super
1633 2024 1695 2056 boc
1713 2024 1772 2056 liu-

1033 2074 1152 2107 militer
1176 2075 1334 2117 porrectis
1366 2075 1534 2115 inclinati,
1561 2077 1678 2110 dilecto
1704 2076 1771 2110 filio

1032 2128 1191 2160 moderno
1216 2139 1251 2160 ac
1277 2139 1336 2170 pro
1368 2134 1514 2172 tempore
1541 2130 1689 2162 existenti
1717 2140 1774 2163 no-

1034 2181 1114 2213 tario
1134 2186 1164 2213 et
1182 2181 1374 2214 cancellario
1400 2182 1474 2214 dicti
1497 2184 1679 2214 consulatus
1697 2183 1770 2215 Flo-

1034 2234 1176 2272 rcntini,
1205 2240 1238 2266 ut
1265 2235 1332 2277 ipse
1359 2235 1469 2277 <salva
1494 2246 1529 2267 ac
1555 2235 1642 2267 lirma
1671 2246 1774 2268 rema-

1035 2294 1132 2320 nente
1147 2288 1377 2330 suppressione
1393 2295 1424 2320 ct
1437 2288 1615 2321 abolitione
1635 2289 1774 2322 tribuna-

1034 2341 1070 2372 lis
1097 2341 1239 2373 eiusdem
1266 2342 1450 2374 consulatus
1477 2354 1512 2374 ac
1537 2342 1773 2375 iurisdictionis

1035 2393 1120 2426 illius
1155 2394 1316 2436 consulis)
1344 2394 1450 2426 omnia
1483 2400 1515 2426 et
1547 2406 1774 2438 quacctu‘uquc

1036 2452 1103 2478 acta
1127 2446 1288 2479 iudicialia
1306 2447 1371 2478 sire
1397 2446 1598 2479 contentiosa
1620 2447 1775 2490 deinceps

1037 2510 1166 2542 quoque
1205 2499 1370 2542 perpetuis
1415 2499 1530 2532 futuris
1574 2501 1775 2543 temporibus

1015 2552 1197 2585 *conticere
1225 2553 1336 2591 libere,
1356 2552 1441 2585 licite
1467 2559 1498 2585 et
1525 2553 1630 2586 valide
1655 2554 1776 2596 possit,

1038 2607 1227 2639 auctoritate
1254 2606 1450 2648 apostoliea,
1479 2612 1589 2639 tenore
1623 2617 1778 2649 praesen-

1762 226 1809 250 λη.
1829 222 1856 248 C.
1881 224 1944 250 ¹731
