2182 3137
64 225 116 252 An.
132 225 160 252 C.
184 226 247 254 1731

71 1502 243 1526 Quibuscuinque

59 1535 70 1546 x·
83 1536 99 1547 vu
140 1527 244 1548 Obstauli·

59 1555 105 1574 bus.

107 1816 169 1836 Fides
186 1818 242 1836 trau-

70 1844 195 1868 uinptarum.

880 229 1021 252 cLEnnms

263 275 375 308 iurare
399 277 465 309 ullo
485 277 581 309 niodo
601 287 716 318 posse;
738 277 795 308 sed
814 276 899 318 ipsas
913 286 1005 318 prae-

263 334 374 361 sentes
400 329 526 362 litteras
553 339 684 370 semper
708 329 816 360 lirmas
834 327 954 360 validas
973 333 1004 360 et

263 381 411 414 efficaces
437 382 575 414 existere
601 386 634 413 et
658 381 737 419 fore,
764 390 910 422 suosque
936 381 1003 422 ple-

262 434 374 466 narios
410 438 442 466 et
477 434 626 475 integros
665 432 798 465 effectus
835 433 946 465 sortiri
973 438 1003 465 et

262 486 431 526 obtinere,
469 496 506 518 ac
542 486 626 525 illis,
652 486 691 518 ad
718 496 798 528 quos
824 490 949 528 spectat
972 491 1003 518 et

261 549 320 581 pro
345 543 494 580 tempore
520 539 794 581 quandocumque
828 538 999 581 spectabit,

261 592 291 623 in
329 591 481 624 omnibus
519 597 551 624 et
587 602 643 634 per
680 592 788 624 omnia
814 591 1001 632 plenissime

260 643 439 685 suffragari,
469 650 501 676 et
525 644 564 676 ab
590 644 636 677 eis
661 644 841 687 respective
868 644 1024 684 inviola-;

258 697 373 729 biliter
397 702 428 729 et
453 697 647 730 inconcusse
670 697 833 730 observari
854 703 884 729 et
902 697 1002 729 adim-

259 750 361 792 pleri,
389 750 500 793 sicque
519 756 551 782 et
575 761 640 782 non
666 750 760 782 aliter
778 751 809 781 in
841 750 999 792 praemis-

259 802 302 835 sis
329 814 385 846 per
410 814 630 846 quoscumque
656 803 781 836 iudices
818 803 1000 835 ordinarios

259 862 291 889 et
326 857 514 899 delegatos,
553 857 650 889 etiam
687 867 856 889 causarum
889 857 999 899 palatii

258 909 428 951 apostolici
455 910 630 949 auditores,
657 920 693 942 ac
719 910 823 942 dictae
850 909 881 942 S.
905 909 941 941 R.
963 909 997 941 E.

258 962 449 1001 cardinales,
477 963 573 995 etiam
600 964 638 995 de
665 964 767 996 latere
794 964 940 1004 legatos,
968 968 1000 995 et

257 1016 339 1048 alios
366 1016 528 1058 quoslibet.
545 1027 749 1058 quacumque
768 1016 998 1058 praeeminen-

257 1068 299 1100 tia
325 1074 356 1100 et
381 1074 541 1110 potestate
568 1068 740 1110 fungentes
765 1074 797 1101 et
823 1070 998 1108 functuros‚

256 1120 383 1152 sublata
400 1121 445 1153 eis
472 1127 502 1153 ct
528 1132 640 1153 eorum
660 1121 792 1153 cuilibet
811 1121 923 1164 quavis
941 1122 998 1154 ali-

256 1179 305 1205 ter
330 1173 494 1205 iudicandi
522 1179 554 1205 et
580 1174 817 1215 interpretandi
845 1174 996 1207 facultate

255 1231 288 1257 et
312 1226 523 1265 auctoritate,
551 1226 683 1258 iudicari
720 1231 752 1258 et
782 1226 909 1258 definiri
943 1227 998 1258 dc-

255 1279 351 1312 bere:
379 1290 415 1311 ac
443 1279 566 1310 irritum
593 1285 623 1311 ct
643 1279 749 1317 inane,
782 1279 805 1310 si
828 1289 923 1311 secus
948 1291 997 1311 su-

254 1342 315 1373 per
352 1331 401 1363 his
438 1343 454 1363 a
491 1343 679 1374 quoquam,
712 1332 824 1374 quavis
860 1333 998 1364 auctori-

255 1390 336 1423 tate,
358 1385 501 1417 scienter
519 1386 568 1417 vel
587 1385 793 1427 ignoranter,
821 1385 996 1427 eontigerit
1017 1394 1019 1418 t

254 1438 417 1469 attentari.

299 1490 313 1532 ξ
337 1490 369 1522 4.
396 1490 468 1522 Non
493 1490 700 1522 obstantibus
727 1491 923 1533 praemissis
960 1501 997 1523 ac

254 1542 545 1575 constitutionibus
572 1548 604 1575 et
631 1543 891 1575 ordinationibus
917 1554 996 1586 apo-

253 1595 399 1633 stolicis,
439 1605 564 1627 necnon
601 1596 751 1627 omnibus
789 1602 820 1627 et
856 1596 993 1638 singulis

253 1649 386 1691 quaein
404 1649 528 1681 eisdem
555 1649 734 1681 lnnocentii
760 1649 994 1691 praedecesso-

251 1702 295 1734 ris
327 1701 443 1734 litteris
476 1711 631 1734 concessa
656 1707 730 1733 sunt
753 1712 816 1733 uon
844 1702 992 1740 obstare,

252 1754 434 1797 ceterisque
456 1754 629 1787 contrariis
651 1755 924 1796 quibuscuinwie.

296 1808 311 1850 ξ
336 1807 366 1840 5.
396 1807 546 1840 Volumus
563 1812 670 1840 autem
688 1812 722 1839 ut
740 1808 881 1850 ipsarum
900 1818 994 1850 prae-

251 1860 394 1893 sentium
420 1860 601 1893 litterarum
626 1861 848 1903 transumptis,
868 1871 923 1893 seu
941 1872 994 1894 ex-

253 1914 393 1956 emplis,
419 1913 516 1945 ctiam
541 1913 731 1956 impressis,
757 1924 854 1945 manu
891 1914 994 1946 alicu-

253 1967 303 1998 ius
328 1966 446 1998 notarii
472 1966 594 2008 publici
620 1966 813 2009 subscriptis
834 1972 865 1998 et
885 1967 992 2009 sigillo

252 2029 414 2061 personae
439 2018 470 2050 in
497 2018 718 2051 ecclesiastica
738 2019 894 2061 dignitate
917 2030 993 2052 con-

253 2072 386 2104 stitutae
421 2070 578 2110 munitis,
617 2071 729 2103 eadem
755 2082 888 2114 prorsus
914 2071 992 2104 fides

250 2125 373 2167 ubique
410 2126 556 2157 locorum
592 2125 774 2163 habeatur,
806 2135 888 2167 quae
915 2125 992 2167 ipsis

251 2178 480 2220 praesentibus
508 2178 686 2209 haberetur
711 2177 735 2209 si
763 2178 870 2210 forent
902 2178 993 2210 cxlii-

250 2230 336 2263 bitae
362 2231 410 2263 vel
437 2236 601 2263 ostensae.

295 2283 408 2316 Datum
436 2284 576 2323 Romae,
603 2285 688 2328 apud
715 2285 744 2317 S.
774 2285 904 2318 Mariam
930 2286 991 2318 Ma-

250 2337 365 2375 iorem,
383 2337 442 2368 sub
461 2338 582 2370 annulo
602 2337 783 2376 piscatoris,
804 2338 856 2370 die
875 2349 895 2371 u
915 2339 990 2371 maii

247 2398 421 2427 ffinccxxxi,
451 2388 655 2431 pontificatus
682 2390 783 2423 nostri
809 2401 896 2423 anno
923 2402 943 2424 1.

286 2450 344 2475 Dat.
363 2450 407 2476 (lie
425 2450 439 2474 '⁴2
456 2450 517 2476 maii
535 2451 614 2482 1731,
633 2451 732 2485 pontis.
750 2460 823 2477 auno
843 2459 862 2478 ι.

538 2504 572 2535 F.
601 2504 688 2536 eard.
716 2504 897 2538 Ommuus.

1048 229 1093 252 xit
1119 231 1167 253 ΡΡ.

1352 280 1487 312 xxxta.

1049 346 1277 379 Concedunem·
1299 349 1477 390 privileqz'cz
1506 349 1686 392 capellanis
1711 361 1792 383 com-

1092 400 1247 431 munibus
1271 400 1465 434 Sanclilutis
1490 402 1576 435 Suae
1595 402 1616 435 ¹.

1250 471 1386 498 clemens
1407 473 1486 505 Papa
1505 474 1570 503 ΧΠ,

1189 514 1226 540 ad
1246 515 1381 542 futuram
1400 517 1445 542 rei
1465 518 1651 545 memoriam.

1091 575 1185 608 Grata
1220 576 1447 609 familiaritatIs
1487 579 1667 622 obsequia,
1703 592 1788 624 quae

1047 628 1154 661 dilecti
1181 628 1238 661 filii
1266 629 1459 662 Franciscus
1493 631 1572 663 Velli
1606 632 1787 666 Praenesti-

1022 690 1024 698 ·
1047 691 1118 719 nus,
1147 681 1300 714 basilicae
1327 682 1357 714 S.
1380 682 1466 714 Petri
1486 683 1524 715 de
1544 684 1627 716 Urbe
1645 686 1785 719 clericus

1045 733 1270 773 beneficiatus,
1297 735 1469 778 Philippus
1488 736 1707 778 Vinciguerra,
1729 738 1787 770 Ro-

1046 797 1178 826 manus,
1206 788 1383 820 saecularis
1411 794 1442 820 ct
1468 790 1662 830 collegiatae
1689 792 1787 824 eccle-

1046 838 1112 871 siae
1138 839 1169 871 S.
1197 839 1313 881 Angeli
1349 840 1379 872 in
1407 841 1490 873 Foro
1517 841 1656 874 Piscium
1690 843 1786 875 etiam

1045 891 1084 923 de
1103 891 1189 924 Urbe
1211 893 1403 932 canonicus,
1430 893 1565 926 loannes
1592 895 1705 927 Decius
1731 896 1787 929 So-

1045 955 1152 984 ranus,
1178 945 1365 978 Dominicus
1382 947 1541 979 Antonius
1560 947 1713 987 Carlucci,
1733 949 1787 981 Pe-

1045 997 1201 1036 rusinus,
1240 998 1432 1031 Franciscus
1470 1000 1624 1032 Feliciani
1663 1002 1787 1043 pariter

1044 1049 1217 1089 Romanus,
1244 1051 1430 1084 Franciscus
1458 1053 1613 1085 Xaverius
1640 1054 1785 1087 Brunetti

1043 1101 1296 1143 Scnogalliensis
1310 1103 1446 1137 civitatis
1460 1106 1509 1137 vel
1529 1105 1686 1138 dioecesis
1702 1118 1787 1149 pres·

1043 1155 1146 1198 byteri
1164 1183 1171 1194 ‚
1203 1156 1351 1188 moderni
1378 1159 1525 1200 capellae
1553 1165 1684 1192 nostrae
1707 1171 1785 1203 pon-

1044 1208 1159 1240 tiliciae
1186 1210 1366 1251 capellani,
1394 1211 1567 1243 familiares
1593 1213 1707 1251 nostri,
1735 1224 1787 1246 no-

1042 1262 1090 1293 bis
1126 1267 1158 1293 ct
1193 1263 1403 1304 Apostolicae
1440 1264 1515 1296 Sedi
1551 1265 1706 1297 hactenus
1733 1266 1786 1298 im-

1041 1316 1251 1357 penderunt,
1292 1322 1323 1348 et
1358 1317 1465 1349 adbuc
1491 1319 1639 1350 sollicitis
1670 1320 1784 1351 studiis

1042 1368 1231 1410 impendere
1258 1379 1323 1401 non
1349 1370 1518 1409 desistunt,
1546 1382 1672 1403 necnon
1700 1374 1784 1405 vitae

1041 1432 1076 1453 ac
1102 1432 1231 1453 snorum
1261 1422 1424 1461 honestas,
1453 1424 1581 1466 aliaque
1609 1425 1785 1458 laudabilia

1040 1474 1212 1516 probitatis
1239 1480 1269 1506 et
1302 1474 1453 1507 virtutum
1491 1477 1627 1515 merita,
1665 1478 1784 1520 quibus

1039 1536 1151 1558 eorum
1169 1537 1329 1569 personas
1347 1534 1409 1560 tam
1437 1529 1587 1561 familiari
1614 1531 1785 1572 experien-

1041 1579 1081 1611 tia
1107 1590 1202 1622 quam
1228 1581 1324 1612 etiam
1352 1580 1415 1613 side
1449 1582 1621 1624 dignorum
1644 1584 1784 1616 testimo-

1038 1631 1098 1663 niis
1135 1633 1234 1664 iuvari
1271 1633 1493 1676 percipimus,
1529 1646 1587 1666 nos
1625 1636 1784 1669 inducunt

1037 1690 1071 1716 ut
1097 1686 1160 1717 illis
1186 1686 1361 1718 reddamur
1385 1687 1422 1719 ad
1451 1687 1584 1729 gratiam
1612 1688 1779 1721 liberales.

1038 1738 1119 1771 llinc
1143 1743 1193 1771 est
1219 1740 1305 1782 quod
1334 1750 1406 1779 nos,
1440 1742 1587 1773 volentes
1614 1741 1684 1773 illas
1709 1752 1783 1785 spc-

1037 1791 1173 1824 eialibus
1200 1793 1365 1825 favoribus
1393 1798 1423 1824 et
1449 1794 1577 1835 gratiis,
1604 1800 1664 1826 etc.
1683 1793 1693 1810 ‘²

1082 1845 1193 1877 Datum
1220 1845 1352 1884 Romae,
1372 1846 1457 1888 apud
1480 1846 1511 1878 S.
1535 1847 1666 1880 Mariam
1689 1848 1781 1881 Maio-

1038 1907 1117 1935 rem,
1132 1897 1190 1929 sub
1207 1898 1328 1930 annulo
1347 1898 1531 1937 Piscatoris,
1547 1899 1597 1931 die
1611 1910 1687 1932 xvu1
1705 1901 1780 1933 maii

1037 1960 1217 1990 mcccxxxi,
1243 1950 1453 1992 pontificatus
1479 1951 1581 1983 nostri
1609 1963 1695 1985 anno
1722 1964 1744 1986 1.

1074 2011 1131 2037 liat.
1154 2011 1197 2038 die
1220 2012 1251 2037 18
1273 2012 1334 2038 maii
1357 2012 1439 2045 1731,
1461 2012 1559 2047 pontif.
1581 2017 1652 2039 anuo
1673 2021 1690 2040 1.

1323 2065 1356 2097 Ι«“.
1386 2065 1474 2097 card.
1503 2066 1687 2100 Omvnnlus.

1341 2215 1474 2248 xxxtv.

1037 2285 1258 2327 Confirmatio·
1293 2286 1454 2318 decretum
1486 2288 1600 2330 mayni
1624 2290 1779 2331 mayistri

1079 2343 1108 2370 et
1132 2339 1263 2371 consilii
1288 2340 1463 2383 hospitalis
1487 2341 1518 2373 S.
1537 2341 1673 2374 Ioannis
1697 2343 1777 2375 Ilie-

1069 2436 1082 2461 1
1106 2434 1173 2461 Huic
1197 2435 1298 2461 similes
1324 2438 1387 2461 sunt
1414 2436 1622 2463 constitutiones
1649 2446 1664 2464 a
1693 2447 1774 2473 prae-

1034 2479 1225 2505 decessoribus
1246 2479 1424 2506 Pontificibus
1451 2480 1559 2513 effltae,
1588 2481 1620 2507 ad
1641 2490 1707 2509 suae
1728 2492 1775 2510 ca-

1034 2524 1122 2559 pellae
1143 2524 1297 2559 capellanos
1316 2524 1456 2550 ornandos
1477 2525 1635 2559 privilegiis.

1068 2568 1084 2593 Ξ
1104 2568 1176 2598 Quae
1196 2572 1349 2602 sequuntur
1369 2568 1427 2602 lege
1452 2569 1478 2595 iu
1504 2569 1618 2596 laudatis
1642 2572 1774 2598 constitu-

1033 2611 1162 2638 tionibus.

1692 222 1758 255 255
1803 233 1852 259 An.
1869 232 1899 259 c.
1922 233 1985 260 ¹731
