<?xml version="1.0" encoding="UTF-8"?>
<!DOCTYPE html PUBLIC "-//W3C//DTD XHTML 1.0 Transitional//EN"
    "http://www.w3.org/TR/xhtml1/DTD/xhtml1-transitional.dtd">
<html xmlns="http://www.w3.org/1999/xhtml" xml:lang="en" lang="en">
 <head>
  <title>
</title>
<meta http-equiv="Content-Type" content="text/html;charset=utf-8" />
  <meta name='ocr-system' content='tesseract 3.04.00' />
  <meta name='ocr-capabilities' content='ocr_page ocr_carea ocr_par ocr_line ocrx_word'/>
</head>
<body>
  <div class='ocr_page' id='page_1' title='image "./bullarumdiplomat23cath_0473.png"; bbox 0 0 2182 3137; ppageno 0'>
   <div class='ocr_carea' id='block_1_1' title="bbox 25 266 210 298">
    <p class='ocr_par' dir='ltr' id='par_1_1' title="bbox 25 266 210 298">
     <span class='ocr_line' id='line_1_1' title="bbox 25 266 210 298; baseline -0.011 -1"><span class='ocrx_word' id='word_1_1' title='bbox 25 270 76 298; x_wconf 66' lang='lat' dir='ltr'>Aa.</span> <span class='ocrx_word' id='word_1_2' title='bbox 93 268 123 297; x_wconf 81' lang='lat' dir='ltr'>C.</span> <span class='ocrx_word' id='word_1_3' title='bbox 143 266 210 296; x_wconf 68' lang='lat'>{732</span> 
     </span>
    </p>
   </div>
   <div class='ocr_carea' id='block_1_2' title="bbox 838 266 1123 293">
    <p class='ocr_par' dir='ltr' id='par_1_2' title="bbox 838 266 1123 293">
     <span class='ocr_line' id='line_1_2' title="bbox 838 266 1123 293; baseline 0 -1"><span class='ocrx_word' id='word_1_4' title='bbox 838 266 978 293; x_wconf 62' lang='lat' dir='ltr'>emmaus</span> <span class='ocrx_word' id='word_1_5' title='bbox 1003 267 1050 292; x_wconf 80' lang='lat' dir='ltr'>xit</span> <span class='ocrx_word' id='word_1_6' title='bbox 1073 269 1123 292; x_wconf 73' lang='lat' dir='ltr'>Pr.</span> 
     </span>
    </p>
   </div>
   <div class='ocr_carea' id='block_1_3' title="bbox 216 316 955 628">
    <p class='ocr_par' dir='ltr' id='par_1_3' title="bbox 216 316 955 628">
     <span class='ocr_line' id='line_1_3' title="bbox 216 316 952 351; baseline -0.003 -1"><span class='ocrx_word' id='word_1_7' title='bbox 216 317 359 351; x_wconf 80' lang='lat' dir='ltr'>futurum</span> <span class='ocrx_word' id='word_1_8' title='bbox 386 317 603 351; x_wconf 88' lang='lat' dir='ltr'>administrari</span> <span class='ocrx_word' id='word_1_9' title='bbox 629 322 661 351; x_wconf 86' lang='lat' dir='ltr'>et</span> <span class='ocrx_word' id='word_1_10' title='bbox 687 316 831 350; x_wconf 78' lang='lat' dir='ltr'>exerceri</span> <span class='ocrx_word' id='word_1_11' title='bbox 854 317 952 350; x_wconf 86' lang='lat' dir='ltr'>sanei-</span> 
     </span>
     <span class='ocr_line' id='line_1_4' title="bbox 216 370 952 414; baseline -0.001 -11"><span class='ocrx_word' id='word_1_12' title='bbox 216 381 286 404; x_wconf 87' lang='lat' dir='ltr'>mus</span> <span class='ocrx_word' id='word_1_13' title='bbox 322 371 443 405; x_wconf 88' lang='lat' dir='ltr'>eisdem</span> <span class='ocrx_word' id='word_1_14' title='bbox 480 382 613 414; x_wconf 85' lang='lat' dir='ltr'>prorsus</span> <span class='ocrx_word' id='word_1_15' title='bbox 647 371 744 404; x_wconf 90' lang='lat' dir='ltr'>modo</span> <span class='ocrx_word' id='word_1_16' title='bbox 776 375 806 403; x_wconf 89' lang='lat' dir='ltr'>ct</span> <span class='ocrx_word' id='word_1_17' title='bbox 838 370 952 409; x_wconf 80' lang='lat' dir='ltr'>forma,</span> 
     </span>
     <span class='ocr_line' id='line_1_5' title="bbox 217 423 953 468; baseline 0 -12"><span class='ocrx_word' id='word_1_18' title='bbox 217 423 333 467; x_wconf 89' lang='lat' dir='ltr'>quibus</span> <span class='ocrx_word' id='word_1_19' title='bbox 357 435 417 468; x_wconf 89' lang='lat' dir='ltr'>per</span> <span class='ocrx_word' id='word_1_20' title='bbox 452 435 524 457; x_wconf 88' lang='lat' dir='ltr'>eum</span> <span class='ocrx_word' id='word_1_21' title='bbox 558 425 683 457; x_wconf 84' lang='lat' dir='ltr'>vivente</span> <span class='ocrx_word' id='word_1_22' title='bbox 714 423 868 456; x_wconf 72' lang='lat' dir='ltr'>Pontifice</span> <span class='ocrx_word' id='word_1_23' title='bbox 901 423 953 456; x_wconf 85' lang='lat' dir='ltr'>ad-</span> 
     </span>
     <span class='ocr_line' id='line_1_6' title="bbox 216 477 955 511; baseline -0.001 -2"><span class='ocrx_word' id='word_1_24' title='bbox 216 477 414 510; x_wconf 86' lang='lat' dir='ltr'>ministratur</span> <span class='ocrx_word' id='word_1_25' title='bbox 432 484 463 511; x_wconf 91' lang='lat' dir='ltr'>et</span> <span class='ocrx_word' id='word_1_26' title='bbox 483 484 662 511; x_wconf 82' lang='lat' dir='ltr'>exercetur.</span> <span class='ocrx_word' id='word_1_27' title='bbox 683 477 880 510; x_wconf 86' lang='lat' dir='ltr'>Gubernium</span> <span class='ocrx_word' id='word_1_28' title='bbox 901 488 955 509; x_wconf 89' lang='lat' dir='ltr'>au-</span> 
     </span>
     <span class='ocr_line' id='line_1_7' title="bbox 218 530 954 571; baseline 0 -9"><span class='ocrx_word' id='word_1_29' title='bbox 218 535 281 563; x_wconf 87' lang='lat' dir='ltr'>tem</span> <span class='ocrx_word' id='word_1_30' title='bbox 300 532 471 571; x_wconf 85' lang='lat' dir='ltr'>conclavis,</span> <span class='ocrx_word' id='word_1_31' title='bbox 486 534 549 564; x_wconf 80' lang='lat' dir='ltr'>una</span> <span class='ocrx_word' id='word_1_32' title='bbox 564 542 633 564; x_wconf 89' lang='lat' dir='ltr'>cum</span> <span class='ocrx_word' id='word_1_33' title='bbox 652 531 787 563; x_wconf 84' lang='lat' dir='ltr'>eoliorte</span> <span class='ocrx_word' id='word_1_34' title='bbox 807 530 954 568; x_wconf 87' lang='lat' dir='ltr'>militum,</span> 
     </span>
     <span class='ocr_line' id='line_1_8' title="bbox 216 583 952 628; baseline -0.001 -11"><span class='ocrx_word' id='word_1_35' title='bbox 216 584 398 627; x_wconf 77' lang='lat' dir='ltr'>sumptibus</span> <span class='ocrx_word' id='word_1_36' title='bbox 424 585 572 618; x_wconf 76' lang='lat' dir='ltr'>Gamerae</span> <span class='ocrx_word' id='word_1_37' title='bbox 598 584 802 628; x_wconf 86' lang='lat' dir='ltr'>Apostolieae</span> <span class='ocrx_word' id='word_1_38' title='bbox 828 583 952 621; x_wconf 79' lang='lat' dir='ltr'>alenda,</span> 
     </span>
    </p>
   </div>
   <div class='ocr_carea' id='block_1_4' title="bbox 217 637 977 740">
    <p class='ocr_par' dir='ltr' id='par_1_4' title="bbox 217 637 977 740">
     <span class='ocr_line' id='line_1_9' title="bbox 217 637 977 685; baseline 0 -16"><span class='ocrx_word' id='word_1_39' title='bbox 217 647 311 681; x_wconf 88' lang='lat' dir='ltr'>quam</span> <span class='ocrx_word' id='word_1_40' title='bbox 339 638 441 681; x_wconf 87' lang='lat' dir='ltr'>ipsius</span> <span class='ocrx_word' id='word_1_41' title='bbox 474 638 634 672; x_wconf 83' lang='lat' dir='ltr'>conclavis</span> <span class='ocrx_word' id='word_1_42' title='bbox 670 637 867 679; x_wconf 74' lang='lat' dir='ltr'>gubernator</span> <span class='ocrx_word' id='word_1_43' title='bbox 900 637 977 685; x_wconf 51' lang='lat' dir='ltr'>lia-2</span> 
     </span>
     <span class='ocr_line' id='line_1_10' title="bbox 217 690 977 740; baseline 0 -18"><span class='ocrx_word' id='word_1_44' title='bbox 217 690 294 723; x_wconf 90' lang='lat' dir='ltr'>bere</span> <span class='ocrx_word' id='word_1_45' title='bbox 321 697 556 731; x_wconf 89' lang='lat' dir='ltr'>consueverat,</span> <span class='ocrx_word' id='word_1_46' title='bbox 593 691 776 734; x_wconf 83' lang='lat' dir='ltr'>ceterisque</span> <span class='ocrx_word' id='word_1_47' title='bbox 809 690 977 740; x_wconf 60' lang='lat' dir='ltr'>iuribus,⁴</span> 
     </span>
    </p>
   </div>
   <div class='ocr_carea' id='block_1_5' title="bbox 216 743 956 1376">
    <p class='ocr_par' dir='ltr' id='par_1_5' title="bbox 216 743 956 1376">
     <span class='ocr_line' id='line_1_11' title="bbox 216 743 952 787; baseline 0.003 -12"><span class='ocrx_word' id='word_1_48' title='bbox 216 743 416 787; x_wconf 84' lang='lat' dir='ltr'>privilegiis,</span> <span class='ocrx_word' id='word_1_49' title='bbox 456 744 677 784; x_wconf 82' lang='lat' dir='ltr'>facultatibus,</span> <span class='ocrx_word' id='word_1_50' title='bbox 717 743 952 783; x_wconf 82' lang='lat' dir='ltr'>iurisdictione,</span> 
     </span>
     <span class='ocr_line' id='line_1_12' title="bbox 219 797 955 841; baseline 0.001 -12"><span class='ocrx_word' id='word_1_51' title='bbox 219 797 303 839; x_wconf 85' lang='lat' dir='ltr'>(non</span> <span class='ocrx_word' id='word_1_52' title='bbox 329 804 435 831; x_wconf 87' lang='lat' dir='ltr'>tamen</span> <span class='ocrx_word' id='word_1_53' title='bbox 460 798 492 830; x_wconf 89' lang='lat' dir='ltr'>in</span> <span class='ocrx_word' id='word_1_54' title='bbox 518 804 656 841; x_wconf 87' lang='lat' dir='ltr'>utroque</span> <span class='ocrx_word' id='word_1_55' title='bbox 682 798 787 839; x_wconf 76' lang='lat' dir='ltr'>burgo</span> <span class='ocrx_word' id='word_1_56' title='bbox 820 808 875 830; x_wconf 84' lang='lat' dir='ltr'>seu</span> <span class='ocrx_word' id='word_1_57' title='bbox 912 798 955 830; x_wconf 86' lang='lat' dir='ltr'>ci-</span> 
     </span>
     <span class='ocr_line' id='line_1_13' title="bbox 217 850 955 892; baseline 0.003 -11"><span class='ocrx_word' id='word_1_58' title='bbox 217 850 313 883; x_wconf 79' lang='lat' dir='ltr'>vitate</span> <span class='ocrx_word' id='word_1_59' title='bbox 334 850 475 884; x_wconf 77' lang='lat' dir='ltr'>Leonina</span> <span class='ocrx_word' id='word_1_60' title='bbox 495 851 696 892; x_wconf 84' lang='lat' dir='ltr'>huiusmodi)</span> <span class='ocrx_word' id='word_1_61' title='bbox 724 851 905 884; x_wconf 82' lang='lat' dir='ltr'>bonoribus</span> <span class='ocrx_word' id='word_1_62' title='bbox 924 857 955 883; x_wconf 90' lang='lat' dir='ltr'>et</span> 
     </span>
     <span class='ocr_line' id='line_1_14' title="bbox 219 904 953 948; baseline 0 -12"><span class='ocrx_word' id='word_1_63' title='bbox 219 904 384 944; x_wconf 87' lang='lat' dir='ltr'>oneribus,</span> <span class='ocrx_word' id='word_1_64' title='bbox 412 904 465 948; x_wconf 84' lang='lat' dir='ltr'>qui</span> <span class='ocrx_word' id='word_1_65' title='bbox 484 910 513 937; x_wconf 90' lang='lat' dir='ltr'>et</span> <span class='ocrx_word' id='word_1_66' title='bbox 531 915 611 948; x_wconf 90' lang='lat' dir='ltr'>quae</span> <span class='ocrx_word' id='word_1_67' title='bbox 633 904 718 937; x_wconf 90' lang='lat' dir='ltr'>dieto</span> <span class='ocrx_word' id='word_1_68' title='bbox 746 904 953 946; x_wconf 78' lang='lat' dir='ltr'>gubernatori</span> 
     </span>
     <span class='ocr_line' id='line_1_15' title="bbox 219 957 956 1001; baseline 0.001 -12"><span class='ocrx_word' id='word_1_69' title='bbox 219 958 378 990; x_wconf 89' lang='lat' dir='ltr'>conclavis</span> <span class='ocrx_word' id='word_1_70' title='bbox 403 958 705 1001; x_wconf 79' lang='lat' dir='ltr'>quomodocumque</span> <span class='ocrx_word' id='word_1_71' title='bbox 727 957 956 1000; x_wconf 66' lang='lat' dir='ltr'>competebant</span> 
     </span>
     <span class='ocr_line' id='line_1_16' title="bbox 219 1011 955 1055; baseline -0.001 -12"><span class='ocrx_word' id='word_1_72' title='bbox 219 1020 256 1043; x_wconf 88' lang='lat' dir='ltr'>ac</span> <span class='ocrx_word' id='word_1_73' title='bbox 279 1011 508 1044; x_wconf 79' lang='lat' dir='ltr'>incumbebant</span> <span class='ocrx_word' id='word_1_74' title='bbox 533 1017 723 1055; x_wconf 86' lang='lat' dir='ltr'>respective,</span> <span class='ocrx_word' id='word_1_75' title='bbox 752 1017 805 1043; x_wconf 89' lang='lat' dir='ltr'>aut</span> <span class='ocrx_word' id='word_1_76' title='bbox 829 1021 955 1054; x_wconf 84' lang='lat' dir='ltr'>compe-</span> 
     </span>
     <span class='ocr_line' id='line_1_17' title="bbox 220 1064 953 1108; baseline 0.001 -11"><span class='ocrx_word' id='word_1_77' title='bbox 220 1068 288 1097; x_wconf 83' lang='lat' dir='ltr'>tere</span> <span class='ocrx_word' id='word_1_78' title='bbox 313 1070 343 1097; x_wconf 89' lang='lat' dir='ltr'>et</span> <span class='ocrx_word' id='word_1_79' title='bbox 367 1064 557 1098; x_wconf 78' lang='lat' dir='ltr'>incumbere</span> <span class='ocrx_word' id='word_1_80' title='bbox 591 1069 758 1108; x_wconf 82' lang='lat' dir='ltr'>poterant,</span> <span class='ocrx_word' id='word_1_81' title='bbox 792 1065 953 1107; x_wconf 80' lang='lat' dir='ltr'>praesecto</span> 
     </span>
     <span class='ocr_line' id='line_1_18' title="bbox 219 1117 953 1162; baseline 0 -12"><span class='ocrx_word' id='word_1_82' title='bbox 219 1117 327 1161; x_wconf 89' lang='lat' dir='ltr'>palatii</span> <span class='ocrx_word' id='word_1_83' title='bbox 353 1118 521 1162; x_wconf 87' lang='lat' dir='ltr'>apostolici</span> <span class='ocrx_word' id='word_1_84' title='bbox 549 1129 605 1161; x_wconf 92' lang='lat' dir='ltr'>pro</span> <span class='ocrx_word' id='word_1_85' title='bbox 632 1124 781 1160; x_wconf 89' lang='lat' dir='ltr'>tempore</span> <span class='ocrx_word' id='word_1_86' title='bbox 807 1118 953 1151; x_wconf 53' lang='lat' dir='ltr'>existenti</span> 
     </span>
     <span class='ocr_line' id='line_1_19' title="bbox 219 1170 954 1215; baseline 0.001 -11"><span class='ocrx_word' id='word_1_87' title='bbox 219 1170 302 1204; x_wconf 86' lang='lat' dir='ltr'>Sede</span> <span class='ocrx_word' id='word_1_88' title='bbox 337 1177 470 1205; x_wconf 85' lang='lat' dir='ltr'>vacante</span> <span class='ocrx_word' id='word_1_89' title='bbox 504 1171 654 1204; x_wconf 86' lang='lat' dir='ltr'>similiter</span> <span class='ocrx_word' id='word_1_90' title='bbox 692 1171 721 1203; x_wconf 92' lang='lat' dir='ltr'>in</span> <span class='ocrx_word' id='word_1_91' title='bbox 760 1177 954 1215; x_wconf 86' lang='lat' dir='ltr'>perpetuum</span> 
     </span>
     <span class='ocr_line' id='line_1_20' title="bbox 221 1224 953 1269; baseline 0.003 -12"><span class='ocrx_word' id='word_1_92' title='bbox 221 1224 454 1258; x_wconf 80' lang='lat' dir='ltr'>demandamus</span> <span class='ocrx_word' id='word_1_93' title='bbox 495 1230 526 1258; x_wconf 90' lang='lat' dir='ltr'>et</span> <span class='ocrx_word' id='word_1_94' title='bbox 569 1225 816 1265; x_wconf 70' lang='lat' dir='ltr'>committimus,</span> <span class='ocrx_word' id='word_1_95' title='bbox 856 1225 953 1269; x_wconf 83' lang='lat' dir='ltr'>idque</span> 
     </span>
     <span class='ocr_line' id='line_1_21' title="bbox 219 1279 953 1322; baseline 0.001 -11"><span class='ocrx_word' id='word_1_96' title='bbox 219 1284 352 1322; x_wconf 87' lang='lat' dir='ltr'>praeter</span> <span class='ocrx_word' id='word_1_97' title='bbox 380 1285 412 1312; x_wconf 87' lang='lat' dir='ltr'>et</span> <span class='ocrx_word' id='word_1_98' title='bbox 446 1280 530 1312; x_wconf 89' lang='lat' dir='ltr'>ultra</span> <span class='ocrx_word' id='word_1_99' title='bbox 556 1279 724 1312; x_wconf 70' lang='lat' dir='ltr'>facultates</span> <span class='ocrx_word' id='word_1_100' title='bbox 758 1289 794 1312; x_wconf 89' lang='lat' dir='ltr'>ae</span> <span class='ocrx_word' id='word_1_101' title='bbox 824 1279 953 1312; x_wconf 89' lang='lat' dir='ltr'>iurisdi-</span> 
     </span>
     <span class='ocr_line' id='line_1_22' title="bbox 219 1331 952 1376; baseline 0.001 -12"><span class='ocrx_word' id='word_1_102' title='bbox 219 1331 359 1365; x_wconf 90' lang='lat' dir='ltr'>ctionem</span> <span class='ocrx_word' id='word_1_103' title='bbox 391 1332 422 1365; x_wconf 91' lang='lat' dir='ltr'>in</span> <span class='ocrx_word' id='word_1_104' title='bbox 455 1332 569 1366; x_wconf 88' lang='lat' dir='ltr'>eodem</span> <span class='ocrx_word' id='word_1_105' title='bbox 602 1332 740 1376; x_wconf 82' lang='lat' dir='ltr'>palatio,</span> <span class='ocrx_word' id='word_1_106' title='bbox 766 1342 822 1365; x_wconf 88' lang='lat' dir='ltr'>scu</span> <span class='ocrx_word' id='word_1_107' title='bbox 848 1333 952 1373; x_wconf 79' lang='lat' dir='ltr'>aliter,</span> 
     </span>
    </p>
   </div>
   <div class='ocr_carea' id='block_1_6' title="bbox 219 1384 976 1429">
    <p class='ocr_par' dir='ltr' id='par_1_6' title="bbox 219 1384 976 1429">
     <span class='ocr_line' id='line_1_23' title="bbox 219 1384 976 1429; baseline 0.003 -12"><span class='ocrx_word' id='word_1_108' title='bbox 219 1384 266 1417; x_wconf 88' lang='lat' dir='ltr'>illi</span> <span class='ocrx_word' id='word_1_109' title='bbox 292 1396 463 1419; x_wconf 88' lang='lat' dir='ltr'>concessas</span> <span class='ocrx_word' id='word_1_110' title='bbox 489 1396 547 1429; x_wconf 90' lang='lat' dir='ltr'>per</span> <span class='ocrx_word' id='word_1_111' title='bbox 571 1386 726 1429; x_wconf 81' lang='lat' dir='ltr'>quasdam</span> <span class='ocrx_word' id='word_1_112' title='bbox 745 1386 817 1429; x_wconf 88' lang='lat' dir='ltr'>piae</span> <span class='ocrx_word' id='word_1_113' title='bbox 840 1397 955 1420; x_wconf 83' lang='lat' dir='ltr'>memo·</span> <span class='ocrx_word' id='word_1_114' title='bbox 974 1410 976 1414; x_wconf 85' lang='lat'><em>-</em></span> 
     </span>
    </p>
   </div>
   <div class='ocr_carea' id='block_1_7' title="bbox 219 1438 958 2658">
    <p class='ocr_par' dir='ltr' id='par_1_7' title="bbox 219 1438 958 2658">
     <span class='ocr_line' id='line_1_24' title="bbox 219 1438 955 1483; baseline 0.001 -11"><span class='ocrx_word' id='word_1_115' title='bbox 219 1438 286 1472; x_wconf 79' lang='lat' dir='ltr'>riae</span> <span class='ocrx_word' id='word_1_116' title='bbox 311 1439 477 1472; x_wconf 81' lang='lat' dir='ltr'>Benedicti</span> <span class='ocrx_word' id='word_1_117' title='bbox 503 1440 606 1483; x_wconf 83' lang='lat' dir='ltr'>Papae</span> <span class='ocrx_word' id='word_1_118' title='bbox 632 1439 698 1472; x_wconf 73' lang='lat' dir='ltr'>Xlll</span> <span class='ocrx_word' id='word_1_119' title='bbox 728 1440 955 1483; x_wconf 84' lang='lat' dir='ltr'>praedecesso-</span> 
     </span>
     <span class='ocr_line' id='line_1_25' title="bbox 219 1491 955 1526; baseline 0.003 -2"><span class='ocrx_word' id='word_1_120' title='bbox 219 1491 264 1525; x_wconf 85' lang='lat' dir='ltr'>ris</span> <span class='ocrx_word' id='word_1_121' title='bbox 289 1493 384 1525; x_wconf 88' lang='lat' dir='ltr'>etiam</span> <span class='ocrx_word' id='word_1_122' title='bbox 411 1493 511 1526; x_wconf 86' lang='lat' dir='ltr'>nostri</span> <span class='ocrx_word' id='word_1_123' title='bbox 537 1493 569 1526; x_wconf 89' lang='lat' dir='ltr'>in</span> <span class='ocrx_word' id='word_1_124' title='bbox 596 1493 696 1526; x_wconf 78' lang='lat' dir='ltr'>forma</span> <span class='ocrx_word' id='word_1_125' title='bbox 729 1492 836 1525; x_wconf 81' lang='lat' dir='ltr'>Brevis</span> <span class='ocrx_word' id='word_1_126' title='bbox 872 1494 955 1526; x_wconf 90' lang='lat' dir='ltr'>litte-</span> 
     </span>
     <span class='ocr_line' id='line_1_26' title="bbox 220 1545 954 1589; baseline 0.003 -12"><span class='ocrx_word' id='word_1_127' title='bbox 220 1555 282 1586; x_wconf 85' lang='lat' dir='ltr'>ras,</span> <span class='ocrx_word' id='word_1_128' title='bbox 308 1556 386 1589; x_wconf 89' lang='lat' dir='ltr'>quas</span> <span class='ocrx_word' id='word_1_129' title='bbox 412 1545 495 1579; x_wconf 88' lang='lat' dir='ltr'>Sede</span> <span class='ocrx_word' id='word_1_130' title='bbox 512 1551 643 1579; x_wconf 88' lang='lat' dir='ltr'>vacante</span> <span class='ocrx_word' id='word_1_131' title='bbox 665 1546 779 1579; x_wconf 84' lang='lat' dir='ltr'>durare</span> <span class='ocrx_word' id='word_1_132' title='bbox 798 1556 832 1578; x_wconf 90' lang='lat' dir='ltr'>ac</span> <span class='ocrx_word' id='word_1_133' title='bbox 849 1546 954 1588; x_wconf 78' lang='lat' dir='ltr'>vigere</span> 
     </span>
     <span class='ocr_line' id='line_1_27' title="bbox 220 1598 953 1643; baseline 0.001 -11"><span class='ocrx_word' id='word_1_134' title='bbox 220 1598 401 1640; x_wconf 81' lang='lat' dir='ltr'>statuimus,</span> <span class='ocrx_word' id='word_1_135' title='bbox 427 1605 469 1637; x_wconf 84' lang='lat' dir='ltr'>et,</span> <span class='ocrx_word' id='word_1_136' title='bbox 494 1605 652 1643; x_wconf 87' lang='lat' dir='ltr'>quatenus</span> <span class='ocrx_word' id='word_1_137' title='bbox 678 1610 759 1643; x_wconf 88' lang='lat' dir='ltr'>opus</span> <span class='ocrx_word' id='word_1_138' title='bbox 784 1601 833 1640; x_wconf 85' lang='lat' dir='ltr'>sit,</span> <span class='ocrx_word' id='word_1_139' title='bbox 859 1600 897 1633; x_wconf 86' lang='lat' dir='ltr'>ad</span> <span class='ocrx_word' id='word_1_140' title='bbox 923 1600 953 1633; x_wconf 92' lang='lat' dir='ltr'>id</span> 
     </span>
     <span class='ocr_line' id='line_1_28' title="bbox 221 1653 956 1696; baseline 0.001 -11"><span class='ocrx_word' id='word_1_141' title='bbox 221 1657 346 1696; x_wconf 90' lang='lat' dir='ltr'>tempus</span> <span class='ocrx_word' id='word_1_142' title='bbox 366 1653 573 1686; x_wconf 78' lang='lat' dir='ltr'>extendimus</span> <span class='ocrx_word' id='word_1_143' title='bbox 592 1659 623 1686; x_wconf 92' lang='lat' dir='ltr'>et</span> <span class='ocrx_word' id='word_1_144' title='bbox 639 1653 849 1696; x_wconf 90' lang='lat' dir='ltr'>ampliamus;</span> <span class='ocrx_word' id='word_1_145' title='bbox 869 1664 956 1686; x_wconf 89' lang='lat' dir='ltr'>man-</span> 
     </span>
     <span class='ocr_line' id='line_1_29' title="bbox 221 1705 956 1749; baseline 0.003 -11"><span class='ocrx_word' id='word_1_146' title='bbox 221 1705 334 1739; x_wconf 81' lang='lat' dir='ltr'>dantes</span> <span class='ocrx_word' id='word_1_147' title='bbox 358 1711 532 1749; x_wconf 88' lang='lat' dir='ltr'>propterea</span> <span class='ocrx_word' id='word_1_148' title='bbox 557 1716 616 1748; x_wconf 88' lang='lat' dir='ltr'>per</span> <span class='ocrx_word' id='word_1_149' title='bbox 640 1705 803 1739; x_wconf 87' lang='lat' dir='ltr'>Cameram</span> <span class='ocrx_word' id='word_1_150' title='bbox 825 1707 956 1748; x_wconf 79' lang='lat' dir='ltr'>Aposto-</span> 
     </span>
     <span class='ocr_line' id='line_1_30' title="bbox 220 1759 954 1804; baseline 0.001 -12"><span class='ocrx_word' id='word_1_151' title='bbox 220 1759 312 1793; x_wconf 86' lang='lat' dir='ltr'>licam</span> <span class='ocrx_word' id='word_1_152' title='bbox 338 1759 423 1793; x_wconf 91' lang='lat' dir='ltr'>dicto</span> <span class='ocrx_word' id='word_1_153' title='bbox 454 1759 616 1803; x_wconf 81' lang='lat' dir='ltr'>praesecto</span> <span class='ocrx_word' id='word_1_154' title='bbox 642 1760 752 1804; x_wconf 90' lang='lat' dir='ltr'>palatii</span> <span class='ocrx_word' id='word_1_155' title='bbox 784 1761 954 1803; x_wconf 89' lang='lat' dir='ltr'>apostolici</span> 
     </span>
     <span class='ocr_line' id='line_1_31' title="bbox 221 1813 956 1857; baseline 0.004 -12"><span class='ocrx_word' id='word_1_156' title='bbox 221 1813 253 1845; x_wconf 91' lang='lat' dir='ltr'>in</span> <span class='ocrx_word' id='word_1_157' title='bbox 273 1813 419 1857; x_wconf 82' lang='lat' dir='ltr'>singulos</span> <span class='ocrx_word' id='word_1_158' title='bbox 445 1825 580 1854; x_wconf 88' lang='lat' dir='ltr'>menses,</span> <span class='ocrx_word' id='word_1_159' title='bbox 608 1814 725 1857; x_wconf 87' lang='lat' dir='ltr'>quibus</span> <span class='ocrx_word' id='word_1_160' title='bbox 744 1814 843 1847; x_wconf 85' lang='lat' dir='ltr'>Sedes</span> <span class='ocrx_word' id='word_1_161' title='bbox 867 1826 956 1848; x_wconf 87' lang='lat' dir='ltr'>vaca-</span> 
     </span>
     <span class='ocr_line' id='line_1_32' title="bbox 220 1867 957 1907; baseline 0.004 -8"><span class='ocrx_word' id='word_1_162' title='bbox 220 1867 314 1907; x_wconf 79' lang='lat' dir='ltr'>verit,</span> <span class='ocrx_word' id='word_1_163' title='bbox 339 1867 579 1900; x_wconf 88' lang='lat' dir='ltr'>subministrari</span> <span class='ocrx_word' id='word_1_164' title='bbox 605 1867 692 1901; x_wconf 89' lang='lat' dir='ltr'>mille</span> <span class='ocrx_word' id='word_1_165' title='bbox 728 1873 818 1900; x_wconf 87' lang='lat' dir='ltr'>senta</span> <span class='ocrx_word' id='word_1_166' title='bbox 849 1879 957 1902; x_wconf 86' lang='lat' dir='ltr'>monc-</span> 
     </span>
     <span class='ocr_line' id='line_1_33' title="bbox 222 1921 956 1963; baseline 0.003 -11"><span class='ocrx_word' id='word_1_167' title='bbox 222 1925 272 1953; x_wconf 87' lang='lat' dir='ltr'>tae</span> <span class='ocrx_word' id='word_1_168' title='bbox 297 1931 458 1961; x_wconf 88' lang='lat' dir='ltr'>romanae,</span> <span class='ocrx_word' id='word_1_169' title='bbox 484 1921 569 1954; x_wconf 86' lang='lat' dir='ltr'>unde</span> <span class='ocrx_word' id='word_1_170' title='bbox 602 1921 692 1954; x_wconf 90' lang='lat' dir='ltr'>cibos</span> <span class='ocrx_word' id='word_1_171' title='bbox 729 1932 765 1954; x_wconf 87' lang='lat' dir='ltr'>ae</span> <span class='ocrx_word' id='word_1_172' title='bbox 801 1922 956 1963; x_wconf 78' lang='lat' dir='ltr'>frugalem</span> 
     </span>
     <span class='ocr_line' id='line_1_34' title="bbox 221 1975 955 2018; baseline 0.001 -11"><span class='ocrx_word' id='word_1_173' title='bbox 221 1984 365 2008; x_wconf 87' lang='lat' dir='ltr'>mensam</span> <span class='ocrx_word' id='word_1_174' title='bbox 392 1975 542 2018; x_wconf 89' lang='lat' dir='ltr'>praelatis</span> <span class='ocrx_word' id='word_1_175' title='bbox 568 1976 710 2009; x_wconf 88' lang='lat' dir='ltr'>conclavi</span> <span class='ocrx_word' id='word_1_176' title='bbox 731 1975 955 2008; x_wconf 77' lang='lat' dir='ltr'>assistentibus</span> 
     </span>
     <span class='ocr_line' id='line_1_35' title="bbox 221 2029 956 2072; baseline 0.001 -12"><span class='ocrx_word' id='word_1_177' title='bbox 221 2038 334 2071; x_wconf 89' lang='lat' dir='ltr'>parare</span> <span class='ocrx_word' id='word_1_178' title='bbox 370 2039 406 2061; x_wconf 91' lang='lat' dir='ltr'>ac</span> <span class='ocrx_word' id='word_1_179' title='bbox 442 2029 601 2072; x_wconf 86' lang='lat' dir='ltr'>praebere</span> <span class='ocrx_word' id='word_1_180' title='bbox 639 2030 758 2068; x_wconf 80' lang='lat' dir='ltr'>valeat3</span> <span class='ocrx_word' id='word_1_181' title='bbox 785 2029 823 2061; x_wconf 90' lang='lat' dir='ltr'>ad</span> <span class='ocrx_word' id='word_1_182' title='bbox 861 2039 956 2072; x_wconf 86' lang='lat' dir='ltr'>quem</span> 
     </span>
     <span class='ocr_line' id='line_1_36' title="bbox 222 2080 955 2125; baseline 0 -11"><span class='ocrx_word' id='word_1_183' title='bbox 222 2080 368 2114; x_wconf 74' lang='lat' dir='ltr'>effectum</span> <span class='ocrx_word' id='word_1_184' title='bbox 394 2082 501 2115; x_wconf 89' lang='lat' dir='ltr'>linteis</span> <span class='ocrx_word' id='word_1_185' title='bbox 526 2092 561 2114; x_wconf 90' lang='lat' dir='ltr'>ac</span> <span class='ocrx_word' id='word_1_186' title='bbox 579 2082 837 2125; x_wconf 75' lang='lat' dir='ltr'>supellectilibus</span> <span class='ocrx_word' id='word_1_187' title='bbox 860 2081 955 2115; x_wconf 87' lang='lat' dir='ltr'>ctiam</span> 
     </span>
     <span class='ocr_line' id='line_1_37' title="bbox 222 2134 956 2179; baseline -0.001 -11"><span class='ocrx_word' id='word_1_188' title='bbox 222 2134 387 2177; x_wconf 78' lang='lat' dir='ltr'>argenteis</span> <span class='ocrx_word' id='word_1_189' title='bbox 412 2135 521 2179; x_wconf 88' lang='lat' dir='ltr'>palatii</span> <span class='ocrx_word' id='word_1_190' title='bbox 542 2135 698 2179; x_wconf 79' lang='lat' dir='ltr'>praedicti</span> <span class='ocrx_word' id='word_1_191' title='bbox 721 2135 758 2168; x_wconf 90' lang='lat' dir='ltr'>ad</span> <span class='ocrx_word' id='word_1_192' title='bbox 786 2146 876 2167; x_wconf 83' lang='lat' dir='ltr'>usum</span> <span class='ocrx_word' id='word_1_193' title='bbox 897 2135 956 2167; x_wconf 78' lang='lat' dir='ltr'>lio-</span> 
     </span>
     <span class='ocr_line' id='line_1_38' title="bbox 223 2188 957 2232; baseline -0.001 -11"><span class='ocrx_word' id='word_1_194' title='bbox 223 2189 354 2232; x_wconf 85' lang='lat' dir='ltr'>spitum‚</span> <span class='ocrx_word' id='word_1_195' title='bbox 382 2199 438 2222; x_wconf 89' lang='lat' dir='ltr'>seu</span> <span class='ocrx_word' id='word_1_196' title='bbox 462 2194 659 2230; x_wconf 70' lang='lat' dir='ltr'>exterorum,</span> <span class='ocrx_word' id='word_1_197' title='bbox 679 2189 854 2231; x_wconf 79' lang='lat' dir='ltr'>vulgariter</span> <span class='ocrx_word' id='word_1_198' title='bbox 871 2188 957 2221; x_wconf 77' lang='lat' dir='ltr'>della</span> 
     </span>
     <span class='ocr_line' id='line_1_39' title="bbox 224 2241 957 2286; baseline 0.001 -13"><span class='ocrx_word' id='word_1_199' title='bbox 224 2241 410 2283; x_wconf 79' lang='lat' dir='ltr'>foresteria,</span> <span class='ocrx_word' id='word_1_200' title='bbox 438 2242 621 2282; x_wconf 87' lang='lat' dir='ltr'>destinatis,</span> <span class='ocrx_word' id='word_1_201' title='bbox 649 2253 774 2276; x_wconf 86' lang='lat' dir='ltr'>necnon</span> <span class='ocrx_word' id='word_1_202' title='bbox 801 2244 900 2286; x_wconf 78' lang='lat' dir='ltr'>opera</span> <span class='ocrx_word' id='word_1_203' title='bbox 926 2247 957 2275; x_wconf 88' lang='lat' dir='ltr'>et</span> 
     </span>
     <span class='ocr_line' id='line_1_40' title="bbox 224 2293 954 2339; baseline 0.004 -14"><span class='ocrx_word' id='word_1_204' title='bbox 224 2293 404 2328; x_wconf 89' lang='lat' dir='ltr'>ministerio</span> <span class='ocrx_word' id='word_1_205' title='bbox 433 2295 618 2329; x_wconf 83' lang='lat' dir='ltr'>officialium</span> <span class='ocrx_word' id='word_1_206' title='bbox 651 2296 759 2339; x_wconf 90' lang='lat' dir='ltr'>palatii</span> <span class='ocrx_word' id='word_1_207' title='bbox 797 2295 954 2338; x_wconf 80' lang='lat' dir='ltr'>praefati,</span> 
     </span>
     <span class='ocr_line' id='line_1_41' title="bbox 227 2349 957 2393; baseline 0.004 -15"><span class='ocrx_word' id='word_1_208' title='bbox 227 2357 363 2390; x_wconf 83' lang='lat' dir='ltr'>quorum</span> <span class='ocrx_word' id='word_1_209' title='bbox 387 2359 520 2381; x_wconf 89' lang='lat' dir='ltr'>munera</span> <span class='ocrx_word' id='word_1_210' title='bbox 544 2360 602 2393; x_wconf 88' lang='lat' dir='ltr'>per</span> <span class='ocrx_word' id='word_1_211' title='bbox 638 2350 760 2382; x_wconf 88' lang='lat' dir='ltr'>obitum</span> <span class='ocrx_word' id='word_1_212' title='bbox 793 2349 957 2382; x_wconf 73' lang='lat' dir='ltr'>Pontificis</span> 
     </span>
     <span class='ocr_line' id='line_1_42' title="bbox 226 2399 956 2446; baseline 0.004 -14"><span class='ocrx_word' id='word_1_213' title='bbox 226 2399 357 2433; x_wconf 89' lang='lat' dir='ltr'>minime</span> <span class='ocrx_word' id='word_1_214' title='bbox 383 2407 522 2441; x_wconf 82' lang='lat' dir='ltr'>cessant,</span> <span class='ocrx_word' id='word_1_215' title='bbox 539 2402 583 2434; x_wconf 89' lang='lat' dir='ltr'>uti</span> <span class='ocrx_word' id='word_1_216' title='bbox 605 2402 716 2446; x_wconf 81' lang='lat' dir='ltr'>possit.</span> <span class='ocrx_word' id='word_1_217' title='bbox 743 2403 788 2435; x_wconf 83' lang='lat' dir='ltr'>Ad</span> <span class='ocrx_word' id='word_1_218' title='bbox 808 2403 956 2436; x_wconf 89' lang='lat' dir='ltr'>eumdem</span> 
     </span>
     <span class='ocr_line' id='line_1_43' title="bbox 226 2455 957 2499; baseline 0 -12"><span class='ocrx_word' id='word_1_219' title='bbox 226 2464 356 2497; x_wconf 84' lang='lat' dir='ltr'>quoque</span> <span class='ocrx_word' id='word_1_220' title='bbox 382 2455 581 2497; x_wconf 82' lang='lat' dir='ltr'>praesectum</span> <span class='ocrx_word' id='word_1_221' title='bbox 608 2455 716 2498; x_wconf 84' lang='lat' dir='ltr'>palatii</span> <span class='ocrx_word' id='word_1_222' title='bbox 744 2461 890 2499; x_wconf 86' lang='lat' dir='ltr'>spectare</span> <span class='ocrx_word' id='word_1_223' title='bbox 910 2467 957 2488; x_wconf 83' lang='lat' dir='ltr'>vo-</span> 
     </span>
     <span class='ocr_line' id='line_1_44' title="bbox 225 2507 956 2542; baseline 0.003 -2"><span class='ocrx_word' id='word_1_224' title='bbox 225 2507 330 2540; x_wconf 88' lang='lat' dir='ltr'>lumus</span> <span class='ocrx_word' id='word_1_225' title='bbox 355 2518 462 2540; x_wconf 84' lang='lat' dir='ltr'>euram</span> <span class='ocrx_word' id='word_1_226' title='bbox 489 2509 675 2541; x_wconf 84' lang='lat' dir='ltr'>asservandi</span> <span class='ocrx_word' id='word_1_227' title='bbox 697 2520 733 2541; x_wconf 89' lang='lat' dir='ltr'>ac</span> <span class='ocrx_word' id='word_1_228' title='bbox 753 2509 956 2542; x_wconf 86' lang='lat' dir='ltr'>custodiendi</span> 
     </span>
     <span class='ocr_line' id='line_1_45' title="bbox 224 2560 958 2605; baseline 0.003 -11"><span class='ocrx_word' id='word_1_229' title='bbox 224 2560 408 2604; x_wconf 82' lang='lat' dir='ltr'>pontificios</span> <span class='ocrx_word' id='word_1_230' title='bbox 444 2562 601 2602; x_wconf 88' lang='lat' dir='ltr'>annulos,</span> <span class='ocrx_word' id='word_1_231' title='bbox 635 2562 791 2605; x_wconf 89' lang='lat' dir='ltr'>illamque</span> <span class='ocrx_word' id='word_1_232' title='bbox 818 2564 958 2605; x_wconf 87' lang='lat' dir='ltr'>supelle-</span> 
     </span>
     <span class='ocr_line' id='line_1_46' title="bbox 224 2613 957 2658; baseline 0.004 -12"><span class='ocrx_word' id='word_1_233' title='bbox 224 2613 334 2647; x_wconf 87' lang='lat' dir='ltr'>ctilem</span> <span class='ocrx_word' id='word_1_234' title='bbox 358 2621 553 2657; x_wconf 80' lang='lat' dir='ltr'>argenteam,</span> <span class='ocrx_word' id='word_1_235' title='bbox 576 2625 656 2658; x_wconf 90' lang='lat' dir='ltr'>quae</span> <span class='ocrx_word' id='word_1_236' title='bbox 675 2625 733 2658; x_wconf 90' lang='lat' dir='ltr'>pro</span> <span class='ocrx_word' id='word_1_237' title='bbox 757 2615 861 2648; x_wconf 78' lang='lat' dir='ltr'>futuro</span> <span class='ocrx_word' id='word_1_238' title='bbox 879 2616 957 2649; x_wconf 89' lang='lat' dir='ltr'>Pon-</span> 
     </span>
    </p>
   </div>
   <div class='ocr_carea' id='block_1_8' title="bbox 217 2666 862 2712">
    <p class='ocr_par' dir='ltr' id='par_1_8' title="bbox 217 2666 862 2712">
     <span class='ocr_line' id='line_1_47' title="bbox 217 2666 862 2712; baseline -0.003 -8"><span class='ocrx_word' id='word_1_239' title='bbox 217 2666 309 2704; x_wconf 73' lang='lat' dir='ltr'>‚tifice</span> <span class='ocrx_word' id='word_1_240' title='bbox 334 2668 519 2702; x_wconf 87' lang='lat' dir='ltr'>concinnari</span> <span class='ocrx_word' id='word_1_241' title='bbox 545 2672 577 2702; x_wconf 87' lang='lat' dir='ltr'>ct</span> <span class='ocrx_word' id='word_1_242' title='bbox 601 2668 704 2712; x_wconf 86' lang='lat' dir='ltr'>aptari</span> <span class='ocrx_word' id='word_1_243' title='bbox 730 2668 862 2702; x_wconf 84' lang='lat' dir='ltr'>debent.</span> 
     </span>
    </p>
   </div>
   <div class='ocr_carea' id='block_1_9' title="bbox 976 742 1807 834">
    <p class='ocr_par' dir='ltr' id='par_1_9' title="bbox 976 742 1807 834">
     <span class='ocr_line' id='line_1_48' title="bbox 976 742 1807 785; baseline 0.001 -11"><span class='ocrx_word' id='word_1_244' title='bbox 976 742 1202 775; x_wconf 56' lang='lat' dir='ltr'>=lnnocentius</span> <span class='ocrx_word' id='word_1_245' title='bbox 1230 742 1314 785; x_wconf 86' lang='lat' dir='ltr'>Papa</span> <span class='ocrx_word' id='word_1_246' title='bbox 1339 743 1389 775; x_wconf 72' lang='grc' dir='ltr'>ΧΠ</span> <span class='ocrx_word' id='word_1_247' title='bbox 1417 743 1649 785; x_wconf 73' lang='lat' dir='ltr'>praedecessor</span> <span class='ocrx_word' id='word_1_248' title='bbox 1679 755 1807 777; x_wconf 59' lang='lat' dir='ltr'>iio-veni..</span> 
     </span>
     <span class='ocr_line' id='line_1_49' title="bbox 976 790 1789 834; baseline 0.002 -8"><span class='ocrx_word' id='word_1_249' title='bbox 976 792 1074 834; x_wconf 62' lang='lat' dir='ltr'>³ster,</span> <span class='ocrx_word' id='word_1_250' title='bbox 1112 795 1185 828; x_wconf 89' lang='lat' dir='ltr'>dum</span> <span class='ocrx_word' id='word_1_251' title='bbox 1222 796 1428 828; x_wconf 82' lang='lat' dir='ltr'>venalitatem</span> <span class='ocrx_word' id='word_1_252' title='bbox 1460 796 1640 828; x_wconf 63' lang='lat' dir='ltr'>orat-iorum</span> <span class='ocrx_word' id='word_1_253' title='bbox 1666 790 1789 829; x_wconf 50' lang='lat' dir='ltr'>cau-lla</span> 
     </span>
    </p>
   </div>
   <div class='ocr_carea' id='block_1_10' title="bbox 976 893 1849 936">
    <p class='ocr_par' dir='ltr' id='par_1_10' title="bbox 976 893 1849 936">
     <span class='ocr_line' id='line_1_50' title="bbox 976 893 1849 936; baseline 0.003 -3"><span class='ocrx_word' id='word_1_254' title='bbox 976 913 977 920; x_wconf 59' lang='lat'>¹</span> <span class='ocrx_word' id='word_1_255' title='bbox 999 901 1113 934; x_wconf 84' lang='lat' dir='ltr'>diteris</span> <span class='ocrx_word' id='word_1_256' title='bbox 1138 912 1172 934; x_wconf 90' lang='lat' dir='ltr'>ac</span> <span class='ocrx_word' id='word_1_257' title='bbox 1197 902 1339 934; x_wconf 89' lang='lat' dir='ltr'>eiusdem</span> <span class='ocrx_word' id='word_1_258' title='bbox 1361 901 1512 935; x_wconf 77' lang='lat' dir='ltr'>Gamerae</span> <span class='ocrx_word' id='word_1_259' title='bbox 1540 903 1732 935; x_wconf 81' lang='lat' dir='ltr'>thesaurarii</span> <span class='ocrx_word' id='word_1_260' title='bbox 1746 893 1849 936; x_wconf 52' lang='lat' dir='ltr'>i&#39;tisasstiiis.</span> 
     </span>
    </p>
   </div>
   <div class='ocr_carea' id='block_1_11' title="bbox 973 346 984 2705">
    <p class='ocr_par' dir='ltr' id='par_1_11' title="bbox 973 346 984 2705">
     <span class='ocr_line' id='line_1_51' title="bbox 973 346 984 2705; baseline 0 0"><span class='ocrx_word' id='word_1_261' title='bbox 973 346 984 2705; x_wconf 95' lang='lat' dir='ltr'> </span> 
     </span>
    </p>
   </div>
   <div class='ocr_carea' id='block_1_12' title="bbox 998 258 1926 736">
    <p class='ocr_par' dir='ltr' id='par_1_12' title="bbox 998 258 1926 677">
     <span class='ocr_line' id='line_1_52' title="bbox 1625 258 1921 294; baseline 0.007 -2"><span class='ocrx_word' id='word_1_262' title='bbox 1625 258 1685 292; x_wconf 71' lang='lat'>451</span> <span class='ocrx_word' id='word_1_263' title='bbox 1736 265 1833 292; x_wconf 54' lang='lat' dir='ltr'>Aac.</span> <span class='ocrx_word' id='word_1_264' title='bbox 1857 267 1921 294; x_wconf 72' lang='lat'>¹732</span> 
     </span>
     <span class='ocr_line' id='line_1_53' title="bbox 1041 316 1923 360; baseline 0 -11"><span class='ocrx_word' id='word_1_265' title='bbox 1041 317 1056 359; x_wconf 73' lang='grc' dir='ltr'>ξ</span> <span class='ocrx_word' id='word_1_266' title='bbox 1080 317 1131 349; x_wconf 67' lang='grc'>29.</span> <span class='ocrx_word' id='word_1_267' title='bbox 1156 316 1299 350; x_wconf 86' lang='lat' dir='ltr'>Officium</span> <span class='ocrx_word' id='word_1_268' title='bbox 1320 317 1395 350; x_wconf 90' lang='lat' dir='ltr'>item</span> <span class='ocrx_word' id='word_1_269' title='bbox 1417 317 1559 350; x_wconf 87' lang='lat' dir='ltr'>custodis</span> <span class='ocrx_word' id='word_1_270' title='bbox 1578 317 1728 356; x_wconf 79' lang='lat' dir='ltr'>sontium,</span> <span class='ocrx_word' id='word_1_271' title='bbox 1793 329 1923 360; x_wconf 46' lang='lat' dir='ltr'>extinguatur</span> 
     </span>
     <span class='ocr_line' id='line_1_54' title="bbox 998 356 1926 413; baseline 0.003 -13"><span class='ocrx_word' id='word_1_272' title='bbox 998 369 1051 411; x_wconf 90' lang='lat' dir='ltr'>qui</span> <span class='ocrx_word' id='word_1_273' title='bbox 1087 370 1117 401; x_wconf 93' lang='lat' dir='ltr'>in</span> <span class='ocrx_word' id='word_1_274' title='bbox 1150 372 1302 403; x_wconf 86' lang='lat' dir='ltr'>conclave</span> <span class='ocrx_word' id='word_1_275' title='bbox 1336 371 1586 410; x_wconf 81' lang='lat' dir='ltr'>demandantur,</span> <span class='ocrx_word' id='word_1_276' title='bbox 1619 356 1926 413; x_wconf 49' lang='lat' dir='ltr'>utpoteffiississfisss’sffl&#39;t&#39;a&#39;ifff</span> 
     </span>
     <span class='ocr_line' id='line_1_55' title="bbox 998 413 1802 467; baseline 0.001 -14"><span class='ocrx_word' id='word_1_277' title='bbox 998 432 1283 464; x_wconf 84' lang='lat' dir='ltr'>supervacaneum,</span> <span class='ocrx_word' id='word_1_278' title='bbox 1309 431 1466 467; x_wconf 79' lang='lat' dir='ltr'>perpetuo</span> <span class='ocrx_word' id='word_1_279' title='bbox 1492 413 1802 467; x_wconf 75' lang='lat' dir='ltr'>suppi·imimue,¹&#39;¹¹¹¹’&#39;</span> 
     </span>
     <span class='ocr_line' id='line_1_56' title="bbox 999 475 1732 518; baseline 0.003 -11"><span class='ocrx_word' id='word_1_280' title='bbox 999 475 1213 518; x_wconf 60' lang='lat' dir='ltr'>extinguimus</span> <span class='ocrx_word' id='word_1_281' title='bbox 1232 483 1262 509; x_wconf 92' lang='lat' dir='ltr'>et</span> <span class='ocrx_word' id='word_1_282' title='bbox 1280 478 1454 516; x_wconf 78' lang='lat' dir='ltr'>abolemus,</span> <span class='ocrx_word' id='word_1_283' title='bbox 1474 477 1641 510; x_wconf 84' lang='lat' dir='ltr'>memorati</span> <span class='ocrx_word' id='word_1_284' title='bbox 1659 477 1732 510; x_wconf 83' lang='lat' dir='ltr'>Gre-</span> 
     </span>
     <span class='ocr_line' id='line_1_57' title="bbox 999 528 1732 573; baseline 0.004 -13"><span class='ocrx_word' id='word_1_285' title='bbox 999 528 1079 570; x_wconf 73' lang='lat' dir='ltr'>gorii</span> <span class='ocrx_word' id='word_1_286' title='bbox 1120 529 1169 560; x_wconf 77' lang='lat' dir='ltr'>XV</span> <span class='ocrx_word' id='word_1_287' title='bbox 1210 530 1411 572; x_wconf 87' lang='lat' dir='ltr'>aliorumque</span> <span class='ocrx_word' id='word_1_288' title='bbox 1447 531 1732 573; x_wconf 65' lang='lat' dir='ltr'>praedecessorum</span> 
     </span>
     <span class='ocr_line' id='line_1_58' title="bbox 998 582 1733 627; baseline 0.005 -14"><span class='ocrx_word' id='word_1_289' title='bbox 998 582 1169 614; x_wconf 86' lang='lat' dir='ltr'>contrariis</span> <span class='ocrx_word' id='word_1_290' title='bbox 1189 582 1454 625; x_wconf 79' lang='lat' dir='ltr'>dIspositionibus</span> <span class='ocrx_word' id='word_1_291' title='bbox 1470 583 1667 627; x_wconf 72' lang='lat' dir='ltr'>amplissime</span> <span class='ocrx_word' id='word_1_292' title='bbox 1683 584 1733 617; x_wconf 88' lang='lat' dir='ltr'>de-</span> 
     </span>
     <span class='ocr_line' id='line_1_59' title="bbox 999 641 1160 677; baseline 0.006 -10"><span class='ocrx_word' id='word_1_293' title='bbox 999 641 1160 677; x_wconf 81' lang='lat' dir='ltr'>rogantes.</span> 
     </span>
    </p>

    <p class='ocr_par' dir='ltr' id='par_1_13' title="bbox 1043 688 1926 736">
     <span class='ocr_line' id='line_1_60' title="bbox 1043 688 1926 736; baseline 0.002 -15"><span class='ocrx_word' id='word_1_294' title='bbox 1043 688 1057 731; x_wconf 75' lang='lat'>§</span> <span class='ocrx_word' id='word_1_295' title='bbox 1083 688 1135 721; x_wconf 75' lang='lat'>⁶23.</span> <span class='ocrx_word' id='word_1_296' title='bbox 1164 688 1304 732; x_wconf 85' lang='lat' dir='ltr'>Cumque</span> <span class='ocrx_word' id='word_1_297' title='bbox 1335 689 1526 722; x_wconf 83' lang='lat' dir='ltr'>recolendae</span> <span class='ocrx_word' id='word_1_298' title='bbox 1559 691 1731 723; x_wconf 88' lang='lat' dir='ltr'>memoriae</span> <span class='ocrx_word' id='word_1_299' title='bbox 1762 702 1926 736; x_wconf 17' lang='lat' dir='ltr'>veonnrmmmr</span> 
     </span>
    </p>
   </div>
   <div class='ocr_carea' id='block_1_13' title="bbox 1745 729 1927 776">
    <p class='ocr_par' dir='ltr' id='par_1_14' title="bbox 1745 729 1927 776">
     <span class='ocr_line' id='line_1_61' title="bbox 1745 729 1927 749; baseline -0.005 0"><span class='ocrx_word' id='word_1_300' title='bbox 1745 729 1814 749; x_wconf 64' lang='lat' dir='ltr'>iidem</span> <span class='ocrx_word' id='word_1_301' title='bbox 1867 730 1872 749; x_wconf 85' lang='lat' dir='ltr'>l</span> <span class='ocrx_word' id='word_1_302' title='bbox 1890 736 1927 748; x_wconf 77' lang='lat' dir='ltr'>ne-</span> 
     </span>
     <span class='ocr_line' id='line_1_62' title="bbox 1901 756 1926 776; baseline 0.12 -3"><span class='ocrx_word' id='word_1_303' title='bbox 1901 756 1926 776; x_wconf 62' lang='lat' dir='ltr'>ile</span> 
     </span>
    </p>
   </div>
   <div class='ocr_carea' id='block_1_14' title="bbox 1767 789 1778 802">
    <p class='ocr_par' dir='ltr' id='par_1_15' title="bbox 1767 789 1778 802">
     <span class='ocr_line' id='line_1_63' title="bbox 1767 789 1778 802; baseline 0.182 -2"><span class='ocrx_word' id='word_1_304' title='bbox 1767 789 1778 802; x_wconf 75' lang='lat' dir='ltr'>ii</span> 
     </span>
    </p>
   </div>
   <div class='ocr_carea' id='block_1_15' title="bbox 1789 791 1890 842">
    <p class='ocr_par' dir='ltr' id='par_1_16' title="bbox 1789 791 1890 842">
     <span class='ocr_line' id='line_1_64' title="bbox 1789 791 1890 842; baseline 0 0"><span class='ocrx_word' id='word_1_305' title='bbox 1789 791 1890 842; x_wconf 95' lang='lat' dir='ltr'>  </span> 
     </span>
    </p>
   </div>
   <div class='ocr_carea' id='block_1_16' title="bbox 997 842 1926 1964">
    <p class='ocr_par' dir='ltr' id='par_1_17' title="bbox 997 842 1926 1964">
     <span class='ocr_line' id='line_1_65' title="bbox 999 842 1926 909; baseline 0.002 -30"><span class='ocrx_word' id='word_1_306' title='bbox 999 859 1105 880; x_wconf 85' lang='lat' dir='ltr'>sarum</span> <span class='ocrx_word' id='word_1_307' title='bbox 1131 849 1237 880; x_wconf 86' lang='lat' dir='ltr'>curiae</span> <span class='ocrx_word' id='word_1_308' title='bbox 1269 848 1421 881; x_wconf 82' lang='lat' dir='ltr'>Gamerae</span> <span class='ocrx_word' id='word_1_309' title='bbox 1447 849 1652 891; x_wconf 76' lang='lat' dir='ltr'>Apostolicae</span> <span class='ocrx_word' id='word_1_310' title='bbox 1680 842 1857 908; x_wconf 45' lang='lat' dir='ltr'>ati-{iss&#39;r&#39;ffil&#39;lt’ffi</span> <span class='ocrx_word' id='word_1_311' title='bbox 1906 879 1926 909; x_wconf 62' lang='grc' dir='ltr'>ο,</span> 
     </span>
     <span class='ocr_line' id='line_1_66' title="bbox 1871 896 1926 909; baseline 0 -2"><span class='ocrx_word' id='word_1_312' title='bbox 1871 896 1902 909; x_wconf 56' lang='grc' dir='ltr'>ω</span> <span class='ocrx_word' id='word_1_313' title='bbox 1920 901 1926 904; x_wconf 97' lang='grc'>.</span> 
     </span>
     <span class='ocr_line' id='line_1_67' title="bbox 1000 955 1736 999; baseline 0.003 -12"><span class='ocrx_word' id='word_1_314' title='bbox 1000 955 1212 997; x_wconf 79' lang='lat' dir='ltr'>generalium,</span> <span class='ocrx_word' id='word_1_315' title='bbox 1238 961 1333 998; x_wconf 84' lang='lat' dir='ltr'>atque</span> <span class='ocrx_word' id='word_1_316' title='bbox 1352 956 1523 988; x_wconf 83' lang='lat' dir='ltr'>duodecim</span> <span class='ocrx_word' id='word_1_317' title='bbox 1551 956 1736 999; x_wconf 77' lang='lat' dir='ltr'>praeSIden-</span> 
     </span>
     <span class='ocr_line' id='line_1_68' title="bbox 1000 1008 1735 1052; baseline 0.003 -12"><span class='ocrx_word' id='word_1_318' title='bbox 1000 1008 1076 1040; x_wconf 88' lang='lat' dir='ltr'>tium</span> <span class='ocrx_word' id='word_1_319' title='bbox 1102 1008 1292 1041; x_wconf 88' lang='lat' dir='ltr'>clericorum</span> <span class='ocrx_word' id='word_1_320' title='bbox 1312 1012 1342 1042; x_wconf 83' lang='lat' dir='ltr'>et</span> <span class='ocrx_word' id='word_1_321' title='bbox 1369 1008 1462 1041; x_wconf 86' lang='lat' dir='ltr'>unius</span> <span class='ocrx_word' id='word_1_322' title='bbox 1488 1009 1643 1052; x_wconf 87' lang='lat' dir='ltr'>praesidis</span> <span class='ocrx_word' id='word_1_323' title='bbox 1667 1019 1735 1042; x_wconf 83' lang='lat' dir='ltr'>sus-</span> 
     </span>
     <span class='ocr_line' id='line_1_69' title="bbox 999 1062 1733 1104; baseline 0.001 -10"><span class='ocrx_word' id='word_1_324' title='bbox 999 1062 1084 1101; x_wconf 88' lang='lat' dir='ltr'>tulit,</span> <span class='ocrx_word' id='word_1_325' title='bbox 1105 1062 1212 1095; x_wconf 85' lang='lat' dir='ltr'>onmia</span> <span class='ocrx_word' id='word_1_326' title='bbox 1230 1067 1261 1095; x_wconf 93' lang='lat' dir='ltr'>et</span> <span class='ocrx_word' id='word_1_327' title='bbox 1278 1062 1404 1104; x_wconf 80' lang='lat' dir='ltr'>singula</span> <span class='ocrx_word' id='word_1_328' title='bbox 1422 1063 1651 1101; x_wconf 86' lang='lat' dir='ltr'>emolumenta,</span> <span class='ocrx_word' id='word_1_329' title='bbox 1669 1067 1733 1095; x_wconf 83' lang='lat' dir='ltr'>tam</span> 
     </span>
     <span class='ocr_line' id='line_1_70' title="bbox 999 1116 1733 1159; baseline 0 -10"><span class='ocrx_word' id='word_1_330' title='bbox 999 1116 1159 1149; x_wconf 85' lang='lat' dir='ltr'>ordinaria</span> <span class='ocrx_word' id='word_1_331' title='bbox 1195 1127 1290 1159; x_wconf 86' lang='lat' dir='ltr'>quam</span> <span class='ocrx_word' id='word_1_332' title='bbox 1327 1116 1602 1155; x_wconf 75' lang='lat' dir='ltr'>extraordinaria,</span> <span class='ocrx_word' id='word_1_333' title='bbox 1643 1117 1733 1156; x_wconf 89' lang='lat' dir='ltr'>iura,</span> 
     </span>
     <span class='ocr_line' id='line_1_71' title="bbox 999 1169 1734 1212; baseline -0.001 -10"><span class='ocrx_word' id='word_1_334' title='bbox 999 1169 1091 1207; x_wconf 83' lang='lat' dir='ltr'>bona,</span> <span class='ocrx_word' id='word_1_335' title='bbox 1118 1169 1344 1209; x_wconf 82' lang='lat' dir='ltr'>obventiones,</span> <span class='ocrx_word' id='word_1_336' title='bbox 1378 1169 1505 1208; x_wconf 77' lang='lat' dir='ltr'>iocalia,</span> <span class='ocrx_word' id='word_1_337' title='bbox 1545 1169 1666 1212; x_wconf 80' lang='lat' dir='ltr'>regalia</span> <span class='ocrx_word' id='word_1_338' title='bbox 1702 1174 1734 1201; x_wconf 84' lang='lat' dir='ltr'>et</span> 
     </span>
     <span class='ocr_line' id='line_1_72' title="bbox 998 1223 1733 1266; baseline -0.001 -10"><span class='ocrx_word' id='word_1_339' title='bbox 998 1223 1079 1256; x_wconf 90' lang='lat' dir='ltr'>alios</span> <span class='ocrx_word' id='word_1_340' title='bbox 1099 1223 1262 1266; x_wconf 90' lang='lat' dir='ltr'>quoslibet</span> <span class='ocrx_word' id='word_1_341' title='bbox 1287 1229 1462 1266; x_wconf 86' lang='lat' dir='ltr'>proventus</span> <span class='ocrx_word' id='word_1_342' title='bbox 1488 1228 1594 1256; x_wconf 86' lang='lat' dir='ltr'>certos</span> <span class='ocrx_word' id='word_1_343' title='bbox 1630 1229 1661 1256; x_wconf 88' lang='lat' dir='ltr'>et</span> <span class='ocrx_word' id='word_1_344' title='bbox 1685 1223 1733 1255; x_wconf 88' lang='lat' dir='ltr'>in-</span> 
     </span>
     <span class='ocr_line' id='line_1_73' title="bbox 997 1276 1732 1321; baseline -0.001 -12"><span class='ocrx_word' id='word_1_345' title='bbox 997 1282 1111 1316; x_wconf 89' lang='lat' dir='ltr'>certos,</span> <span class='ocrx_word' id='word_1_346' title='bbox 1138 1287 1220 1321; x_wconf 89' lang='lat' dir='ltr'>quae</span> <span class='ocrx_word' id='word_1_347' title='bbox 1241 1276 1322 1310; x_wconf 86' lang='lat' dir='ltr'>Sede</span> <span class='ocrx_word' id='word_1_348' title='bbox 1347 1277 1444 1320; x_wconf 84' lang='lat' dir='ltr'>plena</span> <span class='ocrx_word' id='word_1_349' title='bbox 1470 1277 1518 1309; x_wconf 83' lang='lat' dir='ltr'>vel</span> <span class='ocrx_word' id='word_1_350' title='bbox 1545 1283 1675 1310; x_wconf 88' lang='lat' dir='ltr'>vacante</span> <span class='ocrx_word' id='word_1_351' title='bbox 1702 1277 1732 1309; x_wconf 92' lang='lat' dir='ltr'>in</span> 
     </span>
     <span class='ocr_line' id='line_1_74' title="bbox 998 1330 1732 1374; baseline -0.001 -11"><span class='ocrx_word' id='word_1_352' title='bbox 998 1330 1295 1373; x_wconf 79' lang='lat' dir='ltr'>compensationem</span> <span class='ocrx_word' id='word_1_353' title='bbox 1315 1330 1409 1373; x_wconf 86' lang='lat' dir='ltr'>pretii</span> <span class='ocrx_word' id='word_1_354' title='bbox 1430 1330 1583 1374; x_wconf 88' lang='lat' dir='ltr'>persoluti</span> <span class='ocrx_word' id='word_1_355' title='bbox 1610 1330 1732 1363; x_wconf 85' lang='lat' dir='ltr'>eisdem</span> 
     </span>
     <span class='ocr_line' id='line_1_75' title="bbox 998 1383 1731 1422; baseline 0 -7"><span class='ocrx_word' id='word_1_356' title='bbox 998 1384 1185 1416; x_wconf 80' lang='lat' dir='ltr'>officialibus</span> <span class='ocrx_word' id='word_1_357' title='bbox 1220 1383 1421 1416; x_wconf 84' lang='lat' dir='ltr'>debebantur</span> <span class='ocrx_word' id='word_1_358' title='bbox 1445 1390 1476 1417; x_wconf 86' lang='lat' dir='ltr'>et</span> <span class='ocrx_word' id='word_1_359' title='bbox 1512 1384 1731 1422; x_wconf 84' lang='lat' dir='ltr'>solvebantur,</span> 
     </span>
     <span class='ocr_line' id='line_1_76' title="bbox 998 1437 1733 1480; baseline -0.001 -10"><span class='ocrx_word' id='word_1_360' title='bbox 998 1437 1125 1480; x_wconf 84' lang='lat' dir='ltr'>penitus</span> <span class='ocrx_word' id='word_1_361' title='bbox 1150 1447 1274 1470; x_wconf 89' lang='lat' dir='ltr'>cessare</span> <span class='ocrx_word' id='word_1_362' title='bbox 1313 1437 1502 1477; x_wconf 86' lang='lat' dir='ltr'>decreverit;</span> <span class='ocrx_word' id='word_1_363' title='bbox 1529 1448 1564 1469; x_wconf 90' lang='lat' dir='ltr'>ac</span> <span class='ocrx_word' id='word_1_364' title='bbox 1590 1443 1651 1469; x_wconf 87' lang='lat' dir='ltr'>tam</span> <span class='ocrx_word' id='word_1_365' title='bbox 1678 1437 1733 1469; x_wconf 83' lang='lat' dir='ltr'>illa</span> 
     </span>
     <span class='ocr_line' id='line_1_77' title="bbox 998 1490 1732 1535; baseline 0.001 -12"><span class='ocrx_word' id='word_1_366' title='bbox 998 1502 1092 1535; x_wconf 81' lang='lat' dir='ltr'>quam</span> <span class='ocrx_word' id='word_1_367' title='bbox 1117 1492 1253 1524; x_wconf 86' lang='lat' dir='ltr'>subinde</span> <span class='ocrx_word' id='word_1_368' title='bbox 1271 1491 1430 1530; x_wconf 86' lang='lat' dir='ltr'>universa,</span> <span class='ocrx_word' id='word_1_369' title='bbox 1457 1502 1538 1534; x_wconf 84' lang='lat' dir='ltr'>quae</span> <span class='ocrx_word' id='word_1_370' title='bbox 1557 1490 1732 1524; x_wconf 82' lang='lat' dir='ltr'>cardinalis</span> 
     </span>
     <span class='ocr_line' id='line_1_78' title="bbox 997 1545 1732 1588; baseline -0.004 -10"><span class='ocrx_word' id='word_1_371' title='bbox 997 1547 1190 1579; x_wconf 85' lang='lat' dir='ltr'>camerarius</span> <span class='ocrx_word' id='word_1_372' title='bbox 1214 1545 1362 1578; x_wconf 89' lang='lat' dir='ltr'>similiter</span> <span class='ocrx_word' id='word_1_373' title='bbox 1386 1545 1468 1578; x_wconf 88' lang='lat' dir='ltr'>Sede</span> <span class='ocrx_word' id='word_1_374' title='bbox 1494 1545 1587 1588; x_wconf 79' lang='lat' dir='ltr'>plena</span> <span class='ocrx_word' id='word_1_375' title='bbox 1608 1550 1662 1577; x_wconf 91' lang='lat' dir='ltr'>ant</span> <span class='ocrx_word' id='word_1_376' title='bbox 1681 1555 1732 1576; x_wconf 84' lang='lat' dir='ltr'>va-</span> 
     </span>
     <span class='ocr_line' id='line_1_79' title="bbox 998 1598 1733 1643; baseline -0.003 -11"><span class='ocrx_word' id='word_1_377' title='bbox 998 1605 1089 1632; x_wconf 88' lang='lat' dir='ltr'>cante</span> <span class='ocrx_word' id='word_1_378' title='bbox 1122 1599 1289 1643; x_wconf 86' lang='lat' dir='ltr'>percipere</span> <span class='ocrx_word' id='word_1_379' title='bbox 1325 1604 1554 1638; x_wconf 84' lang='lat' dir='ltr'>eonsueverat‚</span> <span class='ocrx_word' id='word_1_380' title='bbox 1590 1598 1733 1641; x_wconf 69' lang='lat' dir='ltr'>exceptis</span> 
     </span>
     <span class='ocr_line' id='line_1_80' title="bbox 1000 1651 1736 1696; baseline -0.003 -10"><span class='ocrx_word' id='word_1_381' title='bbox 1000 1653 1161 1686; x_wconf 78' lang='lat' dir='ltr'>dumtaxat</span> <span class='ocrx_word' id='word_1_382' title='bbox 1184 1652 1448 1696; x_wconf 85' lang='lat' dir='ltr'>provenientibus</span> <span class='ocrx_word' id='word_1_383' title='bbox 1476 1663 1511 1685; x_wconf 85' lang='lat' dir='ltr'>ex</span> <span class='ocrx_word' id='word_1_384' title='bbox 1546 1651 1654 1694; x_wconf 76' lang='lat' dir='ltr'>sigillo</span> <span class='ocrx_word' id='word_1_385' title='bbox 1693 1651 1736 1684; x_wconf 81' lang='lat' dir='ltr'>of-</span> 
     </span>
     <span class='ocr_line' id='line_1_81' title="bbox 999 1706 1735 1750; baseline 0 -12"><span class='ocrx_word' id='word_1_386' title='bbox 999 1706 1061 1740; x_wconf 82' lang='lat' dir='ltr'>ficii</span> <span class='ocrx_word' id='word_1_387' title='bbox 1088 1707 1326 1746; x_wconf 79' lang='lat' dir='ltr'>camerariatus,</span> <span class='ocrx_word' id='word_1_388' title='bbox 1346 1717 1426 1750; x_wconf 88' lang='lat' dir='ltr'>quae</span> <span class='ocrx_word' id='word_1_389' title='bbox 1453 1706 1576 1739; x_wconf 88' lang='lat' dir='ltr'>scilicet</span> <span class='ocrx_word' id='word_1_390' title='bbox 1601 1706 1660 1749; x_wconf 87' lang='lat' dir='ltr'>ipsi</span> <span class='ocrx_word' id='word_1_391' title='bbox 1686 1716 1735 1738; x_wconf 90' lang='lat' dir='ltr'>ca-</span> 
     </span>
     <span class='ocr_line' id='line_1_82' title="bbox 1001 1759 1734 1803; baseline -0.003 -10"><span class='ocrx_word' id='word_1_392' title='bbox 1001 1760 1136 1793; x_wconf 88' lang='lat' dir='ltr'>merario</span> <span class='ocrx_word' id='word_1_393' title='bbox 1172 1766 1347 1800; x_wconf 81' lang='lat' dir='ltr'>reservata,</span> <span class='ocrx_word' id='word_1_394' title='bbox 1372 1771 1407 1793; x_wconf 89' lang='lat' dir='ltr'>ac</span> <span class='ocrx_word' id='word_1_395' title='bbox 1432 1760 1626 1803; x_wconf 80' lang='lat' dir='ltr'>(piibusdam</span> <span class='ocrx_word' id='word_1_396' title='bbox 1664 1759 1734 1791; x_wconf 92' lang='lat' dir='ltr'>aliis</span> 
     </span>
     <span class='ocr_line' id='line_1_83' title="bbox 1000 1813 1734 1858; baseline -0.003 -11"><span class='ocrx_word' id='word_1_397' title='bbox 1000 1825 1081 1858; x_wconf 87' lang='lat' dir='ltr'>quae</span> <span class='ocrx_word' id='word_1_398' title='bbox 1103 1814 1250 1858; x_wconf 86' lang='lat' dir='ltr'>publicae</span> <span class='ocrx_word' id='word_1_399' title='bbox 1277 1814 1487 1848; x_wconf 88' lang='lat' dir='ltr'>aromatariae</span> <span class='ocrx_word' id='word_1_400' title='bbox 1512 1824 1568 1847; x_wconf 88' lang='lat' dir='ltr'>seu</span> <span class='ocrx_word' id='word_1_401' title='bbox 1594 1813 1734 1846; x_wconf 84' lang='lat' dir='ltr'>medica-</span> 
     </span>
     <span class='ocr_line' id='line_1_84' title="bbox 1000 1866 1734 1911; baseline -0.004 -10"><span class='ocrx_word' id='word_1_402' title='bbox 1000 1874 1185 1902; x_wconf 87' lang='lat' dir='ltr'>mentorum</span> <span class='ocrx_word' id='word_1_403' title='bbox 1212 1867 1359 1902; x_wconf 84' lang='lat' dir='ltr'>officinae</span> <span class='ocrx_word' id='word_1_404' title='bbox 1394 1879 1452 1911; x_wconf 90' lang='lat' dir='ltr'>pro</span> <span class='ocrx_word' id='word_1_405' title='bbox 1479 1866 1676 1911; x_wconf 87' lang='lat' dir='ltr'>pauperibus</span> <span class='ocrx_word' id='word_1_406' title='bbox 1702 1866 1734 1899; x_wconf 94' lang='lat' dir='ltr'>in</span> 
     </span>
     <span class='ocr_line' id='line_1_85' title="bbox 1000 1919 1734 1964; baseline -0.005 -9"><span class='ocrx_word' id='word_1_407' title='bbox 1000 1922 1085 1955; x_wconf 86' lang='lat' dir='ltr'>Urbe</span> <span class='ocrx_word' id='word_1_408' title='bbox 1118 1922 1285 1955; x_wconf 86' lang='lat' dir='ltr'>institutae</span> <span class='ocrx_word' id='word_1_409' title='bbox 1322 1922 1484 1964; x_wconf 77' lang='lat' dir='ltr'>assignata</span> <span class='ocrx_word' id='word_1_410' title='bbox 1510 1921 1647 1960; x_wconf 85' lang='lat' dir='ltr'>suerunt,</span> <span class='ocrx_word' id='word_1_411' title='bbox 1675 1919 1734 1963; x_wconf 85' lang='lat' dir='ltr'>ipsi</span> 
     </span>
    </p>
   </div>
   <div class='ocr_carea' id='block_1_17' title="bbox 977 1975 1736 2018">
    <p class='ocr_par' dir='ltr' id='par_1_18' title="bbox 977 1975 1736 2018">
     <span class='ocr_line' id='line_1_86' title="bbox 977 1975 1736 2018; baseline -0.004 -10"><span class='ocrx_word' id='word_1_412' title='bbox 977 2002 978 2008; x_wconf 69' lang='grc'>,</span> <span class='ocrx_word' id='word_1_413' title='bbox 1000 1975 1151 2009; x_wconf 84' lang='lat' dir='ltr'>Gamerae</span> <span class='ocrx_word' id='word_1_414' title='bbox 1171 1975 1375 2018; x_wconf 80' lang='lat' dir='ltr'>Apostolicae</span> <span class='ocrx_word' id='word_1_415' title='bbox 1394 1975 1591 2017; x_wconf 77' lang='lat' dir='ltr'>generaliter</span> <span class='ocrx_word' id='word_1_416' title='bbox 1609 1984 1645 2006; x_wconf 91' lang='lat' dir='ltr'>ac</span> <span class='ocrx_word' id='word_1_417' title='bbox 1663 1983 1736 2016; x_wconf 89' lang='lat' dir='ltr'>per-</span> 
     </span>
    </p>
   </div>
   <div class='ocr_carea' id='block_1_18' title="bbox 1001 2027 1738 2714">
    <p class='ocr_par' dir='ltr' id='par_1_19' title="bbox 1001 2027 1738 2714">
     <span class='ocr_line' id='line_1_87' title="bbox 1001 2027 1735 2073; baseline -0.004 -11"><span class='ocrx_word' id='word_1_418' title='bbox 1001 2034 1098 2073; x_wconf 87' lang='lat' dir='ltr'>petuo</span> <span class='ocrx_word' id='word_1_419' title='bbox 1125 2029 1312 2068; x_wconf 81' lang='lat' dir='ltr'>reuniverit,</span> <span class='ocrx_word' id='word_1_420' title='bbox 1339 2028 1547 2072; x_wconf 84' lang='lat' dir='ltr'>applicaverit</span> <span class='ocrx_word' id='word_1_421' title='bbox 1572 2033 1602 2060; x_wconf 90' lang='lat' dir='ltr'>ct</span> <span class='ocrx_word' id='word_1_422' title='bbox 1627 2027 1735 2060; x_wconf 88' lang='lat' dir='ltr'>incor-</span> 
     </span>
     <span class='ocr_line' id='line_1_88' title="bbox 1001 2080 1736 2125; baseline -0.003 -10"><span class='ocrx_word' id='word_1_423' title='bbox 1001 2082 1174 2125; x_wconf 86' lang='lat' dir='ltr'>poraverit,</span> <span class='ocrx_word' id='word_1_424' title='bbox 1201 2087 1300 2125; x_wconf 87' lang='lat' dir='ltr'>prout</span> <span class='ocrx_word' id='word_1_425' title='bbox 1326 2087 1453 2114; x_wconf 80' lang='lat' dir='ltr'>constat</span> <span class='ocrx_word' id='word_1_426' title='bbox 1478 2092 1513 2114; x_wconf 79' lang='lat' dir='ltr'>ex</span> <span class='ocrx_word' id='word_1_427' title='bbox 1539 2080 1624 2113; x_wconf 84' lang='lat' dir='ltr'>binis</span> <span class='ocrx_word' id='word_1_428' title='bbox 1650 2080 1736 2113; x_wconf 87' lang='lat' dir='ltr'>eius-</span> 
     </span>
     <span class='ocr_line' id='line_1_89' title="bbox 1002 2135 1737 2179; baseline -0.003 -11"><span class='ocrx_word' id='word_1_429' title='bbox 1002 2136 1074 2168; x_wconf 90' lang='lat' dir='ltr'>dem</span> <span class='ocrx_word' id='word_1_430' title='bbox 1100 2136 1279 2168; x_wconf 88' lang='lat' dir='ltr'>lnnocentii</span> <span class='ocrx_word' id='word_1_431' title='bbox 1306 2135 1569 2179; x_wconf 80' lang='lat' dir='ltr'>praedecessoris</span> <span class='ocrx_word' id='word_1_432' title='bbox 1596 2135 1737 2178; x_wconf 85' lang='lat' dir='ltr'>desuper</span> 
     </span>
     <span class='ocr_line' id='line_1_90' title="bbox 1001 2187 1738 2233; baseline -0.001 -12"><span class='ocrx_word' id='word_1_433' title='bbox 1001 2190 1060 2221; x_wconf 90' lang='lat' dir='ltr'>sub</span> <span class='ocrx_word' id='word_1_434' title='bbox 1086 2190 1221 2233; x_wconf 88' lang='lat' dir='ltr'>plumbo</span> <span class='ocrx_word' id='word_1_435' title='bbox 1247 2199 1331 2221; x_wconf 86' lang='lat' dir='ltr'>anno</span> <span class='ocrx_word' id='word_1_436' title='bbox 1352 2187 1584 2221; x_wconf 78' lang='lat' dir='ltr'>incarnationis</span> <span class='ocrx_word' id='word_1_437' title='bbox 1603 2188 1738 2220; x_wconf 90' lang='lat' dir='ltr'>domini-</span> 
     </span>
     <span class='ocr_line' id='line_1_91' title="bbox 1002 2241 1737 2281; baseline -0.003 -6"><span class='ocrx_word' id='word_1_438' title='bbox 1002 2253 1057 2276; x_wconf 87' lang='lat' dir='ltr'>cae</span> <span class='ocrx_word' id='word_1_439' title='bbox 1083 2252 1224 2281; x_wconf 64' lang='lat' dir='ltr'>nometi,</span> <span class='ocrx_word' id='word_1_440' title='bbox 1252 2253 1268 2274; x_wconf 83' lang='lat' dir='ltr'><strong>x</strong></span> <span class='ocrx_word' id='word_1_441' title='bbox 1295 2242 1448 2275; x_wconf 83' lang='lat' dir='ltr'>kalendas</span> <span class='ocrx_word' id='word_1_442' title='bbox 1481 2241 1678 2279; x_wconf 79' lang='lat' dir='ltr'>novembris,</span> <span class='ocrx_word' id='word_1_443' title='bbox 1706 2247 1737 2273; x_wconf 91' lang='lat' dir='ltr'>et</span> 
     </span>
     <span class='ocr_line' id='line_1_92' title="bbox 1002 2294 1737 2337; baseline -0.005 -8"><span class='ocrx_word' id='word_1_444' title='bbox 1002 2307 1086 2329; x_wconf 89' lang='lat' dir='ltr'>anno</span> <span class='ocrx_word' id='word_1_445' title='bbox 1112 2305 1286 2334; x_wconf 71' lang='lat' dir='ltr'>itincxcwn,</span> <span class='ocrx_word' id='word_1_446' title='bbox 1314 2305 1344 2328; x_wconf 82' lang='lat' dir='ltr'>iv</span> <span class='ocrx_word' id='word_1_447' title='bbox 1369 2295 1439 2327; x_wconf 86' lang='lat' dir='ltr'>idus</span> <span class='ocrx_word' id='word_1_448' title='bbox 1465 2294 1589 2336; x_wconf 74' lang='lat' dir='ltr'>angusti</span> <span class='ocrx_word' id='word_1_449' title='bbox 1610 2294 1737 2337; x_wconf 71' lang='lat' dir='ltr'>expedi-</span> 
     </span>
     <span class='ocr_line' id='line_1_93' title="bbox 1003 2347 1737 2392; baseline -0.003 -10"><span class='ocrx_word' id='word_1_450' title='bbox 1003 2350 1040 2383; x_wconf 88' lang='lat' dir='ltr'>tis</span> <span class='ocrx_word' id='word_1_451' title='bbox 1065 2350 1191 2389; x_wconf 76' lang='lat' dir='ltr'>litteris‚</span> <span class='ocrx_word' id='word_1_452' title='bbox 1212 2359 1345 2392; x_wconf 88' lang='lat' dir='ltr'>quarum</span> <span class='ocrx_word' id='word_1_453' title='bbox 1364 2354 1493 2381; x_wconf 81' lang='lat' dir='ltr'>tenores</span> <span class='ocrx_word' id='word_1_454' title='bbox 1513 2347 1737 2391; x_wconf 86' lang='lat' dir='ltr'>praesentibus</span> 
     </span>
     <span class='ocr_line' id='line_1_94' title="bbox 1002 2402 1737 2448; baseline -0.003 -13"><span class='ocrx_word' id='word_1_455' title='bbox 1002 2403 1124 2448; x_wconf 87' lang='lat' dir='ltr'>pariter</span> <span class='ocrx_word' id='word_1_456' title='bbox 1150 2413 1209 2446; x_wconf 91' lang='lat' dir='ltr'>pro</span> <span class='ocrx_word' id='word_1_457' title='bbox 1227 2404 1323 2445; x_wconf 83' lang='lat' dir='ltr'>plene</span> <span class='ocrx_word' id='word_1_458' title='bbox 1343 2407 1374 2434; x_wconf 91' lang='lat' dir='ltr'>et</span> <span class='ocrx_word' id='word_1_459' title='bbox 1391 2402 1588 2434; x_wconf 83' lang='lat' dir='ltr'>sufficienter</span> <span class='ocrx_word' id='word_1_460' title='bbox 1607 2412 1737 2443; x_wconf 84' lang='lat' dir='ltr'>expres—</span> 
     </span>
     <span class='ocr_line' id='line_1_95' title="bbox 1002 2455 1736 2498; baseline -0.001 -9"><span class='ocrx_word' id='word_1_461' title='bbox 1002 2457 1043 2490; x_wconf 89' lang='lat' dir='ltr'>sis</span> <span class='ocrx_word' id='word_1_462' title='bbox 1068 2461 1099 2490; x_wconf 83' lang='lat' dir='ltr'>et</span> <span class='ocrx_word' id='word_1_463' title='bbox 1124 2456 1252 2488; x_wconf 83' lang='lat' dir='ltr'>insertis</span> <span class='ocrx_word' id='word_1_464' title='bbox 1277 2455 1387 2488; x_wconf 87' lang='lat' dir='ltr'>haberi</span> <span class='ocrx_word' id='word_1_465' title='bbox 1406 2456 1575 2488; x_wconf 83' lang='lat' dir='ltr'>volumus:</span> <span class='ocrx_word' id='word_1_466' title='bbox 1599 2455 1736 2498; x_wconf 87' lang='lat' dir='ltr'>proinde</span> 
     </span>
     <span class='ocr_line' id='line_1_96' title="bbox 1003 2509 1738 2554; baseline -0.001 -10"><span class='ocrx_word' id='word_1_467' title='bbox 1003 2522 1078 2551; x_wconf 83' lang='lat' dir='ltr'>nOS,</span> <span class='ocrx_word' id='word_1_468' title='bbox 1104 2515 1294 2554; x_wconf 87' lang='lat' dir='ltr'>perpetuam</span> <span class='ocrx_word' id='word_1_469' title='bbox 1320 2510 1524 2543; x_wconf 76' lang='lat' dir='ltr'>reunionem:</span> <span class='ocrx_word' id='word_1_470' title='bbox 1549 2509 1738 2553; x_wconf 81' lang='lat' dir='ltr'>applicatio-</span> 
     </span>
     <span class='ocr_line' id='line_1_97' title="bbox 1002 2563 1738 2606; baseline -0.003 -8"><span class='ocrx_word' id='word_1_471' title='bbox 1002 2576 1074 2598; x_wconf 88' lang='lat' dir='ltr'>nem</span> <span class='ocrx_word' id='word_1_472' title='bbox 1101 2569 1132 2597; x_wconf 89' lang='lat' dir='ltr'>et</span> <span class='ocrx_word' id='word_1_473' title='bbox 1158 2564 1453 2606; x_wconf 85' lang='lat' dir='ltr'>incorporationem</span> <span class='ocrx_word' id='word_1_474' title='bbox 1481 2563 1662 2603; x_wconf 82' lang='lat' dir='ltr'>eiusmodi,</span> <span class='ocrx_word' id='word_1_475' title='bbox 1690 2563 1738 2597; x_wconf 91' lang='lat' dir='ltr'>di-</span> 
     </span>
     <span class='ocr_line' id='line_1_98' title="bbox 1003 2616 1738 2660; baseline -0.001 -10"><span class='ocrx_word' id='word_1_476' title='bbox 1003 2623 1132 2660; x_wconf 88' lang='lat' dir='ltr'>ctasque</span> <span class='ocrx_word' id='word_1_477' title='bbox 1154 2617 1329 2649; x_wconf 90' lang='lat' dir='ltr'>lnnoccntii</span> <span class='ocrx_word' id='word_1_478' title='bbox 1356 2616 1620 2660; x_wconf 87' lang='lat' dir='ltr'>praedecessoris</span> <span class='ocrx_word' id='word_1_479' title='bbox 1654 2617 1738 2649; x_wconf 87' lang='lat' dir='ltr'>litte-</span> 
     </span>
     <span class='ocr_line' id='line_1_99' title="bbox 1003 2670 1738 2714; baseline 0 -10"><span class='ocrx_word' id='word_1_480' title='bbox 1003 2681 1056 2704; x_wconf 87' lang='lat' dir='ltr'>ras</span> <span class='ocrx_word' id='word_1_481' title='bbox 1076 2671 1227 2704; x_wconf 87' lang='lat' dir='ltr'>similiter</span> <span class='ocrx_word' id='word_1_482' title='bbox 1243 2670 1488 2712; x_wconf 80' lang='lat' dir='ltr'>confirmantes,</span> <span class='ocrx_word' id='word_1_483' title='bbox 1517 2681 1561 2712; x_wconf 85' lang='lat' dir='ltr'>ac,</span> <span class='ocrx_word' id='word_1_484' title='bbox 1580 2676 1738 2714; x_wconf 85' lang='lat' dir='ltr'>quatenus</span> 
     </span>
    </p>
   </div>
  </div>
 </body>
</html>
