2182 3137
217 267 267 294 An.
284 266 314 295 c.
330 267 400 296 1734
446 258 510 292 566

257 434 320 455 Fun-s
344 437 399 455 trau·

216 467 353 488 sumptorum,

225 1820 307 1841 causae
322 1821 395 1841 liuius-

211 1854 234 1867 eu
257 1849 342 1873 petendi
359 1849 394 1868 itc-

211 1876 271 1895 ciett.

410 327 443 350 se
463 317 677 359 derogamus,
694 315 876 359 ceterisque
893 316 1062 349 contrariis
1080 316 1151 360 qui-

411 370 625 412 buscumque.

454 424 468 466 ξ
493 423 524 456 6.
554 422 704 456 Volumus
730 428 835 455 autem
860 427 895 455 ut
926 424 1149 466 praesentium

410 475 588 509 litterarum
615 475 834 519 transumptis,
854 476 950 508 etiam
976 476 1148 519 impressis,

409 540 503 562 manu
531 529 666 562 alicuius
700 529 817 562 notarii
854 529 976 572 publici
1013 530 1150 562 subscri-

408 582 482 625 ptis,
508 588 539 615 et
564 582 673 624 sigillo
699 592 857 625 personae
876 582 907 614 in
927 582 1149 615 ecclesiastiea

408 635 564 678 dignitate
604 635 796 668 constitutae
836 635 989 675 munitis,
1036 635 1148 668 eadent

408 699 541 731 prorsus
566 688 645 721 fides
677 689 709 721 in
735 689 856 721 iudicio
882 694 914 722 et
939 694 1028 721 extra
1060 688 1149 721 adbi-

408 742 533 782 beatur,
561 752 644 784 quae
664 741 742 785 ipsis
759 741 987 785 praesentibus
1013 741 1149 774 adbibe-

407 801 498 828 retur
522 795 548 828 si
575 796 682 828 forent
707 795 872 828 exhibitae
898 796 946 828 vel
968 800 1126 828 ostensae.

454 848 568 880 Datum
595 847 727 888 Itomae,
757 848 842 890 apud
869 847 900 880 S.
932 847 1061 880 Mariam
1088 847 1149 879 Ma-

407 901 532 941 iorem,
557 901 616 934 sub
642 902 763 934 annulo
791 901 983 940 piscatoris,
1021 901 1072 933 die
1098 910 1147 933 xtv

408 954 544 987 ianuarii
582 963 772 994 nnmxxxw,
809 953 1016 997 pontiticatus
1045 954 1146 986 nostri

407 1019 492 1041 anno
518 1018 560 1041 tv.

442 1069 500 1096 Dat.
522 1070 564 1097 die
588 1070 617 1096 tt
637 1069 752 1096 ianuarIi
775 1070 858 1104 ¹734,
880 1069 978 1105 pontis.
1000 1077 1072 1096 anno
1092 1075 1129 1096 lv.

757 1125 789 1158 F.
809 1126 897 1159 card.
917 1126 1100 1159 OLtVEutt's.

708 1277 839 1311 CXXIII.

406 1348 573 1381 MonacMs
589 1348 856 1391 Conqreqatz'onis
876 1347 1076 1382 Cassinensz's
1089 1346 1149 1380 Or-

450 1402 539 1434 dinis
562 1401 668 1434 sancti
686 1401 853 1434 Benedicti
876 1400 1086 1434 interdicitur
1102 1411 1149 1433 re-

449 1465 579 1488 currere
603 1454 645 1488 ad
669 1454 781 1488 Sedem*
805 1454 1036 1498 Apostolicam,
1062 1458 1149 1487 anle-

449 1519 548 1552 quam
565 1508 733 1541 vicinioris
744 1509 931 1551 provinciae
947 1508 1148 1540 visitatorem

449 1573 486 1595 ac
510 1572 585 1595 meac
607 1561 847 1606 praesidentem
871 1561 1049 1605 yencrnlenz
1073 1562 1149 1594 Con-

448 1616 651 1659 qreslalv'om's
675 1615 806 1649 adeant.

614 1696 750 1723 Clemens
771 1696 850 1729 Papa
870 1695 934 1729 XII,

547 1743 583 1768 ad
607 1741 742 1768 futuram
762 1740 806 1767 rei
828 1740 1011 1767 memoriam.

450 1813 464 1857 ἓ
490 1813 521 1846 t.
548 1813 672 1856 Exponi
699 1812 795 1845 nobis
821 1823 926 1856 nuper
959 1813 1034 1845 secit
1069 1812 1149 1846 dile-

405 1871 475 1899 ctus
500 1865 584 1899 silius
609 1871 804 1909 procurator
829 1865 991 1908 generalis
1006 1865 1148 1908 Congre-

405 1919 541 1962 gationis
559 1919 758 1952 Cassinensis
773 1918 903 1951 Ordinis
917 1919 948 1952 S.
968 1918 1146 1959 Benedicti,

405 1973 490 2016 quod
506 2000 513 2013 ,
540 1973 615 2006 licet
639 1984 656 2006 a
681 1973 785 2006 felicis
823 1973 1062 2006 recordationis
1087 1973 1148 2005 Eu-

404 2026 500 2069 genio
525 2026 578 2066 tV,
605 2026 765 2068 Gregorio
793 2025 857 2058 XIII
885 2030 918 2059 et
935 2025 1066 2059 Urbano
1081 2026 1147 2059 VIII

404 2079 557 2113 Romanis
583 2078 795 2112 Pontificibus
832 2079 1147 2122 praedecessoribus

404 2133 525 2166 nostris
544 2133 689 2167 districte
712 2133 843 2166 vetitum
866 2133 962 2166 suerit
980 2134 1148 2167 monacbis

405 2186 509 2219 dictae
535 2186 804 2229 Congrcgationis
843 2186 883 2219 ad
921 2186 1148 2230 quodcumque

406 2239 548 2273 tribunal
574 2239 829 2273 ecclesiasticum
845 2245 933 2272 extra
948 2239 1049 2283 ipsam
1068 2239 1148 2273 Con-

406 2293 629 2336 gregationem
655 2293 906 2337 quomodolibet
929 2304 1101 2327 recurrere
1117 2299 1148 2327 ct

405 2347 571 2390 appellare
588 2374 595 2387 ,
622 2352 719 2390 prout
743 2347 773 2380 in
802 2346 989 2380 eorumdem
1015 2347 1149 2390 praede-

406 2410 573 2433 cessorum
599 2399 887 2433 constitutionibus
907 2399 1049 2443 desuper
1067 2410 1148 2433 ema-

405 2452 488 2485 natis
507 2453 627 2486 diserte
646 2458 791 2495 cavetur,
810 2452 1034 2493 nihilominus,
1050 2453 1145 2486 sicuti

405 2506 607 2549 experientia
634 2512 839 2550 compertum
866 2511 935 2547 est,
960 2516 1026 2539 non
1053 2506 1146 2549 pauci

405 2559 590 2601 praedictae
615 2558 887 2603 Congregationis
913 2559 1076 2602 religiosi,
1103 2570 1148 2592 sa-

406 2613 548 2646 lubrium
573 2613 731 2646 eiusmodi
756 2613 1043 2654 constitutionum,
1069 2624 1147 2657 quas

407 2665 513 2699 forsan
540 2672 686 2710 tempore
714 2667 876 2701 exsoletas
904 2672 934 2701 et
960 2667 1145 2710 antiquatas

1000 266 1181 293 BULLARIUM
1206 267 1357 293 ROMANUM

1194 322 1366 361 reputant,
1391 316 1618 356 immemores,
1646 314 1742 348 variis
1767 314 1828 348 sub
1845 323 1934 358 prae-

1195 370 1352 411 textibus,
1379 370 1433 402 sed
1459 370 1573 403 revera
1597 373 1631 401 nt
1653 375 1830 402 erratorum
1856 378 1934 401 suo-

1195 434 1265 456 rum
1292 434 1413 466 poenas
1439 422 1565 455 debitas
1590 421 1756 464 effugiant,
1780 421 1934 454 adversus

1194 487 1268 509 suos
1290 475 1475 519 superiores
1493 475 1530 508 ad
1552 475 1633 507 banc
1650 474 1798 507 Sanctam
1816 474 1932 507 Sedem

1194 530 1380 562 immediate
1391 539 1562 562 recurrere
1574 528 1694 572 passim
1710 532 1933 571 praesumunt,

1194 582 1279 616 unde
1305 583 1387 614 ultra
1415 583 1525 614 turbas
1552 589 1582 614 et
1606 581 1787 621 molestias,
1815 580 1934 624 quibus

1193 636 1291 669 iidem
1319 641 1526 669 recurrentes
1558 646 1592 668 se
1629 634 1718 678 ipsos
1755 644 1866 667 exosos
1902 638 1934 667 et

1194 689 1459 732 contemptibiles
1485 688 1645 729 reddunt,
1672 698 1737 720 non
1763 697 1836 720 raro
1862 697 1936 731 pro-

1194 744 1314 776 cedunt
1339 743 1531 776 delictorum
1559 741 1751 785 impunitaS,
1775 741 1936 785 praelato-

1194 808 1262 829 rum
1288 801 1521 839 eontemptus,
1554 806 1589 828 ae
1614 795 1849 828 nonnullorum
1885 803 1936 826 su-

1193 850 1361 893 periorum
1399 849 1430 881 in
1468 848 1675 882 continendis
1717 853 1748 881 et
1780 846 1934 890 regendis

1193 902 1330 935 subditis
1355 902 1420 935 suis
1447 901 1645 944 negligentia
1665 928 1672 942 ,
1701 900 1756 944 qui
1793 899 1934 940 scilicet,

1193 966 1234 989 ne
1260 955 1422 989 continuis
1449 955 1566 988 ltorum
1605 954 1793 987 recursibus
1829 952 1936 986 subia-

1193 1015 1301 1049 ceant,
1330 1009 1451 1042 rnultos
1484 1018 1634 1041 excessus
1666 1013 1762 1051 atque
1795 1007 1934 1047 abusus,

1193 1062 1309 1105 quibus
1349 1061 1501 1105 protinus
1538 1071 1710 1094 occurrere
1749 1065 1934 1104 oporteret,

1193 1116 1334 1148 tolerant
1368 1116 1417 1148 vel
1448 1114 1656 1148 dissimulant
1681 1114 1712 1146 in
1739 1123 1835 1156 grave
1871 1122 1936 1145 mo-

1193 1168 1335 1202 nasticae
1357 1167 1548 1211 disciplinae
1567 1167 1822 1200 detrimentum:
1841 1166 1935 1199 nobis

1193 1227 1369 1266 propterea
1403 1221 1507 1255 dictus
1542 1226 1738 1265 procurator
1772 1219 1936 1263 generalis

1194 1275 1362 1308 humiliter
1398 1274 1578 1318 supplicari
1616 1274 1693 1308 fecit
1717 1279 1752 1307 ut
1776 1273 1808 1306 in
1839 1283 1936 1317 prae-

1193 1329 1301 1362 missis
1328 1334 1514 1372 opportune
1536 1327 1711 1372 providere
1733 1332 1765 1360 et
1788 1332 1823 1360 ut
1848 1327 1934 1360 inl'ra

1193 1383 1365 1426 indulgere
1392 1383 1430 1416 de
1455 1383 1657 1425 benignitate
1684 1381 1863 1425 apostottoa
1889 1381 1934 1414 di-

1193 1447 1381 1480 gnaremur.

1237 1491 1251 1533 ἓ
1277 1490 1309 1524 2.
1335 1490 1398 1523 Nos
1423 1490 1533 1533 igitur,
1559 1490 1665 1533 ipsum
1689 1494 1936 1533 procuratorem

1193 1545 1377 1588 generalem
1403 1543 1599 1587 specialibus
1627 1543 1793 1577 favoribus
1821 1547 1852 1577 et
1869 1553 1937 1586 gra-

1194 1597 1245 1631 tiis
1271 1597 1426 1641 prosequi
1453 1598 1622 1638 volentes,
1653 1602 1684 1630 et
1720 1608 1737 1630 a
1772 1597 1938 1641 quibusvis

1195 1652 1558 1692 excommunicationis,
1585 1651 1810 1695 suspensionis
1836 1656 1868 1684 et
1888 1651 1938 1684 in-

1195 1705 1325 1739 terdicti
1342 1732 1349 1746 ,
1376 1705 1514 1749 aliisque
1540 1704 1771 1739 ecclesiasticis
1806 1710 1938 1738 senten-

1196 1759 1245 1792 tiis
1264 1786 1271 1800 ,
1299 1759 1446 1792 censuris
1472 1765 1504 1792 et
1527 1759 1667 1803 poenis,
1694 1769 1711 1792 a
1736 1758 1804 1792 iure
1830 1759 1879 1792 vel
1897 1758 1937 1791 ab

1195 1812 1336 1853 bomine,
1353 1812 1463 1856 <piaris
1482 1811 1655 1845 occasione
1673 1813 1725 1845 vel
1739 1812 1836 1845 causa
1852 1811 1937 1851 latis,

1194 1866 1220 1898 si
1247 1866 1363 1909 quibus
1388 1865 1637 1909 quomodolibet
1662 1865 1835 1899 innodatus
1871 1864 1939 1898 exi-

1193 1919 1263 1958 stit,
1290 1919 1328 1951 ad
1350 1917 1498 1951 ell'ectum
1525 1917 1748 1962 praesentium
1774 1918 1938 1951 dumtaxat

1193 1972 1470 2015 consequendum,
1492 1971 1606 2004 harum
1625 1972 1710 2005 serie
1729 1971 1936 2005 absolventes

1194 2030 1224 2057 et
1249 2025 1433 2057 absolutum
1471 2024 1539 2057 sore
1578 2030 1774 2065 censentes,
1802 2035 1839 2057 ac
1870 2029 1935 2058 tam

1193 2079 1379 2112 memoratis
1406 2078 1696 2112 constitutionibus
1722 2077 1933 2122 apostolicis,

1193 2143 1289 2175 quam
1309 2131 1455 2175 generali
1473 2132 1606 2165 decreto
1624 2132 1745 2165 dudum
1770 2131 1859 2164 iussu
1885 2141 1935 2165 rc-

1194 2186 1351 2219 colcndae
1377 2185 1556 2219 memoriae
1580 2184 1657 2218 Sixti
1676 2185 1735 2218 PP.
1754 2185 1778 2217 V
1795 2185 1935 2228 praede-

1193 2238 1334 2272 cessoris
1360 2239 1485 2282 pariter
1510 2239 1613 2272 nostri
1639 2248 1656 2270 a
1674 2237 1935 2281 Congregationc

1194 2297 1270 2326 tunc
1295 2292 1499 2326 existentium
1525 2293 1554 2325 S.
1580 2292 1617 2324 R.
1649 2292 1684 2325 E.
1720 2291 1935 2325 cardinalium

1193 2346 1335 2389 negotiis
1363 2349 1393 2379 et
1417 2345 1713 2379 consultationibus
1734 2345 1935 2389 regularium

1193 2399 1454 2443 praepositorum
1480 2398 1568 2432 edito
1595 2399 1680 2432 circa
1709 2409 1874 2432 recursum
1904 2404 1937 2432 et

1192 2452 1446 2496 appellationem
1484 2452 1673 2486 corumdem
1706 2453 1934 2496 regularium,

1192 2505 1408 2549 ordinemque
1434 2505 1466 2538 in
1493 2505 1539 2538 eis
1566 2505 1760 2539 servandum
1778 2533 1786 2546 ,
1823 2505 1936 2539 inhae-

1192 2564 1300 2592 rentes
1320 2586 1328 2600 ,
1354 2558 1543 2592 huiusmodi
1569 2558 1862 2602 supplicationibus
1889 2559 1936 2592 in-

1191 2612 1329 2654 clinati,
1370 2622 1410 2645 ne
1447 2611 1603 2656 deinceps
1639 2612 1722 2645 ullus
1761 2612 1934 2656 religiosus

1191 2666 1397 2710 supradictae
1424 2664 1694 2709 congregationis
1717 2665 1935 2708 Cassinensis,

1961 1497 2046 1519 Deci-eti
2063 1500 2128 1520 tener.
