2182 3137
236 256 286 282 An.
308 255 336 283 c.
354 254 422 283 1733
467 246 531 281 499,

260 1384 381 1407 clausulae.

301 2509 414 2534 noroaatio

233 2537 395 2558 contrariorum.

427 304 615 339 clesiasticis
632 305 814 346 sententiis,
830 305 974 339 censuris
994 311 1025 339 et
1041 306 1166 349 poenis,

428 370 444 392 a
462 359 532 392 iure
558 358 605 392 vel
630 358 669 391 ab
688 359 838 399 homine,
865 359 976 403 quavis
996 360 1166 393 occasione

427 413 476 445 vel
498 415 592 446 causa
624 413 705 452 latis,
725 413 750 445 si
777 413 894 457 quibus
919 414 1166 457 quomodolibet

427 466 600 499 innodatae
633 466 791 506 existunt,
825 467 863 500 ad
901 466 1050 500 effectum
1076 478 1167 511 prae-

426 519 566 551 sentium
578 520 745 552 dumtaxat
757 521 1035 563 consequendum,
1053 521 1165 554 harum

426 573 512 606 serie
539 574 746 607 absolventes
769 580 801 607 et
817 574 983 607 absolutas
1009 575 1076 608 sore
1095 585 1166 607 ecn-

427 632 552 666 sentes,
580 628 785 671 supradictas
812 628 987 662 Clementis
1012 634 1043 662 et
1068 629 1167 662 Bene-

428 679 809 723 dictipraedecessorum
835 682 959 715 litteras
984 682 1165 726 editamque

427 732 603 767 Benedicto
631 735 883 778 praedecessore
913 736 1165 769 declarationem

427 787 533 829 quoad
549 788 627 821 duas
652 779 879 832 processiones
895 789 1079 833 publicasve
1091 799 1166 832 sup-

426 840 622 883 plicationes
647 842 829 885 praefatas,
854 853 924 875 cum
958 842 1110 875 omnibus
1136 847 1167 874 et

426 892 562 936 singulis
577 894 607 927 in
624 895 746 928 eisdem
766 896 882 928 litteris
897 901 929 929 et
947 895 1165 928 declaratione

428 946 595 990 dispositis
622 955 652 981 et
677 949 850 989 contentis,
877 949 1065 982 auctoritate
1091 959 1166 992 apo-

427 1000 541 1033 stolica
580 1001 693 1034 harum
720 1002 802 1035 serie
828 1003 1063 1045 approbamus,
1091 1012 1164 1035 con-

427 1053 589 1087 firmamus
616 1060 648 1087 et
673 1054 876 1095 innovamus,
904 1055 1035 1098 illisque
1065 1055 1166 1088 invio-

426 1106 532 1140 labilis
557 1108 757 1151 apostolicae
783 1108 942 1142 firmitatis
968 1110 1069 1142 robur
1087 1108 1166 1142 adii-

427 1161 545 1201 cimus,
573 1161 679 1194 acilia
697 1161 851 1206 deinceps
872 1168 982 1196 exacte
1000 1161 1165 1196 observari

426 1219 523 1257 atque
548 1214 729 1248 executioni
755 1215 956 1256 demandari,
975 1216 1087 1249 eadem
1113 1226 1168 1248 au-

427 1267 587 1308 ctoritate,
615 1272 727 1302 tenore
753 1269 988 1312 praesentium,
1008 1269 1168 1314 praecipi-

427 1331 497 1354 mus
513 1326 545 1354 et
564 1322 765 1356 mandamus.

471 1375 486 1419 §
510 1374 542 1408 ⁶2.
569 1375 799 1417 Decernentes,
825 1382 1018 1420 praesentes
1040 1377 1166 1411 litteras

426 1439 558 1473 semper
582 1429 690 1463 firmas
718 1430 839 1464 validas
868 1436 901 1464 et
929 1431 1077 1465 efficaces
1103 1432 1167 1465 exi-

426 1489 512 1517 stere
538 1488 570 1517 et
594 1483 673 1524 sore,
699 1494 844 1527 suosque
870 1484 1038 1528 plenarios
1063 1489 1095 1518 et
1120 1484 1166 1518 in-

427 1542 537 1580 tegros
575 1537 707 1571 effeetus
743 1538 853 1571 sortiri
880 1543 911 1572 et
935 1538 1103 1580 obtinere,
1130 1550 1166 1573 ac

425 1590 535 1624 Ordini
562 1596 593 1624 et
619 1591 772 1625 fratribus
809 1592 1005 1636 praedictis,
1029 1593 1164 1636 aliisque

425 1644 464 1677 ad
481 1655 560 1688 quos
579 1650 743 1688 spectatet
757 1656 814 1690 pro
831 1651 978 1690 tempore
994 1647 1163 1690 spectabit,

425 1698 456 1731 in
494 1698 645 1732 omnibus
683 1704 715 1732 et
750 1710 807 1743 per
843 1700 952 1734 omnia
977 1700 1163 1742 plenissime

425 1750 615 1794 suffragari,
654 1752 764 1795 sicque
802 1752 835 1786 in
878 1753 1065 1797 praemissis
1105 1765 1164 1797 per

426 1816 647 1850 quoscumque
680 1806 804 1840 iudices
845 1808 1030 1841 ordinarios
1053 1813 1084 1842 et
1109 1809 1163 1841 de-

426 1860 571 1903 legatos,
592 1859 688 1893 etiam
711 1871 879 1894 causarum
902 1861 1012 1905 palatii
1034 1867 1163 1905 aposto-

426 1913 479 1946 lici
509 1913 695 1954 auditores,
720 1925 756 1947 ac
788 1914 819 1948 S.
850 1914 887 1948 R.
908 1915 942 1948 Ε.
970 1915 1161 1955 cardinales,

427 1967 522 2001 etiam
540 1968 579 2000 de
598 1968 700 2001 latere
721 1969 846 2011 legatos
860 1996 867 2009 ‚
893 1968 1053 2012 Sedisquc
1078 1969 1163 2013 Apo-

425 2021 559 2054 stolicae
584 2021 734 2062 nuncios,
762 2023 884 2056 aliosve
911 2023 1073 2067 quoslibet
1089 2034 1164 2066 qua-

425 2085 564 2119 cumque
582 2076 840 2119 praeeminentia
865 2081 897 2110 et
913 2082 1073 2120 potestate
1092 2077 1163 2110 sun-

426 2135 539 2172 gentes
564 2135 597 2162 et
621 2129 805 2171 iuncturos,
830 2130 957 2163 sublata
981 2131 1027 2164 eis
1053 2136 1083 2164 et
1108 2141 1162 2165 eo-

424 2194 495 2216 rum
520 2183 653 2217 cuilibet
682 2183 794 2227 quavis
822 2184 916 2217 aliter
940 2184 1104 2218 iudicandi
1131 2191 1163 2219 et

424 2236 661 2280 interpretandi
688 2237 840 2270 facultate
882 2242 913 2270 et
949 2238 1160 2279 auctoritate,

425 2289 559 2322 iudicari
594 2294 626 2322 et
647 2289 775 2323 definiri
809 2290 949 2332 debere,
975 2303 1011 2325 ac
1038 2292 1162 2325 irritum

426 2349 456 2377 et
476 2343 571 2377 inane
588 2343 612 2375 si
635 2354 730 2377 secus
750 2354 850 2388 super
871 2344 921 2377 his
941 2356 959 2378 a
980 2356 1163 2390 quoquam,

426 2397 538 2441 quavis
551 2397 759 2438 auctoritate,
780 2398 922 2432 scienter
939 2400 989 2432 vel
1012 2399 1164 2443 ignoran-

427 2456 491 2492 ter,
517 2451 692 2494 contigerit
716 2452 878 2485 attentari.

469 2505 484 2548 g
508 2504 540 2538 3.
566 2504 637 2538 Non
663 2505 868 2540 obstantibus
893 2507 1091 2550 praemissis,
1128 2518 1164 2541 ac

426 2558 715 2592 constitutionibus
741 2564 773 2593 et
800 2559 1060 2594 ordinationibus
1086 2572 1164 2605 apo-

426 2611 571 2653 stolicis,
610 2623 735 2647 necnon
772 2613 921 2647 omnibus
960 2619 991 2647 et
1026 2614 1163 2658 singulis

427 2665 559 2709 quaein
577 2665 752 2701 Clementis
778 2672 811 2701 et
836 2667 1001 2702 Benedicti
1027 2669 1165 2712 praede-

998 256 1180 281 BUL'LARIUM
1205 255 1362 282 Romnum

1210 317 1377 340 cessorum
1405 304 1520 340 litteris
1558 310 1589 339 et
1614 304 1832 339 declaratione
1856 309 1948 349 prae-

1212 360 1283 394 fatis
1308 371 1463 394 concessa
1488 363 1562 392 sunt
1591 369 1655 392 non
1689 359 1838 399 obstare,
1865 363 1948 392 cete-

1211 414 1317 457 risque
1340 412 1511 446 contrariis
1533 412 1806 456 quibuscumque.

1254 468 1267 511 ξ
1294 467 1324 500 4.
1352 467 1502 499 Volumus
1528 471 1634 498 autem
1660 471 1694 498 ut
1726 465 1947 509 praesentium

1211 520 1389 553 litterarum
1416 520 1644 563 transumptis,
1682 529 1736 552 seu
1770 519 1948 563 exemplis,

1211 574 1305 606 etiam
1332 573 1520 617 impressis,
1545 583 1641 605 manu
1668 572 1806 606 alicuius
1831 571 1947 605 notarii

1210 627 1330 670 publici
1357 627 1574 670 subscriptis,
1598 631 1628 659 et
1656 626 1762 669 sigillo
1788 635 1948 670 personae

1211 681 1240 713 in
1257 680 1477 714 ecclesiastica
1498 679 1654 723 dignitate
1670 679 1866 713 constitutae
1879 689 1950 712 mu-

1210 734 1308 774 nitis,
1347 734 1459 766 eadem
1484 744 1618 777 prorsus
1650 732 1728 766 fides
1752 732 1874 776 ubique
1902 733 1949 765 lo-

1210 798 1319 820 corum
1347 792 1410 820 tam
1437 787 1469 819 in
1495 786 1614 819 iudicio
1640 796 1735 829 quam
1756 791 1845 819 extra
1869 785 1948 819 illud

1211 841 1392 880 habeatur,
1423 850 1504 883 quae
1531 839 1608 883 ipsis
1633 839 1862 882 praesentibus
1896 839 1950 871 ha-

1210 894 1342 926 beretur
1360 893 1384 926 si
1404 893 1510 926 forent
1528 892 1692 926 exhibitae
1715 892 1763 925 vel
1783 897 1948 926 ostensae.

1255 948 1368 980 Datum
1395 947 1536 988 Romae,
1562 947 1647 991 apud
1674 946 1704 979 S.
1732 947 1862 980 Mariam
1887 946 1950 979 Ma-

1212 1001 1325 1041 iorem,
1342 1001 1401 1034 sub
1420 1002 1540 1034 annulo
1561 1000 1742 1041 piscatoris,
1763 1000 1814 1033 die
1833 1010 1851 1033 x
1866 999 1951 1044 apri-

1211 1054 1249 1087 lis
1288 1063 1492 1095 unccxxxiu,
1520 1052 1725 1097 pontificatus
1758 1052 1859 1086 nostri
1894 1063 1950 1086 an-

1211 1118 1253 1140 no
1280 1117 1327 1140 ιιι.

1247 1169 1307 1197 Dat,
1325 1169 1371 1198 die
1391 1170 1422 1197 10
1437 1169 1529 1206 aprssis
1547 1169 1625 1203 1733,
1646 1169 1752 1205 pontif.
1773 1176 1847 1196 anno
1866 1174 1903 1196 ιιι.

1498 1224 1533 1257 F.
1562 1224 1650 1258 card.
1677 1223 1859 1258 OmrERms.

1548 1376 1609 1410 XC.

1213 1448 1437 1491 Constrmatur
1461 1448 1624 1481 decretum
1640 1448 1780 1492 capituli
1791 1447 1951 1492 ρεπεν-αἰῶ

1254 1512 1341 1535 anno
1377 1512 1529 1536 rinctxvn
1566 1502 1719 1535 celebrati
1754 1501 1791 1535 ab
1829 1501 1951 1536 Ordine

1252 1557 1396 1599 fratrum
1419 1557 1525 1589 saizctz'
1545 1556 1716 1589 Francisci
1737 1555 1951 1599 Cappuccz'no-

1252 1621 1327 1643 rum
1366 1610 1452 1643 eirca
1492 1609 1704 1643 residentiam
1741 1609 1950 1652 definitorum

1250 1664 1456 1707 yeneratatm
1480 1663 1517 1697 in
1544 1664 1638 1697 Urbe.

1419 1745 1553 1772 Clemens
1575 1745 1658 1778 Papa
1676 1744 1742 1778 XII,

1325 1789 1362 1816 ad
1381 1792 1561 1823 perpetuam
1579 1788 1625 1816 rei
1644 1788 1829 1816 memoriam.

1250 1860 1421 1894 Pastoralis
1452 1861 1570 1901 officii,
1605 1860 1692 1904 quod
1729 1866 1860 1894 auctore
1885 1859 1946 1894 Do-

1207 1914 1294 1948 mino
1320 1915 1476 1958 gerimus,
1496 1915 1684 1948 sollicitudo
1705 1925 1763 1948 nos
1784 1915 1948 1957 admonet,

1207 1974 1242 2001 ut
1268 1968 1550 2010 christifidelium,
1578 1969 1633 2012 qui
1659 1980 1676 2002 e
1702 1969 1852 2002 fiuctibus
1877 1979 1947 2002 sae-

1207 2022 1269 2055 culi
1296 2022 1327 2055 iu
1353 2022 1502 2056 arctioris
1528 2022 1695 2065 religionis
1716 2028 1848 2066 portum
1873 2033 1949 2056 con·

1207 2076 1384 2119 sugerunt,
1420 2076 1543 2110 salubri
1581 2076 1752 2119 regimini,
1791 2082 1947 2121 quantum

1207 2130 1302 2164 nobis
1323 2140 1359 2163 ex
1386 2129 1450 2163 alto
1471 2130 1672 2172 conceditur,
1692 2130 1882 2175 prospicere
1900 2131 1948 2164 iu-

1206 2184 1290 2228 giter
1314 2184 1512 2217 studeamus.

1249 2238 1264 2281 ἓ
1289 2238 1320 2271 l.
1348 2237 1474 2270 Dudum
1501 2238 1679 2281 siquidem,
1704 2238 1875 2272 occasione
1901 2249 1947 2272 ca-

1206 2292 1297 2336 pituli
1332 2291 1495 2334 generalis
1528 2291 1656 2325 Ordinis
1682 2292 1815 2326 fratrum
1848 2293 1947 2327 Mino·

1207 2355 1275 2378 rum
1294 2345 1395 2378 sancti
1414 2344 1576 2378 Francisci
1595 2345 1849 2389 Capuccinorum
1867 2357 1948 2380 nun-

1207 2404 1397 2443 cupatorum
1423 2409 1507 2432 auno
1537 2408 1691 2432 unanxvu
1719 2399 1751 2432 in
1777 2400 1861 2433 alma
1889 2399 1948 2433 Ur-

1206 2452 1246 2486 be
1271 2458 1384 2486 nostra
1409 2452 1584 2493 celebrati,
1612 2453 1696 2486 inter
1721 2453 1784 2486 alia
1807 2453 1947 2497 plurima

1208 2507 1337 2540 decreta
1362 2515 1421 2550 pro
1448 2505 1532 2539 felici
1558 2505 1634 2539 dicti
1671 2505 1801 2539 Ordinis
1827 2507 1947 2550 guber-

1208 2560 1261 2594 nio
1287 2570 1359 2593 cum
1390 2569 1551 2593 consensu
1584 2564 1615 2592 ct
1647 2559 1883 2604 approbatione
1914 2571 1946 2594 o-

1208 2614 1332 2648 mnium
1366 2614 1526 2647 vocalium
1551 2613 1584 2647 in
1610 2624 1650 2647 eo
1675 2619 1946 2658 congregatorum

1208 2668 1346 2702 sacta.et
1371 2667 1526 2715 stabilita,
1551 2678 1703 2712 expresse
1729 2673 1886 2702 statutum
1909 2679 1946 2703 ac

1935 255 2000 283 Ἂη.
2023 255 2051 282 c;
2071 255 2138 285 ¹7³3

2009 476 2070 497 Fut-w
2086 479 2142 497 irau-

1959 508 2096 529 sumptorum.

1986 1869 2106 1891 Exordium.

1979 2244 1999 2266 ln
2015 2244 2072 2266 dicto
2084 2242 2140 2269 capi-

1958 2273 2001 2292 tuto
2045 2269 2140 2297 generati

1958 2297 2141 2321 sancituuimtde·

1958 2325 2052 2345 finum-es
2079 2328 2141 2349 gene-

1958 2352 2013 2372 rales
2061 2350 2140 2371 Romae

1958 2378 2082 2400 residerent.
