2182 3137
225 250 276 276 An.
295 248 412 278 c.1733
457 238 522 274 494

418 299 541 331 litteras
568 298 740 342 praefatas,
761 298 951 331 auctoritate
970 297 1155 341 apostolica,

418 357 530 384 tenore
553 352 788 395 praesentium,
807 351 1053 393 confirmamus,
1072 351 1158 395 pari-

419 409 467 437 ter
493 408 523 438 et
547 405 780 448 approbamus,
806 410 853 445 et,
880 410 1039 449 quatenus
1078 415 1158 448 opus

419 457 478 496 sit,
507 458 718 497 innovamus,
752 458 883 502 illisque
917 462 1091 502 perpetuae
1124 468 1159 491 ac

418 511 612 544 inviolabilis
637 511 836 555 apostolicae
869 511 1028 544 firmitatis
1062 512 1159 544 robur

419 569 450 596 et
475 564 649 597 efficaciam
675 564 893 607 adiungimus.
915 564 1088 598 Praeterea
1105 576 1158 598 vo-

419 618 523 650 lumus
550 622 646 660 atque
672 618 850 658 statuimus,
877 618 964 661 quod
985 618 1053 662 ipsa
1073 629 1159 652 com-

419 670 528 703 missio
555 671 735 713 generalis,
760 670 979 715 procuratori¹
1013 672 1157 714 generali

418 723 577 767 impertiri
608 724 724 765 solita,
752 725 963 769 imposterum
990 725 1028 757 ab
1061 736 1098 758 eo
1126 725 1158 758 in

417 778 607 820 urgentibus
634 784 665 811 et
690 778 890 821 gravioribus
915 778 1053 821 negotiis
1081 779 1157 811 reli-

419 830 525 873 gionis
551 833 613 864 nna
638 842 709 864 eum
735 831 828 864 dictis
855 831 1083 865 definitoribus
1109 842 1159 875 ge-

418 885 585 918 neralibus
622 885 717 918 simul
744 891 775 918 et
811 885 1026 928 collegialiter
1061 885 1158 917 unitis

420 943 624 979 exerceatur,
657 939 812 982 quodque
838 939 901 971 boe
927 938 1161 979 definitorium,

419 993 470 1025 cui
496 993 674 1026 communis
701 992 762 1025 erit
782 992 967 1025 commissio
986 992 1158 1035 generatis,

419 1047 468 1079 bis
508 1047 620 1079 saltem
659 1046 804 1089 qualibet
840 1045 1160 1079 bebdomada'con-

420 1099 549 1142 gregari
576 1099 693 1132 debeat
719 1109 789 1131 cum
808 1099 922 1131 eodem
947 1104 1159 1142 procuratore

420 1152 588 1195 generali,
616 1152 669 1196 qui
695 1152 783 1185 illius
808 1152 1039 1195 congressibus
1069 1162 1161 1196 prae-

420 1205 542 1245 sideat,
566 1216 628 1249 pro
654 1205 847 1238 definiendis
884 1205 1067 1238 huiusmodi
1104 1215 1159 1238 ne-

420 1258 516 1301 gotiis
557 1258 752 1301 urgentibus
791 1264 822 1291 et
864 1258 1066 1301 gravioribus
1102 1269 1160 1302 pro

421 1318 567 1356 tempore
609 1311 876 1351 occurrentibus,
918 1322 1000 1356 quae
1041 1317 1104 1345 tam
1144 1322 1161 1344 a

420 1371 632 1409 procuratore
659 1365 803 1409 generali
830 1376 925 1409 quam
950 1366 989 1398 ab
1013 1376 1161 1409 unoquo—

422 1430 485 1463 que
511 1431 547 1453 ex
574 1419 801 1453 definitoribus
835 1420 1042 1462 generalibus
1069 1431 1162 1464 prae—

421 1473 494 1506 fatis
519 1473 657 1517 proponi
685 1473 820 1516 possint,
848 1473 927 1506 etin
955 1483 1030 1506 casu
1057 1473 1162 1506 cuius-

424 1526 470 1558 vis
495 1526 579 1559 inter
603 1537 657 1560 eos
684 1525 920 1570 discrepantiae
936 1552 943 1566 ,
969 1527 1162 1569 procedatur

420 1591 478 1624 per
503 1586 628 1614 secreta
650 1580 812 1624 suffragia,
832 1581 1110 1624 quemadmodum
1128 1580 1161 1613 in

421 1633 608 1667 definitorio
649 1635 794 1677 generali
827 1640 981 1667 servatur.
1022 1634 1052 1666 Si
1090 1634 1161 1678 quis

421 1693 528 1720 autem
548 1699 583 1721 ex
604 1687 830 1721 definitoribus
848 1688 1052 1731 generalibus
1069 1699 1162 1731 prae-

410 1741 516 1774 -dictis
540 1741 573 1774 in
599 1741 685 1775 Urbe
711 1741 856 1774 residere
883 1741 982 1782 nolit,
1011 1748 1064 1774 aut
1088 1752 1162 1785 pro-

421 1800 496 1838 pter
520 1795 654 1839 aliquod
684 1794 864 1838 legitimum
891 1795 1160 1839 impedimentum

422 1858 487 1881 non
512 1849 623 1892 possit,
650 1848 792 1892 privatus
819 1854 986 1882 remaneat
1011 1849 1161 1881 omnibus

421 1901 600 1945 privilegiis
627 1907 659 1935 et
689 1902 946 1946 praerogativis,
972 1902 1091 1946 quibus
1116 1902 1160 1935 uti

423 1955 577 1989 definitor
601 1957 760 1999 generalis
797 1956 984 1989 huiusmodi
1016 1956 1163 2000 potieba-

424 2013 485 2050 tur,
503 2014 536 2042 et
556 2015 633 2043 tune
658 2020 717 2053 per
737 2010 844 2054 ipsum
863 2009 1083 2043 definitorium
1109 2021 1162 2053 ge—

421 2064 533 2096 nerale
560 2073 630 2096 cum
656 2074 814 2097 consensu
840 2063 977 2096 ministri
1000 2064 1161 2107 generalis

423 2117 505 2150 alius
530 2117 682 2151 definitor
706 2119 880 2161 generalis,
908 2129 944 2151 ex
971 2119 1084 2151 eadem
1118 2124 1163 2152 ta-

423 2181 497 2204 men
524 2172 662 2212 natione,
684 2171 831 2215 eligatur,
850 2172 931 2205 etin
949 2172 1035 2205 illins
1055 2173 1162 2205 locum

423 2236 496 2258 cum
523 2225 637 2258 iisdem
663 2225 843 2269 privilegiis
869 2230 901 2258 et
924 2225 1162 2269 praerogativis

423 2279 637 2312 substituatur
661 2290 698 2313 ac
723 2280 930 2324 subrogetur,
957 2285 991 2312 ut
1017 2279 1164 2314 definito-

423 2334 505 2367 rium
521 2344 652 2378 semper
672 2333 834 2377 integrum
847 2334 888 2367 sit
906 2339 938 2367 et
955 2335 1161 2378 completum.

423 2387 565 2431 Insuper,
585 2393 619 2420 ut
638 2387 713 2420 dicti
733 2387 921 2421 definitores
937 2389 1107 2430 generales
1126 2398 1163 2421 eo

423 2441 525 2484 magis
552 2441 725 2474 invitentur
750 2446 780 2474 et
814 2441 999 2474 alliciantur
1023 2441 1061 2474 ad
1088 2441 1163 2474 resi-

424 2494 565 2528 dendum
591 2494 623 2527 in
648 2494 733 2528 Urbe
759 2495 912 2538 praefata,
940 2505 1004 2538 quo
1031 2505 1164 2538 operam

424 2557 514 2580 suam
551 2547 718 2591 obsequiis
752 2547 905 2591 propriae
931 2547 1100 2590 religionis
1132 2558 1164 2581 e-

1007 247 1188 273 BULLAmUM
1211 246 1369 273 ROMANUM

1203 297 1251 331 dis
1292 296 1472 341 impensius
1513 296 1672 330 addictam
1713 301 1745 330 et
1783 295 1938 331 continuo

1202 352 1381 384 navandam
1406 351 1474 384 sore
1492 350 1717 393 cognoverint,
1739 361 1810 391 nos,
1829 350 1941 384 inbae-

1202 410 1309 438 rentes
1327 405 1472 438 eiusdem
1491 404 1617 438 Ordinis
1643 403 1939 444 constitutionibus,

1202 458 1317 502 quibus
1353 458 1610 502 praescribitur,
1639 468 1805 491 recursum
1831 462 1863 491 et
1887 468 1942 501 ap-

1203 511 1412 554 pellationem
1439 511 1696 555 interponendos
1733 521 1801 545 esse
1827 510 1942 554 grada-

1204 565 1258 597 tim
1282 576 1298 598 a
1326 565 1515 608 guardianis
1540 565 1579 598 ad
1613 564 1780 598 ministros
1813 564 1942 608 provin-

1203 618 1327 659 ciales,
1356 624 1388 651 et
1412 618 1452 651 ab
1485 618 1535 651 liis
1561 618 1601 652 ad
1626 618 1729 662 ipsum
1755 617 1942 651 ministrum

1203 672 1389 714 generalem
1415 672 1548 716 eiusque
1585 672 1819 711 definitorium,
1857 676 1943 705 ante-

1204 736 1299 768 quam
1326 736 1441 759 causae
1468 732 1500 759 et
1525 726 1596 759 lites
1619 726 1657 759 ad
1684 726 1746 760 alia
1772 725 1943 761 tribunalia

1204 784 1292 811 extra
1330 779 1451 812 dictum
1490 779 1645 813 Ordinem
1672 780 1881 822 deferantur,
1906 789 1942 812 o-

1203 832 1331 864 mnibus
1358 837 1390 865 et
1415 832 1549 876 singulis
1568 833 1733 866 Romanae
1750 833 1862 866 Curiae
1884 832 1941 865 tri-

1203 886 1389 926 bunalibus,
1415 886 1585 927 iudicibus,
1612 886 1803 920 officialibus
1828 891 1859 920 et.
1887 885 1943 919 rni-

1204 939 1328 980 nistris,
1356 951 1391 973 ae
1406 940 1572 984 quibusvis
1592 941 1686 974 etiam
1704 940 1939 974 venerabilium

1205 992 1337 1026 fratrum
1363 999 1548 1026 nostrorum
1574 993 1718 1027 eiusdem
1740 993 1855 1027 S.R.E.
1874 1003 1941 1026 car-

1205 1045 1361 1079 dinalium
1398 1046 1732 1090 Congregationibus‚
1760 1057 1800 1080 ne
1835 1045 1941 1080 istius·

1205 1099 1289 1132 modi
1316 1110 1428 1133 causas
1455 1105 1486 1133 et
1511 1100 1584 1136 lites
1614 1100 1773 1144 recipiant
1798 1105 1830 1133 et
1854 1109 1944 1133 reco-

1205 1159 1380 1196 gnoscant,
1407 1153 1469 1186 nisi
1506 1153 1592 1186 iuxta
1630 1154 1759 1187 modum
1796 1153 1944 1198 superius

1205 1217 1394 1250 expressum
1421 1206 1452 1239 in
1478 1207 1563 1240 dieto
1591 1207 1775 1241 definitorio
1800 1207 1944 1250 generali

1205 1259 1293 1303 prius
1318 1259 1458 1302 agitatae
1484 1265 1516 1293 et
1540 1259 1691 1294 definitae
1718 1261 1859 1301 suerint,
1884 1261 1944 1293 sub

1205 1315 1310 1356 poena
1335 1313 1492 1347 nullitatis
1523 1319 1681 1354 actorum,
1707 1320 1748 1354 et,
1773 1313 1877 1358 quoad
1897 1324 1946 1347 re-

1205 1366 1339 1410 ligiosos
1356 1372 1563 1401 recurrentes
1584 1378 1640 1401 seu
1666 1369 1871 1412 appellantes
1890 1367 1945 1411 qui

1206 1420 1394 1463 praemissis
1419 1421 1696 1461 contravenerint‚
1717 1421 1777 1454 sub
1796 1421 1946 1464 gravibus

1205 1480 1314 1507 nostro
1341 1480 1372 1507 et
1403 1475 1538 1508 Romani
1573 1474 1736 1509 Pontificis
1771 1486 1831 1519 pro
1867 1480 1947 1512 tem-

1205 1539 1285 1572 pore
1311 1528 1479 1562 existentis
1506 1528 1640 1562 arbitrio
1666 1528 1851 1572 infligendis
1870 1539 1946 1573 poe-

1205 1581 1271 1621 nis,
1311 1582 1504 1615 auctoritate
1537 1582 1679 1626 praefata
1705 1583 1818 1615 barum
1860 1582 1944 1616 serie

1205 1636 1429 1679 probibemus.

1249 1690 1264 1733 ἓ
1294 1689 1323 1722 4.
1360 1690 1600 1732 neem-nentes,
1634 1690 1718 1734 ipsas
1755 1695 2140 1749 praesentesnncniffiffltffiffi

1205 1742 1329 1776 litteras
1349 1754 1478 1787 semper
1503 1744 1622 1785 firmas,
1641 1744 1762 1777 validas
1787 1749 1818 1778 et
1843 1744 2082 1777 effica-titterarum.

1205 1807 1256 1830 ces
1283 1796 1423 1830 existere
1449 1803 1480 1830 et
1506 1798 1582 1838 sore,
1610 1808 1754 1842 suosque
1779 1797 1944 1842 plenarios

1205 1855 1238 1882 et
1261 1850 1404 1894 integros
1433 1850 1566 1885 efl'ectus
1591 1852 1699 1886 sortiri
1726 1857 1757 1886 et
1783 1852 1945 1891 obtinere,

1206 1908 1238 1936 et
1253 1903 1291 1935 ab
1317 1903 1390 1944 illis,
1417 1904 1454 1937 ad
1480 1914 1560 1948 quos
1581 1910 1706 1949 spectat
1731 1910 1763 1938 ct
1786 1915 1846 1949 pro
1867 1909 1948 1938 tem-

1206 1967 1286 2000 pore
1323 1958 1590 2002 quandocumque
1626 1959 1809 2002 spectabit,
1837 1958 1948 1992 incon-

1206 2021 1298 2044 cusse
1313 2011 1490 2053 observari,
1507 2012 1611 2055 iisque
1630 2012 1808 2056 respective
1826 2011 1948 2056 plenis-

1206 2063 1283 2097 sime
1301 2063 1476 2108 suffragari,
1498 2065 1609 2109 sicque
1632 2065 1663 2098 in
1683 2065 1871 2109 praemissis
1890 2075 1949 2109 per

1207 2127 1428 2162 quoscumque
1455 2117 1577 2151 iudices
1599 2118 1780 2152 ordinarios
1808 2122 1838 2152 et
1860 2118 1948 2152 dele-

1206 2177 1305 2214 gatos,
1325 2172 1420 2205 etiam
1445 2183 1614 2206 causarum
1640 2173 1749 2216 palatii
1775 2172 1948 2216 apostolici

1206 2225 1382 2266 auditores,
1402 2225 1537 2259 iudicari
1556 2232 1588 2260 et
1605 2225 1732 2259 definiri
1754 2226 1886 2267 debere,
1912 2236 1949 2259 ac

1206 2279 1333 2312 irritum
1362 2285 1394 2312 et
1422 2279 1518 2313 inane
1548 2280 1573 2313 si
1603 2290 1696 2313 secus
1726 2290 1825 2324 super
1850 2279 1902 2312 liis
1931 2290 1949 2312 a

1206 2343 1396 2376 quoquam,
1432 2333 1544 2376 quavis
1570 2333 1779 2375 auctoritate,
1807 2333 1950 2366 scienter

1207 2387 1255 2419 vel
1279 2386 1487 2429 ignoranter,
1514 2386 1690 2429 contigerit
1713 2386 1878 2420 attentari.

1250 2439 1265 2482 ἓ
1290 2439 1321 2472 5.
1348 2438 1419 2472 Non
1440 2439 1643 2472 obstantibus
1661 2439 2037 2496 constitutionibusriocffil
2053 2449 2141 2502 52⁰3}ss

1208 2497 1239 2525 et
1263 2492 1520 2526 ordinationibus
1541 2493 1736 2536 apostolicis,
1759 2503 1798 2526 ac
1818 2492 2024 2526 Ordinisuone.

1207 2546 1353 2590 praefati,
1379 2546 1489 2580 aliisve
1516 2546 1699 2590 quibusvis,
1733 2546 1830 2580 etiam
1863 2547 1948 2580 iura-

424 2599 539 2643 iusque
565 2600 711 2644 negociis
739 2600 913 2634 tractandis
945 2611 982 2634 ac
1007 2600 1163 2634 deciden-
1207 2604 1327 2640 mento,
1342 2598 1587 2633 confirmatione
1603 2599 1793 2643 apostolica,
1809 2601 1859 2634 vel
1874 2610 1949 2644 qua-

461 2663 471 2690 1
491 2661 559 2690 Edit.
576 2663 658 2690 Μαίη.
674 2662 739 2699 legit
755 2662 960 2699 procurationi
975 2662 1011 2699 (n.
1027 2665 1074 2697 Τ.).

1206 2654 1252 2688 vis
1279 2653 1427 2689 firmitate
1460 2654 1521 2689 alia
1556 2653 1744 2698 roboratis,
1769 2655 1897 2690 statutis
1915 2660 1950 2690 et

1942 247 1994 275 An.
2017 246 2048 275 c.
2066 234 2130 277 17'33
2178 246 2182 290 t

2163 1079 2175 1139 sn>
