2182 3137
185 236 234 262 A'n.
249 235 278 260 C.
301 234 365 260 ‘1731

209 662 327 683 Eroidtum

203 1346 284 1366 Causae
306 1346 356 1366 editi

176 1373 256 1392 decreti
271 1378 283 1391 a
308 1378 355 1392 eon-

176 1399 221 1417 -ulio
246 1399 356 1424 hospitatis

227 2542 228 2545 Ἴ
245 2516 355 2536 Decretum

417 225 480 257 956
963 234 1143 257 nuLLAmUM
1168 235 1321 257 nominum
1911 236 1960 261 An.
1976 235 2004 261 G.
2024 235 2093 263 178}

425 282 669 324 rosolymitam',
695 292 758 324 quo
782 281 945 314 nonnulla
968 285 1117 313 statuun-

425 339 478 366 tur
491 334 532 366 ad
549 335 666 367 abusus
686 334 841 366 tollendos
855 335 890 366 in
905 335 1118 366 eoemuu'iione

424 387 688 419 commendaram
713 386 854 419 eiusdem
881 386 1032 426 Ordinis,
1058 397 1113 419 ea-

423 449 560 482 rumque
584 439 793 471 concessione.

597 529 730 555 clemens
753 529 832 560 Papa
852 528 915 559 Xll,

514 572 550 599 ad
570 572 706 599 futuram
724 571 770 598 rei
790 572 974 598 memoriam.

420 652 586 684 Militantis
622 651 784 684 Ecclesiae
818 651 969 692 regimini
1008 651 1113 683 divina

376 705 587 748 dispositione
614 704 849 747 praesidentes,
876 704 940 742 illa,
956 714 1037 746 quae
1056 715 1113 747 pro

376 758 460 790 felici
487 763 518 790 et
543 758 684 800 prolicua
711 757 903 798 dignitatum
940 763 970 788 et
1004 768 1113 789 mune-

376 822 446 842 rum
480 810 777 842 ecclesiasticorum
803 820 1086 852 quorumcumque
1103 837 1110 849 ,

374 869 405 895 et
424 863 617 906 praesertim
638 861 795 894 OrdInum
814 861 999 894 militarium
1022 872 1113 903 egre-

373 916 457 958 giam
483 915 686 959 reipublicae
701 915 896 947 christianae
912 925 1044 956 operam
1060 925 1112 946 na-

372 970 524 1007 vantium,
550 969 744 1011 provisione,
767 979 803 1000 ac
823 968 1059 1010 praecavendis
1079 968 1110 999 li-

373 1022 457 1054 tibus
495 1027 526 1053 et
562 1020 815 1058 controversiis,
852 1030 934 1061 quae
968 1020 1108 1051 suboriri

371 1080 515 1115 possent,
541 1074 675 1116 provide
690 1073 932 1116 prudenterque
948 1073 1111 1104 declarata

373 1131 404 1158 et
430 1127 561 1158 decreta
598 1125 695 1157 fuisse
732 1129 933 1163 noscuntur,
960 1130 994 1155 ut
1019 1125 1110 1156 lirina

371 1184 466 1221 atque
504 1179 627 1211 illibata
663 1185 900 1220 permaneant,
937 1178 1108 1219 apostolici

371 1232 560 1264 muniminis
585 1231 687 1264 nostri
725 1231 910 1273 praesidio,
937 1241 1008 1262 cum
1036 1231 1066 1262 id
1093 1242 1109 1262 a

369 1285 465 1318 nobis
490 1285 621 1328 petitur,
648 1285 788 1316 libenter
813 1283 1069 1316 constabilimus.

413 1339 484 1380 gi.
518 1337 640 1379 Exponi
678 1337 838 1379 siquidem
872 1336 967 1367 nobis
1003 1347 1109 1378 nuper

368 1392 515 1423 fecerunt
540 1390 649 1423 dilecti
674 1389 730 1421 filii
750 1399 883 1431 magnus
904 1389 1059 1430 magister
1078 1396 1108 1421 et

368 1444 538 1477 consilium
567 1443 737 1485 hospitalis
762 1442 794 1474 S.
814 1442 940 1473 loannis
958 1442 1107 1474 llieroso-

367 1497 525 1540 lymitani,
546 1496 633 1538 quod
659 1496 731 1538 ipsi,
751 1495 789 1527 ad
809 1495 969 1527 tollendos
986 1494 1105 1526 abusus

368 1550 420 1592 qui
448 1548 625 1581 introducti
655 1548 783 1580 fuerant
807 1547 838 1578 in
866 1547 1106 1590 provisionibus

368 1602 556 1643 dIgnitatum
576 1607 607 1633 et
627 1600 925 1643 praeceptoriarum
947 1611 1001 1632 seu
1022 1611 1106 1631 com-

366 1655 558 1687 mendarum
597 1653 670 1685 dicti
710 1653 896 1694 hospitalis,
922 1652 961 1683 de
987 1652 1104 1694 quibus

367 1706 466 1749 aliqui
502 1705 608 1738 statim
647 1710 718 1748 post
754 1705 994 1743 smutitionem,
1023 1716 1104 1747 quae

367 1760 454 1792 aliud
492 1769 555 1791 non
594 1764 642 1791 est
675 1769 769 1800 quam
807 1769 886 1800 pura
913 1758 1102 1795 nominatio,

366 1811 426 1843 sibi
462 1812 509 1844 ius
542 1821 611 1844 esse
645 1810 857 1853 disponendi,
897 1821 954 1842 seu
991 1821 1104 1842 novam

367 1863 587 1896 smutitionem
606 1862 748 1905 petendi,
767 1862 798 1894 in
817 1872 891 1894 casu
918 1862 1023 1894 obitus
1050 1873 1103 1894 seu

366 1917 521 1950 cessionis
539 1922 592 1949 aut
607 1915 836 1958 resignationis
854 1915 1104 1954 nominatorum,

367 1970 602 2009 existimabant,
622 1968 749 2001 etiamsi
775 1968 824 1999 ius
849 1969 965 2000 stabile
984 1967 1015 1999 in
1042 1968 1104 2000 iltis

365 2023 499 2055 minime
525 2022 786 2064 aequisivissent,
807 2021 962 2063 adeoque,
983 2021 1023 2052 ob
1050 2021 1104 2052 de-

366 2076 484 2108 sectum
510 2075 699 2107 eorumdem
736 2073 978 2105 nominatorum
997 2100 1003 2112 ,
1031 2079 1103 2105 ante

365 2127 570 2160 collationem
608 2137 663 2158 seu
690 2126 960 2158 adiudicationem
999 2125 1104 2167 digni-

364 2185 464 2212 tatum
490 2185 522 2212 et
545 2179 845 2222 praeceptoriarum
866 2189 921 2210 seu
939 2189 1104 2210 commen-

364 2233 476 2265 darum
504 2232 708 2269 huiusmodi,
736 2232 780 2263 sic
806 2232 1030 2270 sniutitarum,
1058 2232 1101 2264 uti

364 2291 514 2317 vacantes
539 2284 740 2317 considerari
759 2284 944 2326 nequirent,
968 2284 1103 2316 novissi-

364 2349 415 2371 me
442 2337 697 2370 declarationem
723 2343 754 2368 et
779 2337 955 2374 decretum,
974 2337 1102 2368 nemine

365 2391 585 2432 discrepante,
612 2389 785 2422 ediderunt
817 2388 938 2420 tenoris
970 2399 1103 2431 sequen-

365 2442 424 2481 tis,
450 2442 623 2475 videlicet:

406 2507 453 2536 Fr.
479 2508 619 2537 Dominus
634 2508 778 2537 Antonius
790 2507 903 2536 Manuel
916 2507 951 2536 de
968 2507 1100 2543 Vilhena,

365 2559 435 2592 etc„
460 2555 609 2592 magister,
633 2559 688 2584 etc.
719 2555 825 2584 Notum
857 2555 980 2584 facimus
1009 2559 1037 2584 et
1059 2558 1103 2584 at-

365 2606 517 2640 testamur,
542 2602 668 2641 qualiter
699 2602 918 2641 infrascriptum
951 2603 1101 2632 decretum

1161 286 1325 312 extractum
1350 283 1403 312 suit
1426 292 1463 312 ex
1479 283 1554 312 libro
1570 282 1762 312 conciliorum
1779 282 1808 312 in
1827 282 1900 312 Can-

1160 331 1281 360 cettan-‘152
1313 334 1414 360 nostra
1435 335 1660 367 conservatum,
1688 331 1773 360 cuius
1803 335 1896 368 tenor,

1160 384 1216 408 etc.
1241 380 1289 409 Die
1312 388 1347 409 xv
1370 380 1478 409 mensis
1499 379 1596 408 martii
1618 388 1774 417 Moccxxx,
1798 379 1831 408 ab
1853 380 1898 409 In-

1159 430 1328 465 oni-natione,
1362 428 1611 457 eminentissimus
1640 433 1668 457 et
1689 427 1898 457 reverendissi-

1160 485 1223 505 mus
1246 477 1380 506 dominus
1402 485 1524 512 magnus
1547 476 1682 513 magister
1705 480 1733 505 et
1755 485 1896 505 veneran-

1160 524 1227 552 dum
1257 525 1412 553 eonsilium
1443 524 1527 553 iustis
1549 524 1584 552 de
1607 524 1702 552 causis
1734 523 1825 560 moti,
1862 533 1896 553 ac

1161 573 1249 601 menti
1271 577 1445 601 statutorum
1477 576 1505 601 et
1536 572 1752 601 ordinationum
1786 572 1896 610 capitu-

1159 621 1261 649 larium
1279 621 1476 657 inhaerentes,
1491 629 1555 649 cum
1569 619 1774 657 suffragiorum
1791 620 1896 649 scruti-

1159 669 1206 698 nio
1232 670 1348 698 nemine
1364 670 1561 708 discrepante,
1575 669 1797 698 declaraverunt
1809 673 1837 698 et
1848 668 1896 697 de-

1158 723 1324 753 creverunt,
1343 723 1385 755 ut,
1403 718 1645 756 quotiescumque
1668 718 1696 746 in
1720 716 1896 746 venerandis

1158 766 1266 804 linguis
1289 767 1331 795 vel
1357 766 1533 805 prioratibus
1556 767 1589 795 ad
1606 765 1828 795 exmutitiouem
1845 764 1897 793 ali-

1157 816 1240 844 cuius
1262 816 1413 853 dignitatis
1438 815 1480 844 rel
1503 815 1702 851 continendae,
1727 814 1824 843 favore
1840 813 1897 842 sra-

1158 864 1208 892 tris
1231 864 1341 892 antiani
1365 864 1480 901 capacis
1502 863 1538 891 ob
1561 863 1802 892 concurrentium
1832 861 1896 900 plu-

1156 913 1300 942 ralitatem
1324 914 1478 941 deventum
1511 913 1576 949 suit,
1605 912 1640 941 ad
1664 921 1768 940 novam
1801 911 1895 948 digni-

1156 965 1225 989 tatis
1247 970 1296 989 seu
1320 962 1509 989 rommendae
1530 960 1695 989 huiusmodi
1726 959 1894 989 exmutitio-

1156 1017 1221 1037 uem
1245 1009 1325 1037 nullo
1340 1009 1471 1047 quaesito
1487 1009 1594 1044 colore,
1613 1007 1728 1044 ingenio
1747 1007 1791 1036 vel
1804 1008 1894 1036 causa

1157 1057 1274 1094 procedi
1299 1061 1442 1095 nequeat:
1466 1066 1519 1085 nec
1542 1056 1631 1094 aliqui
1664 1057 1697 1084 ad
1720 1055 1800 1084 illius
1821 1055 1893 1084 resi-

1155 1105 1321 1141 gnationem
1345 1104 1380 1133 ab
1403 1105 1565 1133 Eminentia
1583 1104 1642 1133 Sua
1657 1103 1769 1132 admitti
1786 1103 1890 1140 valeat,

1155 1153 1223 1191 quin
1249 1154 1345 1192 potius
1377 1153 1460 1181 alteri
1496 1162 1533 1181 ex
1565 1150 1808 1180 concurrentibus
1840 1160 1893 1190 per

1156 1202 1353 1230 venerandum
1377 1201 1533 1230 concilium
1557 1199 1723 1229 adiudicata
1748 1199 1890 1236 extiterit,

1154 1254 1182 1278 et
1205 1249 1328 1279 subinde
1352 1259 1403 1288 per
1426 1249 1505 1278 illius
1527 1258 1640 1277 cessum
1664 1248 1706 1276 vel
1725 1248 1889 1285 decessum,

1154 1299 1215 1327 sive
1233 1298 1424 1336 privationem
1444 1298 1609 1333 vacaverit3
1635 1302 1703 1326 tunc
1716 1297 1806 1332 enim,
1824 1296 1891 1325 ade-

1155 1348 1201 1383 pto
1224 1345 1347 1374 scillicet
1370 1348 1449 1373 certo
1473 1344 1569 1379 titulo,
1593 1353 1696 1372 novam
1731 1351 1892 1380 veramque

1154 1394 1333 1422 vacationem
1366 1393 1485 1430 induci,
1510 1402 1543 1422 ac
1575 1401 1666 1422 novae
1702 1391 1890 1421 exmutitioni

1152 1442 1246 1471 locum
1281 1451 1343 1471 esse
1374 1442 1523 1477 dixerunt,
1547 1441 1648 1479 sicque
1670 1445 1698 1470 et
1723 1449 1781 1469 non
1803 1440 1892 1469 aliter

1151 1490 1263 1519 servari
1287 1490 1510 1519 mandaverunt.
1535 1490 1568 1518 Et
1599 1489 1666 1528 quia
1690 1491 1728 1518 ita
1751 1497 1780 1517 se
1803 1487 1892 1518 habet

1152 1540 1279 1575 veritas,
1304 1543 1360 1567 etc.
1396 1538 1497 1567 Datum
1532 1538 1645 1567 Melitae
1682 1537 1711 1566 in
1744 1541 1890 1566 conventu

1151 1591 1260 1623 nostro,
1284 1587 1331 1615 die
1354 1595 1390 1615 xv
1413 1587 1521 1615 mensis
1537 1586 1632 1614 martii
1654 1594 1801 1615 iioccxxx.
1820 1585 1888 1622 Reg.

1150 1636 1178 1663 in
1215 1635 1388 1665 cancellarii
1407 1658 1414 1671 ,
1449 1639 1506 1663 etc.
1539 1652 1578 1656 -—-
1614 1634 1764 1663 Baiulivus
1799 1634 1891 1662 frater

1150 1684 1288 1712 limaci-:12
1312 1686 1405 1712 Piaro
1429 1682 1711 1712 vico-cancellarius.
1736 1682 1803 1711 Loco
1818 1684 1836 1718 †
1853 1682 1890 1711 si-

1147 1732 1210 1769 yitlt
1232 1732 1412 1769 iizayistralls.

1194 1812 1208 1851 ἓ
1233 1811 1264 1843 ⁶2.
1287 1811 1363 1843 Cum
1390 1817 1511 1849 autem,
1538 1810 1619 1841 sieut
1644 1810 1755 1842 eadem
1793 1820 1889 1852 expo·
1900 1821 2085 1869 nngaggim'ggtsm

1971 1855 2025 1870 [15111
2047 1855 2082 1870 ΘΧ·

1151 1864 1223 1895 sitio
1248 1863 1474 1905 subiungebat,
1502 1863 1576 1895 dicti
1605 1868 1817 1905 exponentes,
1835 1863 2015 1899 de-pnsiutatio
2043 1881 2082 1906 pro

1150 1917 1358 1948 clarationem
1375 1922 1407 1947 et
1421 1917 1583 1948 decretum
1599 1900 2084 1958 praedieta‚quam-lsslssssil‘laahusslssff

1151 1969 1195 2000 vis
1221 1968 1416 2011 aequissima
1445 1978 1480 2000 ac
1506 1968 1635 2000 insimul
1662 1967 1758 1999 etiam
1783 1954 2085 2001 vatidai‘i-qmffl‘il‘350f⁰⁰'

1150 2028 1176 2053 et
1205 2021 1423 2061 inviolabilia,
1451 2027 1562 2063 utpote
1599 2020 1824 2053 stabilimentis
1856 2027 1888 2054 et

1149 2074 1408 2106 ordinationitms
1440 2074 1674 2116 capitularibus
1706 2074 1887 2106 conformia

1149 2128 1220 2165 sint,
1244 2127 1455 2159 nibilominus
1482 2127 1546 2165 illa,
1572 2127 1611 2159 ad
1637 2126 1793 2159 maiorem
1814 2137 1888 2159 cau-

1150 2181 1253 2217 telam,
1277 2180 1339 2210 vim
1367 2185 1398 2211 et
1422 2179 1639 2217 securitatem,
1665 2179 1702 2210 ad
1725 2179 1886 2211 eiusmodi

1148 2232 1264 2263 abusus
1290 2231 1518 2268 eradicandos,
1545 2232 1742 2273 apostolicae
1769 2231 1887 2263 contir-

1148 2283 1300 2316 mationis
1316 2289 1443 2315 nostrae
1459 2284 1578 2315 robore
1593 2283 1785 2316 communiri
1804 2294 1887 2315 sum-

1148 2347 1282 2378 mopere
1309 2337 1511 2368 desiderent:
1530 2347 1598 2374 nos,
1618 2346 1768 2378 magnum
1787 2337 1887 2378 magi-

1147 2395 1245 2420 strum
1272 2394 1303 2421 et
1329 2388 1501 2420 consilium
1530 2389 1712 2430 praedictos
1737 2389 1887 2431 speciali-

1147 2442 1204 2473 bus
1225 2442 1382 2474 savoribus
1396 2446 1428 2473 et
1442 2442 1552 2483 gratiis
1566 2441 1718 2483 prosequi
1732 2443 1885 2480 volentes,

1148 2499 1178 2525 et
1200 2504 1313 2525 eorum
1340 2494 1523 2535 singulares
1549 2504 1705 2536 personas
1723 2504 1740 2525 a
1758 2494 1885 2535 quibus-

1145 2547 1191 2577 vis
1215 2546 1575 2585 excommunicationis,
1601 2546 1823 2589 suspensionis
1852 2552 1884 2578 et

1146 2598 1321 2637 interdicti,
1345 2599 1480 2641 aliisque
1506 2598 1736 2631 ecelesiasticis
1753 2603 1883 2630 senten-
