2182 3137
508 232 570 264 (542
1056 235 1231 259 ariminium
1258 234 1409 259 nomnen

460 294 622 338 :Egidiana
646 298 677 327 et
700 291 867 336 Carpensis
893 289 1133 324 constitutiones
1158 287 1188 321 in
1214 285 1379 332 provincia
1403 285 1569 328 Marchiae,
1594 285 1659 319 396
1684 296 1726 326 cc3
1754 295 1807 319 eas
1828 287 1997 320 servandas

547 357 615 381 esse
635 346 722 379 iuxta
745 344 875 378 modum
899 342 1143 388 praescribitur,
1172 341 1250 375 ibid.

459 401 653 435 Albanorum
669 400 813 433 iuventus
830 398 909 431 ritus
927 397 1030 440 graeci
1052 406 1132 440 quae
1150 405 1166 428 a
1183 396 1357 428 Turcarum
1385 392 1548 437 tyrannide
1572 393 1610 425 ad
1636 396 1814 426 maternum
1839 393 1998 428 Ecclesiae

548 454 651 486 sinum
675 463 708 486 se
733 451 881 492 contulit,
906 450 971 484 464
995 461 1034 491 α;
1060 460 1118 493 pro
1145 449 1211 492 ipsa
1236 447 1407 482 erudienda
1424 446 1595 489 collegium
1614 446 1693 480 ritus
1711 446 1816 489 graeci
1833 446 1864 480 in
1882 447 1999 492 oppido

550 505 649 539 Ullani
674 503 906 549 Bisignanensis
930 503 1085 536 dioecesis
1110 501 1253 544 erigitur⁷
1279 500 1345 534 464
1370 502 1385 533 b
1409 505 1439 533 et
1462 510 1523 543 seq.

459 559 638 592 Alberonus
663 557 831 591 cardinalis
855 556 951 590 Iulius
980 555 1149 598 collegium
1174 554 1363 588 clericorum
1389 553 1419 586 S.
1440 553 1547 586 Lazari
1572 563 1674 596 prope
1700 552 1888 586 Placentiam
1913 554 2001 587 insti-

549 611 625 652 tuit,
650 611 714 645 418
739 622 759 644 a
783 616 813 644 et
840 621 924 654 sequ,
951 609 1061 652 illique
1097 607 1303 650 gubernando
1329 606 1533 650 presbyteros
1559 605 1822 649 Congregationis
1847 607 2001 642 Missionis

550 664 698 705 destinat,
722 664 788 697 475
811 665 828 697 b
852 668 883 696 et
905 674 965 707 seq.

462 718 639 763 Alphonsus
664 717 815 757 Estensis,
833 716 908 749 dum
934 715 1024 757 vixit,
1046 715 1209 748 Ferrariae
1235 715 1315 755 dux,
1333 713 1397 747 618
1422 724 1456 749 a:
1485 712 1652 756 collegium
1678 719 1923 756 procuratorum
1949 720 2002 748 aut

549 770 782 805 causidicorum
806 768 940 802 instituit
964 768 1147 808 Feri-ariae,
1173 766 1236 800 6218
1262 768 1279 799 b
1304 772 1334 800 et
1358 778 1417 811 seq.

461 824 663 858 Alternativa.
690 842 732 848 —
757 823 899 857 Provisio
924 821 1152 855 beneficiorum
1177 830 1230 853 sex
1248 820 1321 852 anni
1347 819 1508 853 mensibus
1532 819 1709 853 vacantium
1734 819 1934 864 patriarchis,
1954 831 2003 854 ar-

549 877 759 921 chiepiscopis
783 882 814 909 et
839 875 994 919 episcopis
1019 873 1220 914 conceditur,
1246 873 1266 905 4
1287 884 1317 906 a.

462 931 651 965 Alternativa
675 931 706 963 in
731 929 902 974 provinciis
927 927 1139 971 regularium,
1163 926 1233 960 vate
1254 928 1402 970 proprios
1429 926 1536 959 titulos
1562 926 1722 960 Ordinum
1746 927 1958 971 reqularium.

462 984 627 1018 Alverniae
645 993 735 1016 mons
753 982 805 1015 ubi
822 983 855 1015 B.
874 981 1059 1014 Franciseus
1083 979 1208 1013 Ordinis
1233 980 1366 1011 fratrum
1391 977 1547 1011 Minorum
1572 977 1732 1012 institutor
1756 979 1854 1013 sacris
1878 979 2006 1023 stigma-

553 1037 635 1070 tibus
660 1036 741 1069 mira
766 1035 820 1068 Dei
845 1034 945 1077 gratia
970 1034 1143 1077 impressus
1168 1038 1230 1073 est,
1256 1031 1315 1065 ‘141
1346 1042 1377 1064 α.

463 1091 630 1134 Angelicae
663 1089 816 1122 moniales
848 1092 1048 1131 nuncupatae
1073 1085 1335 1129 Congregationis
1369 1085 1397 1117 S.
1424 1084 1510 1117 Pauli
1543 1084 1574 1116 in
1607 1085 1731 1118 civitate
1760 1085 2005 1128 Mediolanensi,

552 1143 616 1176 215
641 1154 682 1183 a,
713 1142 751 1175 ad
777 1144 916 1186 ipsarum
941 1140 1091 1173 ecclesias
1116 1139 1295 1172 extenditur
1329 1137 1491 1171 concessio
1523 1137 1739 1180 indulgentiae
1770 1144 1942 1183 perpetuae
1974 1139 2006 1172 in

550 1197 660 1230 diebus
684 1194 905 1230 Conversionis
930 1199 959 1227 et
984 1192 1299 1227 Commemorationis
1323 1191 1351 1224 S.
1379 1190 1464 1223 Pauli
1489 1191 1642 1234 apostoli,
1667 1191 1731 1224 ⁶215
1755 1192 1782 1224 b.

461 1251 599 1285 Antolini
624 1250 685 1294 (S.)
711 1248 858 1293 martyris
880 1247 1017 1281 officium
1045 1252 1074 1279 et
1099 1245 1196 1278 missa
1228 1255 1298 1278 cum
1325 1244 1467 1278 oratione
1500 1249 1530 1277 et
1562 1243 1747 1278 lectionibus
1782 1245 1922 1290 propriis
1953 1256 2002 1280 se-

551 1304 644 1337 cundi
670 1309 700 1337 et
725 1303 808 1337 tertii
833 1302 998 1342 nocturni,
1026 1300 1090 1333 2244
1114 1311 1133 1333 α
1160 1304 1190 1332 et
1214 1300 1240 1331 b.

461 1357 614 1390 Antonius
639 1357 698 1400 (S.)
724 1356 820 1389 abbas
845 1354 1075 1388 monachorum
1102 1352 1303 1387 orientalium
1330 1351 1491 1384 institutor
1514 1350 1676 1394 laudatur,
1701 1350 1765 1384 327
1791 1351 1818 1385 b.

462 1410 659 1455 Appellatio,
684 1410 754 1443 vide
778 1410 945 1443 Recursus.

460 1463 656 1508 Approbatio
681 1463 862 1507 apostolica.
887 1481 931 1485 -—
955 1460 1150 1505 Approbatio
1176 1459 1436 1494 constitutionum
1458 1458 1611 1492 Ordinurn
1640 1459 1854 1502 regularium,
1879 1460 1926 1493 vel
1952 1460 2005 1493 de-

551 1522 711 1550 cretorum
737 1516 950 1560 capitulorum
977 1514 1173 1558 generalium
1199 1513 1245 1546 vel
1275 1512 1537 1557 provincialium,
1562 1517 1632 1554 etc„
1665 1512 1738 1547 victe
1758 1515 1908 1557 proprios
1931 1515 2004 1548 titu-

549 1570 596 1603 los
626 1569 786 1604 ordinum
811 1573 839 1602 et
866 1569 1160 1611 Congyreqaceonum
1185 1567 1397 1610 reyntartum.

460 1623 657 1667 Approbatio
693 1622 895 1655 decretorum
931 1620 1244 1664 Congregationum,
1277 1619 1348 1652 ride
1378 1618 1506 1653 decreta
1530 1619 1822 1664 Congregationum
1850 1621 1878 1655 S.
1904 1621 1940 1655 R.
1968 1622 2002 1655 E.

552 1675 776 1709 cardinalium.

460 1729 812 1763 Archiconsraternitas.
841 1748 882 1753 —-
907 1727 1248 1761 Arc-liiconsraternitas
1273 1727 1325 1760 SS.
1350 1726 1544 1759 Sacramenti
1570 1726 1602 1758 in
1627 1726 1759 1761 ecclesia
1779 1727 1810 1761 S.
1834 1727 1950 1761 Mariae
1967 1728 2005 1761 ad

548 1783 699 1827 Martyres
722 1782 759 1815 de
784 1782 867 1816 Urbe
892 1788 1015 1822 erecta,
1040 1780 1105 1814 410
1130 1782 1165 1821 b,
1191 1787 1221 1814 et
1244 1780 1308 1813 412
1334 1780 1359 1812 b.

461 1837 655 1870 Archivium.
683 1855 726 1859 —
750 1836 811 1869 Pro
835 1835 1010 1869 directione
1034 1835 1168 1868 archivii
1194 1834 1360 1877 regiminis
1386 1833 1593 1867 Bononiensis
1625 1833 1882 1867 constitutionem
1908 1834 2006 1869 edidit

550 1889 767 1923 Ferdinandus
799 1889 966 1922 cardinalis
991 1888 1121 1928 Abdua,
1147 1887 1205 1921 261
1236 1888 1274 1927 b;
1307 1887 1449 1920 eamdem
1483 1887 1576 1921 certis
1608 1886 1723 1920 finibus
1756 1887 2007 1932 circumscripsit

552 1943 688 1976 Thomas
712 1942 881 1976 cardinalis
905 1942 1026 1983 Rullus,
1052 1942 1116 1974 0262
1142 1952 1183 1981 a;
1211 1946 1241 1974 et
1265 1941 1451 1973 Benedictus
1468 1940 1537 1974 XIII
1563 1940 1772 1982 confirmavit,
1800 1940 1863 1974 “26⁶2
1887 1941 1920 1982 b;
1945 1942 2004 1975 sub

549 1996 658 2029 eadem
684 1995 909 2040 comprehendi
934 1995 1077 2037 singulos
1101 1993 1330 2027 ecclesiasticos
1356 1999 1420 2026 tam
1444 1993 1624 2027 saeculares
1648 2004 1741 2038 quam
1771 1994 1935 2037 regulares
1960 1999 2005 2028 to-

549 2050 610 2083 tius
634 2049 812 2092 Legationis
838 2054 867 2081 et
891 2057 1111 2092 quoscumque
1140 2046 1281 2079 notarios
1307 2046 1400 2079 etiam
1427 2046 1532 2079 curiae
1561 2046 1841 2091 archiepiscopalis
1864 2047 2006 2084 declarat

555 2103 697 2136 Clemens
722 2102 792 2142 XII,
818 2101 882 2135 0263
907 2113 927 2135 α
953 2107 982 2134 et
1006 2112 1077 2146 ειη,
1103 2111 1198 2144 super
1222 2100 1449 2133 archiviatione
1473 2100 1755 2134 instrumentorum
1780 2111 1840 2145 pro
1864 2111 2006 2135 commu-

551 2156 699 2189 nitatibus
719 2161 748 2189 et
773 2155 1029 2189 universitatibus
1053 2154 1236 2199 provinciae
1260 2154 1437 2194 Marchiae,
1462 2152 1526 2187 396
1552 2165 1582 2187 α.

460 2208 607 2242 Aretinae
631 2208 782 2242 ecclesiae
807 2209 933 2249 laudes,
960 2208 1023 2242 140
1047 2209 1073 2241 b.

459 2260 596 2294 Aretinis
620 2260 778 2304 episcopis
804 2261 890 2304 pallii
917 2271 992 2294 usus
1018 2261 1219 2303 conceditur,
1244 2261 1304 2294 141
1334 2261 1351 2293 b
1375 2265 1405 2294 et
1429 2271 1491 2304 seq.

462 2316 521 2347 Ars
538 2315 657 2355 telaria,
675 2316 769 2358 vulgo
791 2315 838 2348 cle'
859 2315 1045 2359 ιουαςχίίανί,
1066 2315 1225 2349 Bononiae
1242 2315 1395 2355 instituta,
1414 2313 1471 2348 531
1494 2314 1527 2355 b3
1550 2315 1620 2348 vide
1637 2314 1859 2349 Universitates
1876 2315 2001 2358 artium·

458 2368 696 2411 Augustiniani,
721 2369 792 2402 vide
812 2369 968 2402 Eremitae
992 2369 1021 2402 S.
1047 2369 1224 2412 Augustini.

460 2422 616 2464 Augustus
648 2432 702 2455 rex
733 2422 881 2456 Poloniae
912 2427 942 2456 et
972 2422 1125 2455 Saxoniae
1149 2423 1210 2456 dux
1242 2428 1272 2456 et
1302 2423 1383 2456 sacri
1408 2422 1530 2456 romani
1556 2422 1681 2467 imperii
1709 2423 1855 2468 princeps
1879 2423 1997 2457 elector

546 2475 582 2507 ad
608 2475 765 2518 gremium
790 2475 948 2509 Ecclesiae
973 2476 1145 2510 catholicae
1170 2486 1334 2517 reversus,
1360 2475 1425 2509 414
1450 2476 1476 2509 b.

2132 2347 2182 2498 j

2144 2488 2168 2546 'l
