2182 3137
61 237 112 263 An.
133 237 161 263 C.
180 237 246 263 1734

91 1794 228 1814 thurirnia'ur

45 1823 65 1840 el
80 1821 206 1841 declaratur,

891 240 1032 265 CLEMENS
1059 241 1099 265 ΧΠ
1125 243 1172 266 Pr.

253 297 330 319 num
355 287 554 320 cardinalem
580 294 797 331 protectorem
823 290 988 333 quondan]

254 339 348 372 Petro
382 340 502 374 Marino
540 347 614 374 tunc
637 342 807 386 -temporis
840 343 989 377 ministro

253 393 396 434 generali
423 393 498 426 dicti
524 394 652 427 OrdinIs
680 395 836 435 remisso,
862 402 896 428 ut
932 407 989 439 pro

252 456 387 479 munere
411 458 467 480 suo
493 448 632 491 desuper
657 450 866 491 provideret:
903 450 989 483 idem

252 499 364 532 Petrus
378 500 524 533 minister
541 502 709 543 generalis,
729 504 885 536 consultis
901 504 990 546 prius

251 553 372 596 aliquot
397 564 433 586 ex
459 555 660 596 gravioribus
687 556 838 589 fratribus
864 557 903 589 de
928 558 990 591 Ob-

249 607 409 639 servantia
434 618 471 640 ac
507 608 698 642 Iterat-matis
724 610 860 653 praefati
898 610 989 643 Ordi-

249 660 310 700 nis,
334 670 369 692 ac
388 661 577 704 ponderatis
595 673 705 695 eorum
725 664 989 706 allegationibus,

249 712 300 744 die
336 723 385 747 xix
420 714 532 757 aprilis
565 725 757 749 nomxxxvn
791 717 829 749 de
855 717 987 750 illorum

248 766 386 800 consilio
412 778 448 801 ae
473 774 546 802 voto
573 770 737 802 decretum
763 770 885 811 edidit,
925 782 987 815 quo

249 821 424 854 declaravit
456 827 487 855 et
511 822 655 855 delinivit
680 824 901 867 supradictum
927 826 986 857 Λιι-

248 875 383 915 tonium,
404 875 463 908 etsi
490 886 548 918 per
572 876 712 919 spatium
731 878 875 910 continui
895 879 987 912 trien-

246 928 291 961 nii
317 930 471 972 completi
498 930 640 963 officium
677 932 902 974 procuratoris
938 944 988 975 ge-

246 982 365 1016 neralis
390 983 572 1016 istiusmodi
598 994 663 1016 non
688 984 834 1025 obiisset,
853 986 909 1018 sed
930 997 987 1030 per

245 1035 433 1068 continuum
451 1036 625 1069 triennium
651 1037 839 1081 incoeptum
859 1039 984 1072 dumta-

244 1094 296 1121 xat
321 1089 525 1129 exercuisset,
553 1091 770 1124 nibilominus
795 1103 869 1126 vere
897 1099 928 1126 et
946 1094 983 1127 ad

243 1153 374 1175 sensum
400 1144 616 1186 praefatarum
643 1145 825 1179 litterarum
852 1147 985 1180 Alexan-

244 1196 292 1228 dri
318 1197 578 1240 praedecessoris
606 1204 731 1242 tempus
765 1200 796 1231 in
823 1200 870 1233 eis
895 1212 985 1244 prae-

243 1249 399 1292 scriptum
425 1251 614 1294 explevisse,
636 1252 781 1296 adeoque
803 1254 830 1286 ei
853 1264 982 1297 compe-

244 1307 311 1335 tere
336 1314 373 1336 ac
399 1303 509 1336 deberi
529 1310 636 1337 votum
654 1312 846 1349 perpetuum
866 1309 905 1341 ad
925 1308 982 1340 sor-

242 1366 324 1389 mam
361 1358 544 1391 earumdem
582 1351 785 1401 litterarum,
813 1372 849 1394 ac
883 1372 982 1406 super

242 1410 401 1443 eiusmodi
428 1413 647 1446 controversia
681 1414 846 1448 silentium
882 1415 981 1458 impo-

241 1463 315 1503 suit,
340 1468 369 1498 et
393 1464 481 1505 alias,
508 1472 604 1509 prout
621 1467 651 1499 in
670 1467 802 1502 decreto
824 1470 981 1512 praefato,

241 1517 331 1550 cuius
365 1518 502 1561 perinde
544 1530 580 1553 ac
613 1519 771 1553 dictarum
805 1522 979 1555 Alexandri

240 1571 500 1612 praedecessoris
528 1573 706 1606 litterarum
736 1580 867 1608 tenores
893 1587 983 1619 prae·

240 1624 386 1658 sentibus
422 1637 481 1668 pro
519 1628 615 1669 plene
653 1631 683 1661 et
708 1629 903 1662 sufficienter
928 1642 981 1663 ex-

240 1678 361 1720 pressis
387 1684 417 1711 et
442 1679 571 1712 insertis
591 1680 703 1713 baberi
727 1682 887 1723 volumus,
908 1684 980 1717 ube·

239 1731 304 1764 rins
331 1732 528 1766 continetur.

283 1785 297 1828 ἓ
321 1784 353 1818 3.
380 1785 456 1819 Cum
482 1792 602 1827 autem,
629 1788 713 1821 sicut
739 1790 854 1822 eadem
882 1802 979 1835 expo-

239 1838 314 1871 sitio
340 1839 567 1882 subiungebat,
596 1843 745 1875 nonnulli
773 1845 978 1886 postmodum

239 1891 449 1925 commissarii
476 1905 513 1926 ac
546 1902 770 1937 procuratores
808 1900 979 1940 generales

240 1946 420 1989 respective
447 1947 521 1980 dicti
547 1948 684 1989 Ordinis,
712 1951 765 1993 qui
801 1946 976 1986 triennium

238 2000 416 2042 praefatum
444 2012 508 2034 non
545 2002 770 2044 absolverant,
798 2003 901 2047 ignari
929 2006 979 2040 dc-

238 2053 316 2086 creti
330 2053 526 2094 huiusmodi,
540 2061 594 2088 ant
608 2056 645 2089 ad
661 2057 819 2090 maiorem
836 2064 867 2091 et
881 2060 979 2092 abnn—

238 2106 419 2140 dantiorcm
445 2108 623 2148 cautelam,
652 2109 771 2151 gratias
798 2110 976 2146 identidem

237 2171 255 2192 a
271 2159 352 2193 Sede
376 2161 560 2203 Apostolica
578 2161 783 2205 impetrarint
800 2175 872 2197 eum
892 2166 978 2199 clau-

236 2214 306 2246 suta
335 2213 472 2256 perinde
498 2225 533 2247 ac
558 2215 582 2247 si
610 2215 774 2258 integrum
801 2218 976 2252 triennium

237 2266 490 2309 complevissent
525 2278 581 2300 seu
623 2280 755 2302 munere
796 2270 975 2305 istiusmodi

236 2329 296 2361 per
321 2322 479 2362 integrum
504 2322 679 2355 triennium
702 2324 801 2357 suncti
825 2325 976 2359 fuissent:

235 2372 296 2415 ipsi
324 2380 526 2416 exponentes
552 2386 788 2420 spiamcumque
808 2378 977 2412 dubitatio-

236 2426 285 2458 nis
305 2432 335 2458 et
353 2428 579 2465 contentionis,
598 2440 678 2471 quae
697 2430 812 2463 exinde
828 2437 880 2463 aut
899 2432 975 2465 alias

236 2480 483 2523 quomodolibet
508 2492 606 2525 super
630 2482 845 2525 intelligentia
871 2491 901 2518 ct
929 2486 975 2518 in-

236 2533 468 2576 terpretatione
504 2535 659 2568 dictarum
687 2537 857 2570 Alexandri
884 2550 975 2582 prae-

235 2586 419 2619 decessoris
438 2587 615 2621 litterarum
636 2590 741 2622 enasci
763 2597 904 2634 possent,
923 2604 974 2625 oc-

235 2640 398 2673 casionem
433 2641 614 2675 submoveri
652 2643 823 2686 plurimum
849 2645 974 2679 deside-

1671 238 1735 271 aa}

1034 296 1117 323 rant.
1144 291 1242 325 Nobis
1268 299 1442 337 propterea
1467 295 1634 329 humiliter
1654 296 1772 340 suppli-

1033 343 1096 375 cari
1119 343 1263 377 fecerunt
1281 351 1313 378 nt
1331 353 1514 390 opportune
1535 348 1565 380 in
1584 350 1771 392 praemissis

1034 397 1202 439 providere
1220 405 1251 431 et
1275 405 1308 431 ut
1333 400 1415 433 infra
1436 401 1604 444 indulgere
1624 403 1662 436 (le
1681 404 1772 436 beni-

1033 450 1155 490 gnitate
1181 452 1361 493 apostolica
1382 454 1602 496 dignaremur.
1624 456 1687 489 Nos
1713 457 1771 499 igi-

1035 507 1098 543 tur,
1126 503 1213 547 ipsos
1239 512 1438 548 exponentes
1464 509 1659 550 specialibus
1684 510 1772 543 savo-

1034 555 1125 588 ribus
1162 563 1194 589 et
1230 559 1341 600 gratiis
1368 561 1521 603 prosequi
1547 563 1713 604 volentes,
1740 571 1772 597 et

1035 619 1146 642 eornm
1173 611 1355 654 singulares
1381 625 1535 656 personas
1562 627 1578 648 a
1604 617 1770 659 quibusvis

1034 664 1375 698 c,xcommnnicationis
1391 693 1398 705 ,
1425 668 1647 710 suspensionis
1672 676 1704 703 et
1724 672 1771 704 in-

1035 715 1173 755 terdicti,
1197 717 1331 760 aliisque
1350 720 1575 754 ecclesiasticis
1589 724 1770 765 sententiis,

1032 769 1181 802 censuris
1208 775 1238 802 et
1264 772 1399 814 poeniS,
1426 783 1442 805 a
1478 774 1546 807 iure
1572 776 1620 808 vel
1647 776 1687 809 ab
1713 778 1770 811 lio-

1031 821 1127 862 mine,
1155 823 1266 866 quavis
1291 825 1460 859 occasione
1486 827 1534 859 vel
1560 830 1654 861 causa
1679 830 1769 871 latis,

1032 874 1057 906 si
1085 875 1203 918 quibus
1230 878 1478 920 quomodolibet
1502 879 1676 915 innodatae
1706 883 1770 916 exi-

1031 933 1130 969 stunt,
1158 929 1196 961 ad
1223 929 1371 963 ell'eetum
1399 933 1621 974 praesentium
1647 935 1771 969 dumta-

1031 986 1083 1014 xat
1108 984 1387 1026 consequendtun,
1414 985 1527 1019 barum
1552 988 1637 1021 serie
1664 989 1769 1023 absol-

1029 1041 1138 1067 ventes
1165 1041 1196 1068 et
1220 1036 1385 1070 absolutas
1410 1038 1477 1072 sore
1504 1046 1688 1081 censentes,
1710 1043 1768 1075 lin—

1029 1087 1168 1121 iusmodi
1184 1090 1478 1133 supplicationibus
1496 1092 1660 1135 inclinati,
1679 1106 1767 1129 enar-

1030 1145 1114 1173 ratas
1139 1142 1314 1175 Alexandri
1340 1145 1599 1187 praedecessoris
1625 1147 1767 1190 litteras,

1029 1195 1147 1236 quibus
1180 1196 1357 1238 praedictis
1391 1199 1620 1233 commissariis
1657 1201 1768 1235 Curiae

1028 1253 1059 1280 et
1089 1249 1354 1291 procuratoribus
1389 1253 1596 1293 generalibus
1630 1255 1768 1289 familiae

1027 1300 1277 1342 Cismontanae,
1303 1303 1356 1346 qui
1382 1315 1438 1337 sua
1462 1307 1638 1349 respective
1665 1309 1768 1342 ollicia

1029 1353 1159 1387 triennii
1178 1356 1323 1389 continui
1343 1358 1445 1401 spatio
1464 1366 1642 1402 gesserunt,
1663 1362 1767 1395 sull'ra-

1025 1407 1112 1449 gium
1140 1408 1205 1441 sive
1232 1415 1340 1443 votum
1365 1417 1557 1454 perpetuum
1583 1414 1768 1448 attribuitur

1026 1461 1108 1493 sicut
1131 1463 1362 1505 Inaemittittu,
1382 1465 1467 1498 iuxta
1486 1466 1651 1501 decretum
1671 1480 1687 1501 a
1705 1480 1768 1502 me-

1026 1521 1152 1548 morato
1178 1516 1273 1550 Petro
1294 1518 1440 1552 ministro
1459 1522 1603 1562 generali
1630 1522 1764 1564 editum,

1025 1570 1063 1603 de
1090 1570 1230 1605 triennio
1256 1572 1430 1617 incoepto,
1458 1576 1632 1610 dnmmodo
1660 1583 1767 1611 tamen

1024 1623 1130 1665 ipsum
1167 1626 1343 1659 triennium
1376 1627 1561 1672 incoeptum
1599 1631 1640 1663 sit
1664 1631 1767 1664 conti-

1024 1687 1123 1709 nuum
1143 1684 1174 1710 et
1199 1689 1263 1711 non
1290 1680 1520 1724 interpolatum
1542 1694 1601 1726 per
1622 1684 1766 1719 notabile

1025 1731 1181 1773 temporis
1207 1733 1357 1775 spatium,
1383 1734 1614 1778 intelligendas
1640 1748 1709 1771 esse
1735 1745 1767 1771 et

1023 1784 1101 1824 sore,
1121 1787 1313 1820 auctoritate
1334 1789 1525 1831 apostolica,
1546 1796 1659 1824 tenore
1677 1803 1766 1835 prac-

1022 1839 1173 1878 sentinm,
1199 1841 1370 1873 statuimus
1397 1847 1428 1874 et
1453 1843 1676 1885 declaramus;
1710 1845 1767 1878 sic-

1022 1902 1084 1934 que
1104 1903 1163 1935 pcr
1184 1904 1406 1937 quoscumque
1432 1896 1554 1929 indices
1581 1898 1766 1931 ordinarios

1022 1949 1051 1978 et
1064 1945 1240 1989 delegatos
1257 1947 1352 1980 etiam
1375 1959 1543 1982 causarum
1561 1951 1670 1993 palatii
1690 1963 1765 1995 apo-

1022 1999 1124 2032 stolici
1152 2000 1326 2041 auditores,
1346 2001 1481 2034 iudicari
1507 2008 1538 2036 et
1564 2004 1690 2037 deliniri
1712 2005 1766 2039 de·

1021 2053 1121 2094 bere,
1148 2065 1184 2087 ac
1210 2054 1336 2087 irritum
1363 2061 1393 2088 et
1418 2056 1513 2089 inane
1543 2057 1566 2090 si
1593 2068 1686 2091 secus
1713 2069 1760 2091 su-

1021 2118 1081 2151 per
1107 2107 1156 2140 liis
1181 2119 1198 2140 a
1219 2117 1392 2151 quoquam,
1420 2110 1529 2153 quavis
1555 2112 1760 2153 auctoritate,

1021 2161 1161 2194 scienter
1179 2162 1225 2194 xel
1245 2161 1442 2204 ignoranter,
1462 2164 1635 2207 contigerit
1660 2172 1763 2200 atten-

1022 2214 1093 2247 tari.

1064 2270 1078 2311 ξ
1103 2268 1134 2300 4.
1162 2268 1229 2301 Νοιι
1260 2270 1463 2303 obstantibus
1490 2273 1697 2315 praemissis,
1724 2286 1761 2308 ac

1020 2322 1302 2355 constitutionibus
1334 2329 1365 2356 et
1399 2324 1658 2359 ordinationibus
1684 2339 1760 2371 apo-

1019 2376 1151 2416 stolicis,
1179 2387 1317 2416 necnon,
1342 2383 1500 2420 quatenus
1527 2390 1608 2422 opus
1634 2381 1682 2423 sit⁷
1703 2384 1759 2415 Or-

1020 2429 1103 2461 dinis
1124 2431 1267 2473 prael'ati‚
1294 2431 1388 2463 ctiam
1415 2431 1616 2472 iuramento,
1642 2436 1758 2468 contir-

1018 2483 1159 2516 matione
1185 2484 1374 2527 apostolica,
1397 2486 1443 2518 vel
1471 2486 1581 2528 quavis
1608 2488 1757 2523 tirmitate

1018 2537 1079 2570 alia
1104 2539 1275 2578 roboratis,
1300 2539 1425 2585 statutis
1455 2545 1486 2572 et
1517 2545 1758 2577 consuetudini-

1018 2591 1088 2631 bus,
1113 2592 1288 2635 privilegiis
1316 2603 1467 2636 quoque,
1495 2593 1629 2629 indultis
1655 2602 1685 2630 et
1710 2597 1756 2631 lit-

1019 2646 1094 2678 teris
1111 2645 1298 2689 apostolicis
1316 2646 1347 2679 in
1370 2649 1568 2683 contrarium
1596 2652 1755 2695 praemis-

1780 249 1831 274 An.
1856 249 1882 275 C.
1903 249 1969 275 ¹734

1821 2287 1953 2308 Obstan'tum

1772 2313 1892 2338 derogatio.
