2182 3137
20 207 68 235 An.
84 205 113 233 C.
136 205 204 233 1733

825 205 966 231 CLEMENS
991 206 1009 230 X
1015 206 1038 230 tt
1061 207 1110 231 PP.

215 254 277 288 sito
290 265 354 288 non
371 255 530 296 tollendo,
556 255 693 298 aliisque
719 254 959 287 constitutioni-

215 309 275 342 bus
291 314 321 342 et
338 309 598 342 ordinationibus
617 308 814 352 apostolicis,
831 318 957 340 necnon

215 362 351 395 civitatis
369 390 377 404 ,
404 363 588 403 comitatus,
615 362 831 400 societatum,
859 362 958 394 colle-

216 415 342 457 giorum
368 426 404 449 ac
429 415 678 449 universitatum
704 415 902 454 huiusmodi,
927 425 957 446 a·

216 468 307 502 liisve
334 469 514 513 quibusvis,
540 469 634 508 etiam
663 469 857 508 iuramento,
882 479 958 501 con·
980 478 981 502 t

215 521 400 554 firmatione
424 521 620 565 apostolica,
646 524 695 556 vel
722 522 835 565 quavis
861 521 957 553 tirmi-

218 580 281 607 tate
296 575 359 608 alia
377 575 549 614 roboratis,
568 575 957 615 statutis,stabilimentis,

215 629 330 671 stylis,
358 628 494 668 usibus,
520 629 697 672 privilegiis
723 639 875 672 quoque,
911 628 958 660 iu-

216 681 312 714 dultis
351 688 382 714 et
420 682 536 715 litteris
562 682 766 726 apostotici&
793 683 851 715 sub
888 681 959 725 qui-

215 734 418 778 buscumque
440 736 614 768 verborum
643 735 811 768 tenoribus
838 740 869 768 et
895 735 959 768 sor-

215 787 286 827 mis,
312 799 349 820 ac
374 799 445 821 cum
472 788 640 831 quibusvis
665 789 762 821 etiam
787 788 959 831 derogato-

216 840 338 874 riarum
356 841 591 884 derogatoriis‚
610 841 748 885 aliisque
767 841 959 874 esticaciori-

215 894 286 935 buS,
312 895 546 928 efficacissimis
572 900 604 928 et
633 895 772 928 insolitis
806 895 958 928 clausulis

215 952 247 981 et
271 948 425 989 decretis,
449 948 480 980 in
503 959 624 991 genere
641 949 690 981 vel
709 949 740 981 in
760 948 884 992 specie,
906 953 959 981 aut

216 1001 294 1034 alias
318 1001 349 1034 in
375 1001 574 1035 contrarium
604 1002 858 1045 praemissorum
884 1011 959 1045 quo-

215 1056 394 1089 modolibet
415 1056 586 1096 concessis,
605 1056 805 1089 confirmatis
823 1061 855 1089 et
872 1055 958 1089 inno·

215 1110 296 1143 vatis
310 1122 316 1149 ;
331 1110 453 1154 *quibus
467 1111 620 1143 omnibus
631 1116 662 1143 et
674 1110 822 1153 singulis,
835 1110 957 1143 etiamsi

215 1174 275 1208 pro
309 1164 441 1198 illorum
472 1165 645 1198 suliicienti
674 1165 889 1208 derogatione
920 1165 958 1199 de

215 1217 280 1250 illis
301 1228 478 1262 eorumque
505 1219 580 1251 totis
601 1219 769 1252 tenoribus
793 1219 956 1262 specialis,

215 1272 384 1314 specifica,
410 1282 566 1316 expressa
593 1278 624 1304 et
649 1271 833 1312 individua,
858 1283 893 1305 ac
920 1273 958 1305 de

215 1326 316 1358 verbo
342 1325 379 1358 ad
406 1325 550 1366 verbum,
576 1336 641 1358 non
667 1331 773 1359 autem
801 1336 861 1369 per
878 1325 960 1358 clau-

215 1379 309 1411 sulas-
328 1379 501 1422 generales
522 1379 608 1411 idem
626 1379 851 1422 imponantes,
870 1389 954 1412 men·

215 1432 259 1465 tio
284 1442 338 1466 scu
365 1433 499 1476 quaevis
525 1433 587 1466 alia
609 1433 776 1477 expressio
797 1432 957 1473 habenda,

215 1491 270 1519 aut
294 1486 400 1530 aliqua
428 1487 489 1520 alia
514 1487 673 1531 exquisita
699 1487 802 1520 forma
830 1487 869 1519 ad
896 1487 958 1519 lioc

215 1541 376 1573 servanda
401 1541 499 1582 soret,
525 1542 658 1574 illorum
685 1541 830 1574 omnium
851 1545 881 1574 et
899 1540 960 1573 sin-

215 1594 367 1636 gulorum
395 1600 524 1628 tenores
544 1595 771 1639 praesentibus
786 1595 958 1638 pi·o]plene

215 1653 247 1681 et
272 1648 468 1682 sufficienter
500 1649 663 1692 expressis
695 1660 732 1682 ac
757 1649 796 1682 ad
821 1649 956 1682 verbum

215 1702 347 1736 insertis
372 1702 545 1743 habentes,
573 1702 636 1735 illis
663 1702 742 1735 alias
769 1702 800 1734 in
827 1713 884 1736 suo
910 1713 959 1736 ro-

215 1756 294 1790 bore
320 1756 552 1800 permansuris,
579 1757 618 1790 ad
638 1757 891 1800 praemissorum
915 1757 959 1790 es-

215 1810 346 1851 sectum,
364 1810 425 1843 liae
444 1810 513 1843 vice
531 1810 702 1849 dumtaxat,
721 1810 911 1853 specialiter
928 1816 960 1844 et

216 1873 372 1907 expresse
395 1864 602 1906 derogamus,
622 1874 657 1895 ac
676 1863 867 1905 derogatum
887 1874 958 1897 esse

216 1918 386 1958 volumus;
413 1917 598 1960 ceterisque
632 1917 805 1949 contrariis
831 1917 961 1961 quibus-

216 1980 369 2014 cumque.

260 2024 373 2056 Datum
397 2023 530 2063 Romae,
549 2023 633 2066 apud
659 2023 690 2056 S.
712 2023 841 2056 Mariam
866 2023 960 2056 Maio-

216 2087 306 2118 rem,
332 2077 390 2111 sub
416 2078 537 2110 annulo
565 2076 751 2117 Piscatoris,
777 2077 828 2110 die
854 2088 883 2111 xi
909 2088 958 2110 se-

216 2131 375 2175 ptembris
397 2140 595 2172 »incenium
619 2130 825 2174 pontificatus
854 2131 958 2164 nostri

216 2195 302 2219 anno
329 2196 371 2219 iv.

250 2247 315 2274 Dat.
332 2248 378 2275 die
397 2249 422 2274 tt
443 2247 609 2283 septembris
626 2247 705 2282 1733,
719 2247 821 2282 pontis.
839 2255 911 2274 anno
935 2254 959 2273 v.

506 2302 539 2335 1³.
568 2301 657 2334 card.
683 2300 869 2334 OLtvERtUS.

535 2468 636 2502 CVIII.

216 2558 392 2592 Fratribus
433 2557 565 2591 Ordinis
611 2557 822 2590 eremitarum
858 2556 962 2589 sancti

261 2612 444 2655 Auyustim'
482 2611 694 2645 interdicitur
728 2610 906 2655 appellatio
942 2620 963 2643 a

1047 256 1240 289 correctione
1255 256 1422 299 requluri;
1442 255 1590 288 iniuncto
1604 255 1748 298 insuper,

1047 313 1094 348 ut,
1122 309 1157 341 in
1182 320 1257 342 casu
1275 309 1521 353 appellatiom's‘,
1549 308 1584 341 id
1608 312 1750 341 tantum-

1047 362 1136 394 modo
1160 363 1264 405 facere
1289 363 1422 395 debcant
1446 362 1612 406 qradati'm
1635 361 1678 395 ud
1695 361 1749 395 Or-

1047 414 1135 447 dinis
1160 417 1352 459 superiores.

1216 505 1351 532 Clemens
1373 506 1451 539 Papa
1471 506 1535 536 ΧΠ,

1144 550 1180 576 ad
1200 550 1335 576 futuram
1355 551 1400 577 rei
1421 551 1605 577 memoriam.

1047 628 1088 661 Ex
1117 629 1263 663 iniuncto
1295 630 1390 662 nobis
1422 631 1622 674 apostolicae
1647 631 1749 663 servi-
1786 639 1869 660 rme-on

1005 682 1078 714 tutis
1104 693 1241 716 munere
1260 683 1297 715 ad
1321 694 1357 716 ea
1383 684 1567 726 peculiares
1592 685 1749 717 sollicitu-

1003 736 1088 769 dinis
1113 742 1242 769 nostrae
1266 747 1358 769 curas
1377 738 1518 770 libenter
1537 738 1745 777 intendimus,

1003 800 1085 833 quae
1113 790 1199 823 felici
1227 790 1487 823 christifidelium
1519 791 1617 823 divini
1645 792 1749 824 numi-

1003 843 1052 875 nis
1080 843 1247 886 obsequiis
1273 843 1333 875 sub
1360 844 1448 876 suavi
1479 843 1650 886 religionis
1677 845 1749 886 iugo

1004 897 1263 941 mancipatorum
1291 898 1442 940 regimini
1469 902 1566 941 atque
1593 899 1750 942 tranquil-

1003 951 1084 984 litati
1111 951 1332 985 conducibilia
1359 952 1426 985 sore
1454 951 1485 985 in
1511 952 1648 986 Domino
1670 952 1750 985 arbi-

1005 1010 1140 1038 traniur.

1046 1059 1060 1101 ξ
1093 1059 1124 1092 1.
1159 1059 1283 1102 Exponi
1322 1059 1484 1103 siquidem
1517 1059 1612 1092 nobis
1646 1069 1750 1103 nuper

1004 1111 1079 1144 fecit
1113 1112 1253 1144 dilectus
1287 1112 1371 1145 silius
1407 1112 1559 1145 Nicolaus
1587 1112 1748 1145 Antonius

1002 1164 1205 1197 Seliiaslinati
1232 1165 1323 1208 prior
1348 1165 1512 1208 generalis
1534 1165 1663 1198 Ordinis
1688 1166 1748 1197 sra-

1004 1223 1085 1250 trum
1103 1218 1314 1251 eremitarum
1330 1218 1433 1250 sancti
1449 1218 1632 1261 Augustini,
1650 1219 1746 1261 quod,

1003 1272 1078 1304 licet
1097 1282 1155 1315 per
1173 1272 1423 1304 constitutiones
1445 1272 1590 1305 ciusdem
1609 1272 1745 1311 Ordinis,

1003 1330 1087 1368 part.
1107 1333 1154 1364 ιη’,
1180 1335 1251 1368 cap.
1271 1335 1331 1364 xvi,
1355 1336 1441 1357 num.
1461 1335 1542 1365 xxIV,
1568 1326 1749 1369 appellatio

1002 1390 1019 1412 a
1044 1379 1248 1411 correctione
1282 1378 1422 1421 regulari
1455 1379 1661 1422 superiorum
1689 1380 1750 1411 sra-

1004 1432 1105 1464 tribus
1119 1432 1296 1475 praedictis
1315 1432 1374 1465 sul)
1391 1432 1527 1465 diversis
1546 1432 1661 1475 poenis
1678 1443 1751 1476 pro-

1005 1486 1164 1525 hibeatur,
1192 1496 1322 1519 necnon
1350 1486 1493 1528 generali
1521 1486 1664 1525 decreto,
1692 1486 1750 1519 du-

1004 1539 1079 1572 dum
1105 1549 1122 1571 a
1147 1538 1407 1582 Congregatione
1443 1544 1509 1572 tum
1542 1540 1749 1572 existentium

1002 1594 1033 1626 S.
1062 1593 1098 1626 R.
1127 1593 1162 1626 E.
1202 1593 1416 1626 cardinalium
1450 1593 1592 1636 negotiis
1619 1599 1650 1627 et
1675 1604 1750 1626 con-

1003 1646 1234 1680 sultationibus
1258 1646 1457 1689 regularium
1476 1647 1662 1690 praeposita
1688 1647 1750 1679 ius-

1002 1711 1039 1732 su
1066 1699 1171 1733 felicis
1207 1699 1449 1733 recordationis
1483 1699 1561 1732 Sixti
1594 1699 1701 1743 Papae
1727 1700 1749 1731 V

1003 1753 1266 1797 praedecessoris
1285 1753 1386 1786 nostri
1406 1753 1504 1793 edito,
1522 1759 1675 1786 caveatur
1696 1764 1750 1786 ex-

1004 1817 1112 1850 presse
1140 1806 1227 1850 quod
1255 1806 1423 1849 regulares
1442 1806 1584 1839 cuiusvis
1610 1806 1750 1846 Ordinis,

1003 1860 1035 1892 in
1062 1859 1192 1892 casibus
1220 1859 1250 1891 in
1279 1859 1399 1902 quibus
1427 1860 1594 1902 appellare
1621 1859 1659 1892 de
1682 1859 1750 1893 iure

1003 1913 1089 1951 licet,
1111 1913 1141 1945 id
1169 1912 1277 1945 facere
1304 1912 1444 1945 debeant
1466 1913 1624 1954 gradatim
1643 1913 1681 1945 ad
1701 1912 1750 1945 sui

1003 1965 1133 1998 Ordinis
1171 1965 1356 2008 superiores
1374 1992 1381 2005 ,
1409 1976 1425 1997 a
1451 1965 1560 2008 priore
1597 1965 1750 1998 nimirum

1004 2020 1042 2052 ad
1068 2019 1317 2063 provincialem,
1336 2024 1368 2052 et
1388 2030 1404 2051 a
1424 2019 1616 2062 provinciali
1644 2020 1681 2052 ad
1701 2030 1751 2062 ge-

1004 2074 1161 2114 neralem,
1188 2078 1365 2115 antequam
1386 2072 1502 2105 Sedem
1530 2073 1750 2116 Apostolicam

1003 2126 1093 2159 adire
1108 2126 1256 2169 possint·,
1276 2125 1492 2158 nihilominus
1511 2126 1582 2169 ipse
1600 2125 1752 2160 Nicotaus

1005 2179 1165 2212 Antonius
1192 2189 1257 2212 non
1292 2179 1363 2211 sine
1397 2179 1496 2211 animi
1528 2178 1575 2211 sui
1601 2190 1750 2212 moerore

1004 2233 1154 2273 advertit,
1175 2234 1285 2276 plures
1307 2233 1480 2276 religiosos
1500 2233 1679 2276 supradicti
1695 2233 1751 2266 Or-

1005 2287 1101 2327 dinis,
1128 2286 1400 2320 constitutionum
1426 2298 1462 2320 ac
1488 2286 1611 2320 decreti
1639 2287 1751 2320 liuius-

1006 2341 1092 2374 modi
1120 2340 1340 2377 immemores,
1368 2340 1462 2373 illave
1489 2342 1616 2374 exoleta
1637 2347 1669 2374 et
1691 2352 1749 2374 an-

1007 2395 1127 2438 tiquata
1153 2404 1225 2427 csse
1247 2394 1442 2434 credentes,
1469 2399 1535 2426 tum
1561 2404 1578 2427 a
1604 2395 1750 2437 praefata

1005 2448 1207 2481 correctione
1233 2447 1373 2490 regulari
1400 2447 1607 2491 superiorum
1634 2459 1761 2491 provo--

1005 2512 1094 2541 care,
1122 2507 1210 2540 tum,
1238 2500 1293 2532 ubi
1330 2501 1506 2544 appellatio
1532 2501 1760 2544 permittitur,

1006 2565 1164 2599 nusquam
1189 2555 1358 2587 observata
1389 2554 1492 2587 forma
1518 2554 1564 2587 sic
1590 2555 1751 2598 praescri-

1006 2611 1080 2653 pta,
1106 2609 1144 2642 ad
1171 2608 1355 2652 superiores
1381 2608 1540 2642 mediatos
1567 2609 1633 2643 sive
1659 2619 1761 2653 prae--

1761 1093 1830 1112 innixa

1761 1122 1843 1140 inentis.

1645 195 1709 229 533
1757 204 1806 230 An.
1824 203 1852 230 e.
1877 204 1950 232 1733*

1872 640 1932 660 tium.

1774 1066 1852 1086 l'etitio
1868 1066 1944 1090 quibus

1869 1092 1903 1112 suu
