2182 3137
207 185 260 209 Λι».
279 183 399 211 &1730
443 173 509 207 ¹120

205 245 228 291 ἐι,
243 245 343 266 damnum
353 246 389 266 or·
401 231 502 261 tionem
529 231 650 261 eiusdem
677 231 781 260 ordinis
795 255 801 265 ,
825 235 873 261 ant
895 231 1007 270 quodvis
1028 231 1145 270 impedi-

221 277 268 292 luis.

228 2142 258 2162 De
275 2141 362 2162 ieiuniis
378 2143 397 2160 vl

214 2169 350 2189 abstinemus
360 2169 398 2188 or-

214 2195 279 2215 dinis.

400 284 523 310 mentum
546 279 666 309 alicuius
688 284 795 309 nostrae
818 280 956 318 generalis
977 280 1146 309 constitutio-

400 329 462 365 nis,
487 338 534 357 sen
556 328 737 357 ordinationis
753 352 760 366 ‚
784 338 832 357 seu
864 328 986 357 mandati
1009 327 1145 365 generalis

400 377 519 415 capituti
541 376 582 406 vel
601 377 721 416 privati,
743 377 833 416 patris
852 377 1001 415 generalis,
1025 378 1146 406 visitato-

402 435 466 454 rum
483 425 677 463 generalium,
704 425 745 454 vel
778 425 959 464 specialium,
982 425 1023 455 vel
1052 435 1145 455 eorum

402 473 566 511 cuiuslibet,
589 474 631 503 vel
652 475 686 504 ad
708 475 915 514 impetrandum
934 474 978 504 vel
994 475 1146 514 impedien-

403 522 466 550 dum
490 523 520 552 in
544 522 647 553 Ordine
677 527 767 552 nostro
786 524 950 562 prioratus,
975 523 1143 556 vicariatus,

401 570 444 600 vel
466 571 545 600 aliud
567 572 680 610 quodvis
701 572 821 611 officium
842 581 858 600 a
873 573 1000 610 personis
1020 571 1146 600 ecclesia—

402 620 478 649 sticis
503 619 543 649 vel
566 619 762 653 saecularibus,
787 630 855 658 quae
877 621 909 649 de
932 619 1034 649 Ordine
1055 625 1146 649 nostro

403 678 458 697 non
479 669 616 706 existant,
641 668 758 706 litteras,
769 678 879 706 preces,
892 668 992 705 minas,
1012 669 1147 707 defensio-

403 727 476 753 nem,
490 716 629 746 auxilium
641 716 681 745 vel
693 718 814 756 fat-orem
825 726 912 755 perse
927 716 970 745 vel
980 726 1031 755 per
1046 716 1144 753 alium,

402 775 571 804 quocumque
594 766 714 803 quaesito
737 765 841 802 colore,
865 766 963 794 audeat
985 766 1143 804 impetrare.

404 813 458 850 Qui
480 815 702 852 contravenerit,
725 815 749 843 si
781 815 815 843 sit
847 818 1015 851 conventus,
1038 823 1067 842 eo
1090 814 1146 853 ipso

402 864 600 893 monasterium
621 863 803 892 ecclesiastico
824 863 961 893 subiaceat
981 863 1126 892 interdicto
1135 874 1145 897 ,-

403 914 428 941 si
449 913 484 942 sit
506 912 658 950 singularis
678 922 807 951 persona,
824 923 853 941 eo
869 913 927 951 ipso
948 914 1020 951 sacto
1041 921 1145 941 excom-

405 962 619 996 ›nuntcattonis;
637 965 662 990 et
683 963 707 990 si
729 962 764 990 sit
788 962 817 990 in
839 962 937 999 sacris,
952 962 1034 990 etiam
1050 961 1082 990 ab
1104 971 1146 989 or-

404 1009 513 1038 dinibus
546 1014 570 1038 et
593 1010 689 1048 officiis
720 1010 908 1047 suspensionis
938 1009 1099 1038 sententiam
1121 1018 1147 1036 se

402 1059 510 1086 nouerit
533 1058 701 1090 incurrisse,·
725 1066 840 1095 quorum
862 1056 1071 1094 absolutionem,
1095 1057 1147 1085 dis-

400 1106 591 1144 pensationem
612 1109 637 1134 et
661 1105 878 1134 ltabilitationem
898 1106 999 1134 nostris
1024 1105 1149 1142 generali

403 1156 461 1183 siue
479 1156 589 1192 privato
612 1154 752 1192 capitulis,
772 1153 812 1183 vel
826 1154 902 1192 patri
921 1153 1046 1192 generali
1061 1154 1090 1183 in
1106 1164 1149 1183 eo-

405 1212 469 1231 rum
502 1203 645 1239 absentia,
670 1212 853 1231 reservamus.
879 1201 910 1232 Si
939 1212 1079 1241 persona,
1103 1204 1149 1231 eui

403 1251 550 1280 monachus
572 1252 684 1290 exponit
703 1252 839 1289 negotium
854 1261 945 1287 suum,
963 1260 1015 1280 non
1031 1255 1070 1279 est
1085 1251 1148 1279 talis

402 1300 585 1337 conditionis,
608 1300 639 1328 de
662 1310 715 1338 qua
745 1304 943 1339 praesumatur
965 1300 1073 1329 evenire
1097 1299 1149 1328 ali-

403 1349 473 1387 quod
499 1349 630 1378 damnum
654 1349 696 1378 vel
727 1349 879 1378 molestiam
912 1349 1004 1377 domui
1035 1349 1075 1378 vel
1099 1348 1148 1378 Or-

403 1398 474 1435 dini,
492 1402 538 1426 aut
561 1397 623 1426 aliis
640 1399 770 1434 personis
797 1398 920 1427 eiusdem
936 1421 943 1434 ,
961 1399 990 1426 in
1012 1396 1062 1426 tali
1084 1406 1148 1426 casu

401 1447 487 1485 possit
509 1446 609 1475 absolvi
642 1456 693 1485 per
719 1448 845 1486 priorem
867 1456 928 1475 cnm
950 1455 1082 1475 consensu
1104 1446 1149 1474 de-

402 1497 582 1533 putatorum,
605 1494 649 1524 vel
677 1495 789 1524 maioris
818 1496 910 1534 partis
942 1504 1046 1524 corum.
1066 1493 1149 1523 Prior

404 1547 495 1572 autem
520 1545 547 1572 in
571 1553 635 1572 casu
657 1544 799 1582 praedicto
821 1553 872 1582 per
897 1544 1055 1576 vicatim,-
1079 1543 1150 1571 rica-

404 1592 465 1620 rius
488 1602 560 1629 vero,
584 1592 691 1620 absente
712 1593 807 1630 priore
821 1615 828 1628 ,
847 1602 901 1628 per
932 1594 1111 1631 consessorem
1134 1601 1149 1619 a

405 1649 433 1670 se
455 1640 580 1678 electum,
601 1650 663 1669 eum
683 1641 888 1679 praedictorum
910 1650 1021 1669 assensn
1036 1640 1077 1669 vel
1095 1650 1151 1669 uza—

406 1689 474 1717 ioris
493 1689 584 1727 partis
606 1699 719 1723 eorum,
749 1689 849 1718 absolvi
868 1691 965 1728 possit.
989 1689 1150 1718 Abs-entibus

406 1740 497 1765 autem
519 1737 656 1776 deputatis
684 1739 787 1776 poterit
806 1739 888 1777 prior
909 1737 950 1767 vel
971 1738 1095 1767 vicarius
1117 1738 1151 1766 ad

405 1787 549 1824 praedicta
583 1787 690 1825 aliquos
712 1787 744 1815 (le
765 1787 968 1816 discretioribus
994 1787 1088 1816 (lomus
1109 1796 1152 1816 as-

406 1844 524 1865 sumere.
551 1835 620 1865 Cum
642 1840 743 1870 autem,
762 1840 791 1865 ut
805 1836 937 1873 dicimus,
955 1837 1152 1866 monasterium

405 1884 495 1922 fuerit
516 1884 702 1921 interdictum,
716 1888 846 1922 poterunt
869 1884 908 1922 hi,
932 1885 979 1923 qni
1001 1884 1151 1923 culpabiles

406 1942 460 1961 non
482 1934 598 1970 fuerint,
623 1936 702 1961 e-rtra
724 1933 920 1962 monasterium
942 1933 1078 1962 celebrare
1111 1932 1152 1962 rel

407 1980 505 2009 audire
527 1980 630 2009 diuina.

681 2054 875 2084 Coxsrirorio
898 2054 957 2084 LX.

453 2124 531 2153 Ultra
554 2125 660 2154 ieiunia
673 2134 725 2163 per
740 2124 891 2154 Ecclesiam
907 2129 1019 2160 statuta,
1038 2126 1153 2156 celebre-

410 2177 456 2203 tur
475 2174 610 2203 ieiunium
632 2174 661 2203 in
685 2173 787 2203 Ordine
809 2179 899 2203 nostro
925 2175 1090 2212 temporibus
1113 2177 1153 2205 in-

408 2224 588 2262 frascriptis,
612 2223 756 2252 videlicet:
780 2225 808 2252 in
823 2223 949 2253 Adventu
971 2224 1099 2259 Domini,
1124 2225 1151 2254 in

408 2272 527 2300 secunda
549 2276 574 2300 et
595 2273 676 2300 tertia
704 2273 779 2310 feriit
804 2277 865 2311 post
893 2271 1153 2311 Qiiiiiqiiaqesiiiiriiii

409 2321 565 2349 immediate
596 2321 783 2359 sequentibus,
807 2323 837 2350 in
863 2323 937 2350 enini
959 2323 1035 2350 sciria
1057 2323 1151 2360 feriri,-

409 2373 435 2397 et
450 2370 473 2397 si
489 2369 627 2398 Nativitas
644 2368 756 2398 Domini
778 2374 902 2398 occurrat
923 2370 952 2398 in
974 2372 1049 2398 secta
1064 2371 1151 2408 feriri,

409 2418 441 2446 ab
463 2428 510 2446 esu
532 2419 659 2447 earnium
679 2418 815 2448 abstinere
837 2419 978 2448 debemus:
995 2423 1019 2448 et
1040 2420 1070 2448 in
1092 2419 1153 2449 lita-

409 2467 465 2495 niis
488 2472 550 2495 ante
565 2467 756 2497 Ascensionem
778 2468 898 2497 secunda
921 2472 945 2497 et
961 2470 1059 2506 quarta
1080 2469 1153 2505 serici

411 2516 591 2549 ieiunemus:
612 2525 758 2554 possumus
779 2520 870 2545 autem
891 2518 921 2545 in
946 2517 1091 2555 praedicta
1112 2526 1154 2546 se-

410 2564 499 2593 cunda
527 2564 602 2602 seria
624 2565 772 2594 seeundum
793 2574 960 2595 communem
982 2565 1154 2594 consuetudi-

995 183 1175 206 BULLARIUM
1201 183 1358 208 ROMAMJM

1934 186 1986 211 An.
2009 185 2040 211 C.
2058 185 2131 214 ¹730

1185 241 1245 261 nem
1267 242 1315 262 ova
1336 236 1361 263 et
1383 232 1525 263 lacticinia
1546 233 1729 262 manducare:
1750 235 1849 271 quarta
1869 242 1932 263 vero
2165 225 2167 233 ’

1185 282 1261 320 feriit
1281 282 1442 321 supradicta
1470 282 1536 311 cibis
1565 281 1846 321 quadragesimalibus
1867 281 1932 321 reli-

1187 330 1303 359 ciamur.
1328 330 1468 360 Similiter
1484 331 1513 360 in
1530 330 1636 369 vigiliis
1658 330 1820 361 Natiuitatis
1835 334 1860 359 et
1875 330 1932 360 Pu-

1186 379 1350 418 rificationis
1377 379 1410 410 B.
1438 378 1558 418 Viryinis
1587 380 1751 409 ieiunamus.
1775 378 1863 408 Possit
1891 383 1932 409 ta-

1186 438 1247 457 men
1270 428 1382 467 quilibet
1403 429 1482 468 prior
1502 429 1577 458 cirea
1609 428 1766 458 huiusmodi
1794 428 1932 458 abstinen-

1188 477 1251 514 tias,
1268 487 1302 506 ει·
1318 479 1402 506 causti
1423 486 1491 515 qaae
1517 478 1572 506 sibi
1593 476 1769 506 rationabilis
1790 477 1929 512 videatur,

1187 534 1249 554 cum
1270 526 1395 564 personis
1417 525 1549 554 debilibus
1581 525 1622 554 ael
1649 525 1768 563 infirmis
1789 535 1838 554 suo
1859 524 1933 555 arbi-

1188 573 1241 602 trio
1262 573 1421 611 dispensare
1433 585 1443 608 ς
1466 573 1628 603 itinerantes
1663 577 1754 602 autem
1768 596 1775 610 ,
1798 583 1861 603 eum
1882 573 1934 604 sibi

1187 623 1278 651 visum
1298 623 1385 660 fuerit
1409 623 1558 661 expedire,
1581 623 1615 652 ad
1638 623 1733 652 horum
1764 623 1934 652 ieiuniorum

1166 695 1168 699 .
1189 670 1386 700 observantiam
1407 680 1461 700 non
1483 675 1633 700 arctentur.

1429 746 1697 775 Exwmvimst.

1230 824 1248 845 1.
1273 816 1381 854 vigilia
1404 816 1496 846 nostri
1525 816 1614 855 patris
1642 817 1673 845 S.
1698 815 1869 855 Hieronymi
1890 815 2132 848 ie-Amteiunnmes.

1190 864 1326 901 iuuetur,
1354 865 1383 894 in
1408 865 1510 903 vigilis
1532 865 1560 895 s.
1585 864 1735 894 Michaelis
1758 863 1932 903 Arcangeli,
2166 855 2167 860 ’

1190 913 1247 942 nisi
1270 914 1379 943 dietum
1402 914 1507 943 festum
1529 914 1559 944 S.
1583 913 1732 943 Michaelis
1754 912 1827 943 seria
1853 913 1933 943 sexti}

1190 966 1335 991 occurrat.
1708 972 1711 975 >

1230 1018 1259 1038 11.
1284 1009 1367 1039 quta
1390 1008 1591 1039 inviolabilem
1614 1008 1859 1039 consuetudinem
1882 1017 1935 1039 no-

1190 1057 1244 1086 stri
1266 1056 1402 1094 Ordinis,
1426 1057 1498 1086 serifa
1533 1058 1622 1087 sexte*
1646 1057 1676 1086 in
1708 1059 1872 1087 Paraseeve
1904 1057 1934 1087 in

1191 1115 1266 1145 pane
1289 1110 1317 1136 et
1349 1107 1423 1145 aquit
1446 1105 1613 1142 ieiunetur;
1649 1109 1802 1144 praeterea
1834 1105 1933 1144 vigilia

1191 1155 1326 1194 Corporis
1347 1155 1463 1184 Domini
1496 1154 1532 1184 ob
1566 1155 1751 1184 devotionem
1774 1159 1803 1184 et
1824 1154 1937 1193 magni-

1192 1203 1324 1233 tudinem
1349 1207 1445 1233 tantae
1468 1203 1637 1233 festivitatis
1658 1202 1736 1233 inter
1758 1202 1868 1233 ieiunia
1884 1212 1936 1232 no-

1191 1252 1243 1281 stri
1259 1251 1376 1282 Ordinis
1392 1256 1580 1291 computetur
1596 1257 1624 1282 et
1639 1251 1828 1281 observetur:
1849 1255 1936 1290 prout

1192 1300 1279 1330 etiam
1303 1301 1401 1339 vigilia
1429 1300 1635 1340 Coneeptionis
1662 1301 1694 1330 B.
1719 1300 1859 1339 Virginis.
1894 1300 1934 1330 Ex

1192 1350 1295 1379 endem
1320 1350 1408 1379 etiam
1431 1349 1646 1379 consuetudine
1669 1351 1775 1388 quarta
1796 1348 1869 1378 seris
1885 1349 1935 1378 iis-

1192 1398 1258 1427 dem
1277 1398 1362 1435 cibis,
1387 1398 1493 1437 quibus
1516 1398 1647 1435 sabbato,
1672 1402 1700 1428 et
1723 1397 1935 1427 cousuetudine

1193 1446 1349 1486 Hispaniae
1373 1447 1448 1476 vesci
1483 1455 1656 1486 possumus;
1681 1450 1709 1476 et
1730 1445 1868 1475 similiter
1889 1446 1936 1474 die

1192 1495 1304 1525 Natalis
1320 1495 1447 1534 Domini,
1472 1504 1539 1525 eum
1562 1495 1691 1525 oreurrit
1713 1494 1788 1525 seris
1810 1495 1903 1524 sexta.

1232 1553 1273 1573 111.
1296 1544 1429 1573 Monachi
1463 1553 1520 1573 non
1553 1544 1707 1573 comedant
1728 1552 1831 1573 carnes
1862 1543 1935 1573 seria

1193 1593 1296 1631 quarta
1320 1592 1383 1621 sine
1405 1592 1488 1630 gravi
1509 1593 1693 1629 necessitate,
1717 1596 1766 1621 aut
1789 1592 1824 1621 de
1847 1592 1937 1621 licen-

1195 1641 1235 1670 tia
1259 1641 1375 1679 prioris,
1400 1640 1476 1679 quod
1502 1640 1688 1670 strictissime
1710 1649 1863 1670 monemus
1878 1650 1937 1669 ser-

1194 1690 1253 1719 vari
1278 1694 1358 1719 extra
1384 1689 1561 1719 monasteria
1584 1688 1619 1718 ob
1641 1688 1751 1718 bonum
1767 1688 1935 1727 exemplum

1194 1738 1393 1768 saecularibus
1417 1737 1627 1767 exhibendum.

1423 1813 1615 1843 Coxsrirnrio
1639 1811 1705 1842 LXI.

1233 1884 1277 1913 Ad
1298 1884 1489 1913 comedendam
1521 1884 1550 1913 ‘in
1585 1885 1731 1922 refectorio
1753 1892 1815 1912 cnm
1838 1884 1937 1913 nostris
1962 1895 2132 1918 ouuasaecula-
2155 1913 2159 1919 ,

1194 1933 1334 1962 monacbis
1357 1942 1409 1961 non
1431 1933 1605 1971 recipiantur
1620 1932 1774 1961 saeculares
1791 1926 2131 1970 personae,Effffflffniumssg:

1194 1982 1223 2010 in
1246 1985 1377 2019 quantum
1400 1981 1535 2010 commode
1551 1982 1653 2020 poterit
1668 1981 1815 2010 observari.
1833 1981 1875 2010 :ili
1890 1973 2133 2011 hausu-isresectorus.

1194 2034 1285 2058 tamen
1318 2030 1513 2058 monasterium
1545 2030 1576 2058 de
1600 2029 1763 2068 Guadalnpe
1796 2039 1847 2058 non
1872 2029 1936 2068 plus

1194 2082 1316 2108 arctetur
1338 2088 1419 2117 quam
1441 2080 1545 2107 arctari
1566 2078 1675 2107 solebat.

1428 2154 1696 2183 Exrnnvnoiinrns.

1236 2234 1255 2254 1.
1280 2225 1342 2254 Non
1365 2224 1525 2263 recipiatur
1547 2224 1652 2263 aliquis
1675 2224 1834 2254 saecularis
1861 2224 1936 2255 intra

1195 2274 1322 2303 claustra
1345 2273 1380 2303 ad
1415 2273 1631 2311 dormiendum,
1665 2282 1760 2312 neque
1783 2273 1818 2303 ad
1841 2282 1937 2303 come-

1195 2323 1334 2359 dendum,
1359 2322 1438 2352 salvo
1461 2326 1557 2351 tamen
1581 2322 1610 2351 in
1633 2321 1800 2352 refectorio.

1235 2380 1265 2400 ιι.
1289 2370 1392 2400 Nullus
1415 2371 1496 2409 prior
1519 2374 1568 2400 aut
1591 2370 1730 2407 vicarius,
1754 2379 1808 2401 nec
1830 2371 1936 2411 aliquis
1995 2409 1998 2412 ,
2055 2408 2059 2411 ⁵

1196 2419 1271 2449 alius
1293 2419 1416 2448 deducat
1448 2419 1484 2448 ad
1508 2419 1721 2448 recreationem
1750 2419 1780 2448 in
1810 2410 1998 2457 granatis-‘¹⁰¹¹'
2014 2408 2092 2430 ³⁶⁵¹¹¹⁸'

1195 2467 1322 2507 aliquem
1345 2467 1543 2503 saecularem,
1566 2467 1623 2496 nisi
1645 2476 1713 2496 cum
1735 2467 1858 2497 consilio
1889 2467 1937 2497 de-

1196 2520 1363 2555 putatorum
1387 2516 1422 2546 ob
1445 2516 1572 2555 aliquan]
1589 2525 1707 2546 causam
1723 2515 1806 2546 valde
1828 2515 1935 2546 iustam

1197 2564 1327 2595 videatur
1350 2565 1435 2595 aliter
1457 2574 1521 2595 esse
1544 2564 1722 2595 faciendum.

1970 2264 1972 2266 Ι
1987 2236 2059 2263 Neque
2082 2237 2130 2258 dor-

1948 2265 2020 2284 tumul.

1980 2382 2023 2402 Nec
2045 2386 2130 2402 recrea·
2176 2404 2178 2406 ,
