2182 3137
207 170 258 196 An.
274 170 304 197 0.
328 169 396 196 1730
441 160 507 195 170

274 1495 386 1516 Auditoros

203 1521 332 1547 theologiae.

255 1783 386 1810 Theologiao

203 1809 343 1836 professores.

399 223 522 258 quartae
560 219 674 258 classis,
698 220 859 250 secundum
882 220 996 258 tertiae,
1020 219 1140 250 tertium

400 268 555 305 secundae,
573 272 711 306 quartum
735 269 855 307 primae.
880 269 1059 307 Argumenta
1076 278 1140 307 pro-

399 315 493 354 posita
516 316 679 354 suscipiant
700 321 728 346 et
750 317 808 346 vim
836 317 1018 346 difficultatis
1051 316 1140 347 adau-

399 368 485 401 geant
508 364 595 402 primi
620 364 832 403 proprietarius
859 374 1003 394 canonum
1027 365 1071 394 vel
1096 364 1140 394 iu-

399 412 440 441 ris
462 412 568 450 civilis,
591 412 710 442 secundi
723 422 827 450 regens
843 422 986 442 canonum
1004 413 1048 443 vel
1065 413 1139 443 iuris

399 460 502 495 civilis,
524 461 602 490 tertii
624 461 833 491 baccalaureus
849 461 921 491 iuris
937 462 1070 492 canonici
1095 463 1138 492 vel

399 509 505 539 civilis.

438 559 538 598 Neque
551 559 693 589 scholaris
709 564 864 590 censeatur
876 570 994 590 cursum
1008 570 1137 590 annuum

399 607 530 645 legitime
554 608 723 646 peregisse,
754 609 804 647 qui
837 609 928 639 semel
960 609 1064 639 thesim
1087 610 1139 639 ali-

399 664 488 694 quam
521 665 554 684 eo
577 665 653 685 anno
686 666 743 686 non
766 656 940 687 defenderit.
964 658 1137 687 Huiusmodi

398 704 496 733 theses
519 704 548 733 in
572 706 649 734 carta
673 705 731 734 sint
754 706 966 745 manuscripta.

438 753 595 792 Utriusque
618 753 691 782 iuris
714 754 917 793 proprietariis
934 755 1031 793 liceat,
1050 755 1137 785 etiam

399 805 529 840 tempore
552 802 727 836 lectionum,
762 803 860 832 theses
882 803 1031 840 minores,
1055 806 1138 833 carta

398 854 511 888 tamen,
542 860 599 880 non
631 851 725 880 serico
752 851 931 890 impressas,
955 862 969 882 e
992 852 1136 891 superiori

398 898 461 928 loco
485 908 680 938 propugnare.
714 900 775 929 IIoc
796 901 883 930 etiam
914 901 1013 930 licebit
1035 910 1138 939 regen-

397 947 492 984 tibus,
517 947 626 986 absque
649 957 682 977 eo
706 952 802 978 tamen
825 949 901 987 quod
925 949 1023 979 theses
1045 950 1138 979 domi-

397 996 471 1026 nicis
483 995 586 1025 diebus
599 997 793 1035 praescriptas
807 998 1051 1036 praetermittant.
1067 998 1137 1028 Cum

395 1045 426 1074 in
450 1045 682 1083 propugnatione
698 1045 823 1074 thesium
843 1046 989 1075 minorum
1007 1047 1138 1085 proprie-

396 1094 490 1123 tarius
513 1098 667 1132 patronum
684 1094 755 1132 agit,
779 1098 807 1124 et
830 1099 1002 1132 argumenta
1025 1095 1139 1124 schola-

396 1150 443 1170 res
465 1141 619 1180 obiiciunt,
648 1148 890 1181 argumentorum
925 1144 1000 1173 vires
1023 1148 1137 1173 tantum

397 1191 583 1230 proprietarii
616 1192 660 1221 vel
687 1192 822 1221 doctores
854 1192 1028 1230 adaugeant.
1063 1193 1137 1222 Iuris

397 1240 533 1269 canonici
567 1241 744 1279 professores
777 1241 874 1270 theses
905 1241 1006 1270 civiles
1029 1251 1138 1280 propu-

397 1297 487 1325 gnare
504 1293 652 1327 poterunt,
670 1294 698 1319 et
713 1291 870 1320 canonicas
888 1290 1137 1330 iurisprudentiae

396 1336 490 1366 civilis
511 1338 701 1377 interpretes.

438 1413 500 1443 Tm.
526 1413 571 1442 XI.
598 1431 634 1435 -—
656 1413 695 1443 De
717 1413 864 1452 theologiae
883 1414 1096 1453 professoribus,

436 1485 515 1515 Inter
549 1485 712 1522 theologiae
742 1485 891 1514 auditores
920 1495 1025 1514 nomen
1050 1494 1137 1514 suum

397 1533 527 1573 profiteri
560 1542 646 1562 nemo
680 1533 793 1567 valeat,
829 1534 898 1572 quin
936 1534 1137 1572 philosophiae

397 1582 541 1612 triennale
564 1582 743 1611 curriculum
759 1586 809 1611 aut
827 1582 856 1611 in
879 1582 933 1611 hac
954 1582 1137 1612 Cervariensi

397 1635 448 1661 aut
477 1631 506 1660 in
540 1631 597 1660 alia
633 1630 824 1660 universitate
860 1631 1010 1668 exegerit,
1048 1631 1137 1670 idque

398 1683 512 1709 constet
533 1689 566 1708 ac
589 1683 728 1708 testatum
751 1679 788 1708 sit
816 1679 870 1708 sub
907 1679 1073 1709 academiae
1100 1680 1138 1709 si-

396 1728 477 1766 gillo,
500 1728 530 1757 in
553 1737 609 1766 qua
632 1736 662 1756 se
685 1727 832 1757 studuisse
853 1727 991 1757 affirmat.

437 1776 611 1814 Theologiae
634 1776 813 1814 professores
835 1775 958 1814 singulis
981 1776 1066 1805 annis
1085 1775 1138 1805 sub

398 1825 558 1865 primordia
582 1825 692 1854 mensis
714 1825 783 1854 maii
805 1834 904 1854 coram
920 1825 1094 1854 scholastico
1110 1829 1138 1854 et

398 1874 566 1904 academiae
588 1873 683 1902 scriba
700 1883 751 1912 pro
769 1873 946 1903 lectionibus
963 1883 1029 1903 mox
1047 1874 1139 1903 susci-

398 1922 513 1962 piendis
536 1931 585 1952 eos
608 1926 749 1951 tractatus
772 1922 957 1961 potissimum
991 1922 1025 1951 ad
1048 1923 1139 1952 inter-

399 1971 593 2011 pretationem
626 1970 754 2008 Magistri
786 1971 999 2000 sententiarum
1027 1975 1139 2001 mature

398 2020 541 2057 deligant,
562 2028 634 2058 quos
652 2018 835 2048 auditoribus
852 2019 983 2049 utiliores
998 2020 1059 2049 fore
1074 2029 1140 2049 cen-

399 2068 524 2097 suerint.

439 2116 466 2146 ls
490 2125 558 2146 vero
580 2115 651 2145 ordo
675 2115 704 2144 in
727 2115 782 2144 boc
805 2115 921 2145 delectu
943 2120 1089 2154 servetur,
1109 2121 1141 2147 ut

400 2165 488 2205 primi
512 2164 572 2194 sint
594 2173 629 2193 ex
652 2164 759 2201 gradus
792 2164 965 2203 antiquitate
994 2169 1052 2194 tres
1085 2166 1142 2204 pri-

401 2214 485 2243 marii
510 2213 672 2243 sententiae
695 2212 723 2242 S.
747 2212 887 2249 Thomae,
906 2212 985 2242 Scoti
1001 2217 1029 2242 et
1044 2213 1142 2243 docto-

400 2263 440 2292 ris
456 2262 583 2298 Suare23
607 2261 712 2291 deinde
728 2261 830 2290 eodem
847 2261 948 2291 ordine
967 2262 1140 2300 vespertini3

400 2316 461 2341 tum
485 2320 633 2341 sacrorum
658 2310 815 2340 bibliorum
839 2315 867 2339 et
889 2310 1009 2339 moralis
1033 2311 1142 2340 theolo-

401 2361 465 2397 giae
488 2360 688 2398 professores:
720 2368 794 2397 quae
826 2359 983 2397 diligenter
1015 2358 1045 2388 in
1077 2364 1140 2389 acta

401 2409 507 2437 referet
539 2407 714 2437 secretarius
736 2407 767 2436 in
797 2406 879 2436 libris
902 2407 937 2436 ad
959 2407 1031 2436 baec
1053 2407 1142 2437 desti-

401 2456 487 2485 natis.

442 2504 572 2533 Delectos
594 2512 663 2533 vero
686 2507 825 2534 tractatus
847 2504 886 2533 ita
909 2503 1065 2534 conficiant
1082 2504 1141 2543 (re-

402 2552 509 2582 secatis
531 2552 649 2582 omnino
671 2552 825 2582 inutilibus
847 2552 1088 2592 quaestionibus)
1109 2557 1141 2583 ut

994 171 1173 195 BULLARIUM
1197 171 1352 196 ROMANUM

1183 219 1321 259 pleraque
1343 221 1511 251 eorumdem
1535 221 1716 251 theoremata
1732 231 1790 251 non
1807 225 1919 251 tantum

1182 268 1295 299 ratione
1317 269 1454 308 fulciant,
1472 279 1559 309 quam
1575 279 1726 300 sacrorum
1748 269 1919 306 bibliorum,

1182 322 1348 347 sanctorum
1372 323 1486 358 patrum
1509 323 1537 348 et
1560 318 1751 348 conciliorum
1765 318 1922 348 auctorita-

1182 365 1277 404 tibus,
1308 370 1456 405 tamquam
1479 367 1626 397 solidioris
1659 366 1788 396 veritatis
1819 366 1923 396 funda-

1182 419 1293 452 mento,
1312 420 1493 452 sustentent3
1512 415 1684 454 praesertim
1700 416 1839 444 adversus
1855 415 1921 444 hae-

1181 471 1284 492 reseon
1301 464 1574 502 septentrionalium
1591 473 1624 493 ac
1647 463 1773 493 lansenii
1789 467 1817 492 et
1832 463 1922 498 Ques-

1181 510 1251 540 nelli
1274 516 1444 541 sectatores,

1220 558 1373 589 Tractatus
1396 560 1517 599 insuper
1539 560 1683 590 eiusmodi
1706 560 1744 589 ita
1764 559 1922 599 quotannis

1181 607 1366 645 discernant,
1391 612 1423 637 ut
1454 617 1603 647 nunquam
1637 608 1707 646 duo,
1731 609 1866 638 diversae
1888 608 1922 638 li-

1181 659 1226 685 cet
1248 656 1375 694 scholae,
1394 657 1573 696 professores
1589 657 1724 687 eumdem
1740 658 1920 696 praelegant,

1181 714 1235 734 nec
1257 705 1345 742 ullus,
1370 706 1426 735 nisi
1450 706 1675 745 quadriennium
1695 706 1854 742 effluxerit,
1876 715 1922 736 va·

1181 755 1238 784 leat
1260 755 1379 784 iterare.

1220 803 1298 833 Scoti
1321 804 1478 833 cathedrae
1502 804 1666 843 praefectus
1697 803 1852 842 praecipue
1874 812 1923 833 ca-

1180 856 1269 888 veat,
1293 861 1328 881 ne
1344 876 1351 890 ‚
1376 852 1404 882 in
1428 852 1618 882 conficiendis
1646 852 1681 881 ad
1710 851 1922 890 praelectiones

1181 911 1248 930 suas
1271 898 1455 940 tractatibus,
1479 911 1494 930 a
1517 905 1615 931 mente
1637 901 1765 931 eiusdem
1795 901 1922 931 doctoris

1181 950 1326 980 (lessectat.

1221 1000 1376 1028 Sacrorum
1394 998 1552 1028 bibliorum
1570 999 1716 1037 professor
1731 1003 1760 1028 et
1775 998 1922 1037 interpres

1182 1056 1232 1085 per
1255 1047 1331 1075 idem
1354 1047 1582 1085 quadriennium
1601 1051 1797 1085 congruentes
1819 1056 1854 1076 ex
1869 1047 1923 1077 Ve-

1182 1094 1237 1123 teri
1258 1094 1300 1123 vel
1324 1094 1402 1123 Novo
1418 1094 1604 1124 Testamento
1620 1095 1859 1132 commentarios,
1876 1095 1923 1125 vel

1181 1141 1336 1181 decerptos
1370 1151 1406 1171 ex
1438 1143 1529 1172 sacris
1561 1142 1661 1172 bibliis
1683 1146 1846 1181 tractatus,
1870 1151 1923 1182 pro

1182 1191 1374 1220 commodiori
1390 1191 1559 1220 eorumdem
1573 1191 1826 1230 interpretatione,
1840 1191 1923 1221 scho-

1181 1239 1293 1269 laribus
1315 1239 1447 1276 dictabit,
1471 1239 1658 1279 quaestiones
1689 1239 1865 1278 theologiae,
1889 1244 1923 1270 ut

1182 1293 1295 1324 vocant,
1319 1289 1521 1327 scholasticae,
1546 1293 1695 1328 tamquam
1719 1298 1734 1317 a
1757 1298 1809 1318 suo
1832 1297 1921 1327 scopo

1181 1338 1310 1375 alienas,
1334 1347 1391 1367 11011
1415 1338 1631 1368 intermiscens.
1665 1338 1720 1373 Qui
1742 1338 1863 1377 insuper
1894 1341 1923 1367 et

1181 1386 1337 1416 hebraeam
1359 1387 1502 1425 linguam,
1520 1389 1565 1417 vel
1581 1397 1618 1416 ex
1641 1387 1835 1425 grammatica
1858 1386 1923 1416 Bel-

1181 1436 1312 1474 larmini,
1336 1436 1381 1465 vel
1404 1435 1525 1465 alterius
1549 1435 1663 1475 probati
1680 1435 1821 1469 auctoris,
1838 1435 1922 1464 doce-

1181 1483 1234 1521 bit,
1253 1487 1284 1512 ut
1300 1483 1456 1513 bibliorum
1480 1493 1583 1513 sensus
1602 1493 1724 1513 arcanos
1747 1483 1861 1513 facilius
1875 1483 1925 1512 de-

1182 1533 1375 1571 prebendant3
1392 1536 1420 1561 et
1437 1542 1474 1561 ex
1489 1532 1592 1562 iisdem
1610 1532 1750 1570 fontibus,
1767 1541 1924 1571 quaecum-

1181 1591 1237 1620 que
1259 1582 1295 1611 ad
1326 1581 1408 1612 illius
1440 1582 1558 1620 linguae
1590 1581 1707 1620 regulas
1728 1585 1757 1611 et
1779 1580 1923 1610 sermonis

1182 1630 1392 1668 proprietatem
1416 1630 1603 1668 pertineant,
1628 1628 1800 1667 explicabit.

1221 1678 1396 1716 Theologiae
1428 1678 1548 1707 moralis
1584 1677 1731 1716 professor
1763 1677 1924 1707 identidem

1183 1727 1310 1766 potiores
1331 1727 1366 1756 de
1390 1726 1492 1756 morali
1521 1726 1658 1756 doctrina
1690 1730 1831 1756 tractatus
1859 1726 1926 1756 edet

1182 1780 1211 1805 et
1232 1775 1418 1805 audientibus
1440 1775 1621 1814 explanabit.

1221 1825 1336 1862 Singuli
1370 1825 1535 1862 theologiae
1567 1825 1762 1863 professorem
1796 1829 1858 1854 tum
1893 1824 1925 1855 in

1183 1873 1309 1913 publicis
1331 1873 1505 1911 gymnasiis,
1524 1877 1585 1902 tum
1600 1873 1630 1902 in
1654 1873 1775 1911 privatis
1791 1872 1924 1910 aedibuS,

1183 1922 1207 1951 si
1229 1926 1393 1961 opportune
1416 1921 1512 1951 visum
1534 1921 1632 1957 fuerit,
1656 1921 1694 1950 ita
1717 1930 1786 1951 suos
1808 1930 1925 1961 compa-

1184 1974 1250 2000 rent
1272 1970 1422 1999 auditores
1436 1992 1443 2006 ,
1468 1973 1500 1999 ut
1523 1978 1559 1998 ex
1592 1969 1696 1998 iisdem
1730 1968 1901 1999 tractatibus
1915 1993 1924 2008 ,

1183 2028 1256 2058 quos
1279 2018 1428 2048 consuetis
1462 2017 1709 2057 praelectionibus
1731 2019 1924 2058 exceperint,

1184 2067 1303 2096 crebras
1335 2066 1556 2096 dissertationes
1591 2067 1736 2096 conficere
1759 2076 1814 2097 usu
1845 2067 1926 2098 addi-

1184 2120 1276 2146 scant.

1225 2164 1296 2194 Tres
1319 2164 1452 2203 primarii
1475 2163 1510 2192 ab
1533 2164 1608 2193 hora
1622 2165 1702 2193 nona
1716 2164 1751 2194 ad
1768 2164 1923 2204 decimam,

1186 2213 1349 2251 theologiae
1372 2221 1439 2241 vero
1463 2212 1583 2241 moralis
1605 2212 1751 2252 professor
1772 2222 1786 2242 a
1810 2213 1927 2244 decima

1185 2261 1220 2291 ad
1243 2261 1428 2291 undecimam
1443 2265 1509 2290 ante
1531 2261 1683 2290 meridiem
1697 2261 1837 2291 lectiones
1860 2271 1926 2301 pro-

1185 2311 1310 2347 ducant;
1334 2309 1494 2349 vespertini
1516 2318 1531 2338 a
1554 2310 1681 2339 secunda
1703 2310 1739 2339 ad
1763 2310 1892 2349 tertiam,
1910 2320 1924 2340 a

1184 2359 1270 2388 tertia
1294 2368 1361 2388 vero
1383 2358 1418 2388 ad
1440 2362 1573 2395 quartam
1590 2358 1806 2397 pomeridianas
1821 2358 1927 2389 biblio-

1183 2417 1248 2437 rum
1270 2407 1427 2446 interpreS.
1452 2406 1583 2445 Singulis
1613 2406 1801 2437 hebdomadis
1830 2407 1926 2438 theses

1183 2457 1213 2486 in
1247 2456 1409 2494 theologiae
1442 2455 1578 2485 facultate
1613 2460 1857 2494 propugnentur,
1894 2459 1926 2487 ut

1183 2505 1292 2535 artium
1315 2509 1343 2534 et
1365 2505 1528 2535 medicinae
1543 2505 1757 2544 professoribus
1780 2504 1924 2544 praescri-

1184 2557 1265 2592 ptum
1287 2557 1342 2583 est.

1927 174 1980 200 An.
1996 174 2026 200 C.
2047 174 2117 203 ¹730
