2182 3137
33 266 82 294 An.
97 264 126 292 C.
150 263 215 292 1732

852 261 995 286 CLEMENS
1019 261 1064 286 XII
1088 262 1136 287 PP.

223 311 373 345 mendam
400 311 439 345 ad
465 311 513 344 sui
532 311 628 345 vitam
647 321 682 344 ex
701 310 914 344 concessione
933 316 964 343 et

224 365 471 409 dispensatione
507 365 697 409 apostolicis
734 365 772 398 ad
808 374 963 408 praesens

223 418 368 458 obtinet,
394 418 550 462 palatium
587 418 749 451 abbatiale
785 417 862 450 dicti
896 428 964 450 mo-

221 471 356 503 nasterii
383 481 456 503 cum
493 471 645 504 omnibus
672 477 703 504 et
728 470 866 513 singulis
895 469 964 502 eius

221 523 454 564 mansionibus,
470 524 617 564 aedibus,
633 523 800 563 aediliciis,
816 522 964 562 officinis,

221 575 359 620 aliisque
385 577 546 617 membris,
573 578 637 610 una
661 588 731 609 cum
758 576 908 609 omnibus
933 581 965 609 et

222 628 361 671 singulis
387 629 590 662 domunculis
619 630 725 662 eidem
761 628 882 672 palatio
909 639 964 661 an-

222 681 333 719 nexis,
361 692 488 715 necnon
508 682 679 715 ecclcsiam
697 682 842 714 eiusdem
861 681 891 714 S.
912 681 964 714 Be-

223 734 344 767 nedicti
370 735 477 768 eidem
503 734 624 779 palatio
657 734 878 778 propinquam
911 734 965 776 (et

223 786 255 819 in
282 798 346 830 qua
371 788 552 820 animarum
579 798 656 820 cura
687 786 963 831 parochianorum

223 839 300 873 dicti
325 841 531 882 monasterii,
553 851 636 884 quae
655 840 742 874 illius
763 840 870 872 abbati
889 850 964 884 per-

222 898 322 937 petuo
348 893 628 926 commendatario
653 904 712 937 pro
732 898 879 936 tempore
898 893 963 925 exi-

222 946 319 979 stenti
345 946 470 988 subest,
493 952 524 979 et
539 957 600 990 per
617 957 717 981 unum
737 946 962 989 presbyterum

222 999 377 1033 idoneum
414 1000 453 1032 ab
491 1000 606 1033 eodem
649 1000 764 1033 abbate
800 1004 962 1043 perpetuo

223 1052 502 1086 commendatario
527 1063 586 1096 pro
619 1058 766 1096 tempore
792 1052 962 1085 nominan-

223 1106 313 1147 dum,
337 1111 368 1139 et
386 1106 425 1138 ab
443 1105 614 1139 Ordinario
629 1106 691 1139 loci
703 1106 961 1150 approbandum,

224 1161 406 1203 exercetur)
422 1170 457 1193 ac
473 1165 661 1203 perpetuam
677 1159 747 1193 sine
765 1161 841 1192 cura
858 1162 962 1204 capel-

222 1213 389 1247 laniamin
415 1213 501 1247 dicta
525 1214 663 1247 ecclesia
682 1214 746 1257 (cui
760 1215 962 1257 peralterum

222 1268 450 1312 presbyterum
473 1269 619 1302 eiusdem
633 1268 712 1301 ritus
727 1268 766 1301 ab
781 1269 894 1301 eodem
909 1269 962 1301 ab·

222 1323 297 1356 hate
321 1327 481 1365 perpetuo
506 1323 787 1356 commendatario
809 1324 962 1366 deputato

223 1376 419 1416 deservitur,
444 1376 564 1420 quique
590 1377 721 1409 nussam
747 1376 884 1420 singulis
918 1378 961 1410 se-

222 1429 278 1462 stis
306 1429 420 1462 diebus
445 1429 526 1462 inibi
553 1431 718 1463 celebrare
744 1437 888 1472 tenetur,
916 1432 962 1465 ei-

222 1493 284 1526 que
310 1483 349 1516 ab
375 1483 491 1516 eodem
517 1483 634 1517 abbate
660 1485 869 1529 eleemosyna
903 1496 962 1530 pro

221 1536 442 1570 celebratione
480 1537 658 1570 cuiuslibet
696 1538 814 1572 missae
852 1539 948 1572 huius

221 1590 307 1624 modi
336 1591 399 1623 duo
425 1591 569 1624 caroleni
596 1598 744 1625 monetae
772 1592 847 1625 dicti
871 1594 962 1636 regni

221 1645 465 1687 persolvuntur)
492 1645 673 1687 apostolica
698 1646 899 1687 auctoritate,
923 1648 962 1680 de

220 1707 382 1731 consensu
407 1698 541 1742 praefati
568 1699 654 1731 Petri
673 1700 795 1743 Aloysii
817 1701 963 1733 cardina-

220 1753 269 1791 lis,
297 1752 577 1792 dismembramuS,
598 1763 788 1796 separamus
807 1760 837 1786 et
855 1765 964 1797 segre-

221 1816 353 1848 gamus,
391 1805 472 1838 itaut
497 1807 621 1839 nullum
660 1806 710 1839 ius
736 1806 832 1840 alicui
859 1808 964 1852 impo-

222 1865 346 1893 sterum
372 1859 404 1892 in
430 1858 551 1902 palatio
590 1864 622 1892 et
647 1860 783 1893 ccclesia
809 1862 962 1904 praefatis

223 1918 395 1956 competat,
420 1918 474 1945 aut
498 1919 689 1956 competere
716 1915 964 1957 quomodolibet

223 1966 327 2011 possit
352 1970 384 2000 et
407 1967 528 1999 valeat:
554 1967 666 2010 eisque
688 1967 732 2000 sic
751 1968 964 2002 dismembra-

223 2020 287 2061 tis,
323 2019 481 2063 separatis
517 2030 553 2052 ac
578 2020 783 2062 segregatis,
812 2022 965 2064 palatium

223 2073 410 2107 iamdictum
447 2073 478 2105 in
514 2073 690 2115 collegium
722 2084 900 2117 puerorum
935 2082 966 2109 et

222 2126 478 2161 adolescentium
497 2127 577 2159 ritus
595 2127 703 2169 graeci
723 2138 759 2160 ex
779 2128 876 2171 Epiro
895 2140 966 2172 pro-

221 2180 442 2216 venientium,
470 2185 501 2212 et
537 2179 569 2212 in
607 2180 692 2213 dicto
726 2191 850 2224 regno,
879 2183 964 2226 quod

221 2234 473 2278 Neapolitanum
501 2234 702 2276 appellatur,
730 2245 767 2267 ex
794 2236 878 2268 veris
915 2246 966 2269 ca-

222 2288 351 2322 tholicis
376 2286 568 2331 parentibus
594 2292 751 2327 ortorum,
786 2287 818 2320 in
844 2289 965 2332 oppido

220 2342 326 2376 Ullani
365 2341 545 2385 apostolica
581 2341 771 2374 auctoritate
804 2343 964 2386 perpetue

222 2396 377 2440 erigimus
396 2401 428 2428 et
448 2394 665 2428 instituimus:
692 2395 811 2439 eoque¹
833 2396 877 2428 sic
898 2407 965 2430 ere-

221 2455 273 2485 cto
299 2455 331 2483 et
362 2449 508 2482 instituto
545 2448 715 2481 ecclesiam
752 2456 964 2484 memoratam

221 2509 254 2539 ct
279 2503 495 2538 domunculas
523 2501 677 2545 (praevia
714 2512 812 2536 curae
843 2503 964 2538 anima-

222 2568 290 2591 rum
316 2555 593 2601 parochianorum
619 2566 637 2588 a
662 2556 872 2596 monasterio,
894 2567 963 2591 nec-

220 2622 286 2646 non
312 2610 391 2643 iuris
417 2609 609 2643 nominandi
634 2619 736 2643 unum
762 2620 821 2654 pro
846 2612 962 2645 exerci-

256 2674 269 2701 1
291 2672 387 2709 Aptius
405 2672 464 2707 lege
484 2672 567 2707 eique
586 2672 624 2707 (u.
641 2673 689 2705 Τ.).

289 2728 369 2759 Ruit.
389 2727 473 2756 Rom.
495 2742 529 2748 —
551 2726 612 2754 Vol.
635 2725 743 2755 XXIII.
905 2726 939 2756 59

1008 310 1053 344 tio
1080 321 1176 344 curae
1198 312 1379 345 animarum
1399 313 1675 356 parochianorum
1694 314 1756 347 hu-

1008 363 1160 404 iusmodi,
1178 375 1214 397 ac
1241 365 1420 408 deputandi
1447 367 1584 399 alterum
1621 367 1755 411 presby—

1009 421 1096 449 teros
1123 428 1182 460 pro
1206 419 1343 452 ecclesia
1367 430 1385 452 a
1410 420 1505 453 nobis
1521 448 1528 461 ,
1555 421 1639 454 sicut
1664 432 1754 465 prae-

1009 469 1124 509 fertur,
1145 471 1395 505 dismembrata‘
1418 474 1552 507 servitio
1570 485 1607 507 ac
1633 475 1753 509 missae

1008 522 1263 563 ceteb1·atione⁹,
1289 525 1329 557 ab
1351 525 1468 559 abbate
1487 533 1650 571 perpetuo
1668 539 1755 562 com-

1009 575 1214 608 mendatario
1241 576 1464 621 abdicatione>
1490 580 1602 612 eadem
1625 586 1755 624 aposto-

1009 628 1071 661 lica
1097 629 1290 663 auctoritate
1317 631 1356 663 de
1382 631 1467 665 dicto
1486 643 1651 667 consensu
1669 635 1755 668 simi-

1009 681 1084 714 liter
1108 683 1270 725 perpetuo
1295 683 1444 724 unimus,
1483 687 1686 721 annectimus
1723 694 1755 722 et
1780 726 1785 729 ⁸

1009 734 1281 778 incorporamus:
1324 736 1509 781 dictamque
1546 749 1654 772 curam
1695 752 1754 784 per

1009 787 1084 819 dicti
1111 788 1243 831 collegii
1270 794 1456 830 rectorem,
1494 791 1544 824 cui
1579 793 1753 836 collegium

1009 850 1184 883 congruam
1203 841 1495 877 substentationem
1516 845 1683 888 assignare
1699 847 1754 880 de·

1009 894 1082 926 beat
1108 900 1140 926 et
1166 899 1326 936 teneatur,
1354 897 1588 938 exercendam,
1624 909 1754 932 necnon

1008 946 1057 979 ius
1084 947 1274 980 nominandi
1300 954 1332 982 et
1357 949 1535 993 deputandi
1562 951 1754 985 huiusmodi

1007 1000 1046 1033 ad
1073 1000 1194 1033 dictum
1220 1002 1396 1045 collegium
1422 1014 1439 1036 a
1465 1004 1574 1045 nobis,
1602 1010 1636 1038 ut
1661 1015 1754 1049 prae-

1009 1052 1119 1094 fertur,
1144 1064 1204 1098 per
1228 1061 1418 1098 praesentes
1445 1062 1590 1091 erectum
1614 1063 1644 1092 et
1662 1058 1755 1092 insti-

1009 1112 1110 1140 tutum
1138 1108 1203 1150 (ad
1229 1109 1334 1152 quod,
1361 1115 1393 1142 et
1425 1121 1485 1154 pro
1518 1121 1556 1144 eo
1589 1112 1629 1144 ad
1666 1113 1754 1146 illius

1008 1165 1167 1194 rectorem
1187 1161 1234 1194 ius
1249 1162 1426 1207 deputandi
1443 1164 1677 1208 presbyterum,
1700 1166 1754 1210 qui

1009 1224 1092 1247 unus
1119 1225 1159 1248 ex
1185 1215 1332 1249 eiusdem
1358 1217 1488 1260 collegii
1508 1219 1669 1259 minister,
1689 1230 1754 1253 non

1009 1272 1115 1300 tamen
1141 1269 1229 1302 illius
1256 1275 1361 1303 rector
1387 1271 1522 1312 existat,
1556 1283 1616 1315 pro
1649 1273 1754 1307 dietae

1009 1321 1126 1355 missae
1154 1322 1374 1356 celebratione
1397 1324 1552 1368 deputare
1575 1333 1703 1369 spectet
1723 1334 1755 1361 et

1008 1375 1188 1418 pertineat,
1215 1386 1286 1409 cum
1313 1377 1375 1410 boc
1410 1383 1513 1411 tamen
1547 1381 1634 1423 quod
1668 1392 1755 1415 nunc

1008 1435 1039 1462 et
1063 1440 1122 1473 pro
1149 1434 1297 1473 ternpore
1324 1431 1466 1464 existens
1493 1432 1570 1465 dieti
1590 1441 1754 1468 monaste-

1008 1482 1045 1514 rii
1071 1482 1169 1515 abbas
1196 1489 1227 1516 et
1251 1489 1429 1527 perpetuus
1455 1487 1752 1521 commendatarius

1008 1536 1113 1569 eidem
1140 1537 1280 1580 collegio
1306 1548 1366 1581 pro
1393 1539 1615 1573 celebratione
1637 1540 1754 1574 missae

1008 1596 1194 1624 consuetam
1221 1592 1359 1625 duorum
1381 1594 1605 1627 carolenorum
1627 1595 1755 1639 praedi-

1008 1650 1133 1677 ctorum
1154 1655 1213 1688 pro
1232 1645 1378 1689 qualibet
1396 1646 1513 1679 missae
1532 1649 1755 1682 celebratione

1009 1698 1250 1742 eleemosynam
1276 1701 1463 1742 persolvere
1490 1700 1603 1734 debeat
1641 1707 1672 1734 et
1708 1707 1755 1735 te-

1008 1753 1138 1793 ncatur)
1166 1753 1279 1785 eadem
1304 1753 1485 1796 apostolica
1501 1755 1694 1788 auctoritate
1714 1756 1754 1789 de

1009 1805 1076 1848 pari
1102 1805 1177 1838 dicti
1204 1806 1290 1839 Petri
1318 1807 1438 1851 Aloysii
1473 1808 1647 1842 cardinalis
1680 1820 1755 1843 con-

1009 1869 1107 1891 sensu
1133 1859 1379 1892 transferimus:

1054 1913 1068 1956 ξ
1093 1912 1125 1946 3.
1153 1913 1197 1946 Ac
1230 1913 1335 1946 eidem
1373 1914 1534 1957 collegio,
1569 1926 1629 1959 pro
1667 1917 1754 1950 illius
1780 1925 1950 1952 nousasstssna-

1011 1967 1085 1999 dote
1103 1994 1110 2007 ,
1140 1967 1294 2011 illiusque
1325 1969 1558 2009 alumnorum,
1587 1969 1756 2013 magistro-

1010 2030 1100 2059 rum,
1127 2020 1391 2063 praefectorum,
1419 2021 1626 2066 aliorumque
1653 2023 1681 2056 ei
1707 2023 1756 2056 in-

1011 2074 1218 2107 servientium
1257 2074 1538 2114 substentatione,
1575 2087 1690 2110 omues
1726 2083 1757 2111 et

1011 2127 1158 2169 singulos
1192 2127 1330 2166 fruetus,
1361 2128 1445 2167 iura,
1479 2129 1694 2164 obventiones
1724 2136 1756 2164 et

1011 2182 1232 2213 emolumenta
1256 2180 1407 2213 universa
1433 2192 1669 2227 quaecumque,
1691 2189 1755 2216 tam

1011 2239 1098 2266 certa
1123 2244 1220 2277 quam
1248 2233 1381 2273 incerta,
1408 2240 1439 2267 et
1464 2245 1501 2268 ex
1528 2238 1604 2268 cura
1636 2237 1756 2269 anima-

1011 2297 1081 2319 rum
1108 2286 1393 2329 parochianorum,
1419 2298 1454 2320 ac
1479 2287 1557 2321 alias
1578 2291 1755 2332 quomodo-

1011 2351 1147 2384 cumque
1173 2346 1204 2373 ct
1228 2341 1462 2385 undecumque
1489 2353 1525 2375 ex
1548 2342 1754 2377 domunculis

1010 2394 1246 2438 provenientia,
1272 2401 1304 2428 et
1328 2395 1360 2428 in
1387 2406 1590 2440 quacumque
1617 2408 1652 2430 re
1679 2408 1755 2431 con-

1010 2449 1178 2489 sistentia,
1221 2459 1348 2482 necnon
1391 2460 1504 2483 omnes
1541 2456 1572 2484 et
1608 2451 1752 2494 singulas

1009 2508 1107 2543 taxas,
1133 2513 1214 2546 quae
1240 2502 1421 2535 seminariis
1446 2513 1623 2546 puerorum
1650 2506 1754 2539 eccle-

1007 2556 1210 2590 siasticorum
1229 2555 1310 2589 ritus
1329 2555 1419 2589 latini
1439 2555 1472 2589 in
1487 2556 1573 2590 dicto
1587 2567 1686 2601 regno
1701 2569 1738 2593 ex

1043 2629 1053 2655 1
1068 2627 1163 2655 Potius
1173 2627 1232 2661 lege
1243 2627 1376 2655 ecclesiae
1433 2627 1755 2666 dismembrataemso„

1039 2672 1056 2700 2
1071 2672 1142 2701 Edit.
1160 2672 1243 2699 Main.
1259 2672 1324 2709 legit
1338 2672 1530 2702 celebrationi
1545 2673 1582 2710 (n.
1598 2677 1647 2708 T.).

1653 255 1719 289 465
1766 265 1814 291 An.
1828 265 1859 292 c,
1884 265 1951 293 ¹732
