2182 3137
1 0 62 99 Ε,

59 287 106 314 An.
122 286 151 312 C.
174 285 242 312 1735

871 289 1013 313 CLEMENS
1040 291 1083 314 x11
1109 292 1158 315 Pr.

251 333 368 372 triginta
392 335 619 373 magistrorum,
644 346 700 366 non
732 337 924 375 derogaretur
946 337 989 366 illi

250 383 379 413 facultati
414 384 666 414 reverendissimis
700 385 832 424 patribus
866 395 990 423 genera-

250 431 327 461 libus
365 433 458 471 primo
495 443 650 463 concessae
688 444 739 474 pro
776 434 990 464 constituendis

249 481 441 520 quadraginta
465 483 615 521 magistris
631 492 718 522 supra
736 493 889 513 numerum
907 487 989 513 extra

248 531 383 567 Italian13
420 532 457 562 sit
490 531 613 562 ulterius
647 532 723 571 quod
759 542 793 561 ex
833 532 990 571 praedictis

248 580 384 610 omnibus
416 585 512 611 ortum
537 582 624 611 suerit
656 582 732 621 quod
763 592 796 611 ex
828 583 887 611 una
910 586 990 620 parte

248 629 487 659 reverendissimi
511 634 606 669 patres
628 630 782 668 generales
805 635 907 669 optent
930 639 987 659 ser·
1011 631 1013 639 '

249 686 316 706 vare
349 687 432 707 suam
455 678 624 708 facultatem
644 679 763 708 creandi
792 678 987 717 quadraginta

248 726 401 764 magistros
427 727 686 765 supranumerales
709 727 737 756 in
761 727 921 766 provinciis
947 726 991 756 ul-

247 775 453 812 tramontanis,
468 779 495 804 et
517 775 567 804 illa
590 775 632 804 uti
655 775 684 804 in
707 775 776 812 illis,
795 784 827 804 ac
844 784 895 814 per
918 785 988 805 con-

245 832 372 862 sequens
395 827 423 852 et
455 823 484 852 in
516 823 582 862 ipsa.
617 823 765 862 provincia
789 823 928 859 Baetica,
961 828 989 854 et

245 881 278 900 ex
303 871 360 900 alia
383 875 465 910 parte
488 871 564 901 dicta
593 872 742 910 provincia
767 872 883 902 Baetica
908 877 988 911 optet

245 929 303 950 non
325 920 442 958 gravari
466 919 598 959 pluribus
622 921 770 959 magistris
786 921 861 950 ultra
877 921 987 951 dictum

244 978 410 1006 numerum,
435 979 470 998 ne
494 969 617 999 ulterius
649 974 799 1008 pateretur
821 970 921 999 eadem
945 970 989 1000 iu-

244 1019 394 1048 commoda
425 1023 453 1048 et
483 1018 657 1048 detrimenta
686 1028 759 1058 quae
784 1019 910 1058 primum
935 1020 988 1049 suit

245 1077 401 1107 perpessa3
426 1071 639 1107 proptereaque
662 1068 696 1097 ad
720 1077 751 1097 ea
776 1068 891 1097 vitanda
915 1068 988 1098 ohu-

243 1117 340 1147 nuerit
371 1116 641 1155 augmentationem
678 1117 794 1146 numeri
831 1117 985 1146 duodecim

243 1165 448 1204 magistrorum
465 1165 499 1194 ad
516 1174 671 1194 numerum
689 1165 807 1203 triginta
831 1174 846 1194 a
869 1165 984 1195 dictae¹

243 1214 337 1244 felicis
359 1213 571 1244 recordationis
593 1214 780 1244 sanctissimo
796 1214 914 1244 domino
936 1224 987 1244 no-

242 1267 302 1293 stro
318 1263 476 1292 Benedicto
492 1262 553 1292 Xlll
578 1272 628 1302 per
651 1262 863 1302 supracitatum
881 1263 983 1301 Breve,

243 1317 273 1342 ut
294 1321 410 1351 semper
432 1312 573 1350 gauderet
596 1312 787 1351 imposterum
812 1312 986 1352 prohibitio-

241 1371 277 1391 ne
301 1361 507 1399 magistrorum
538 1361 823 1400 supranumeralium
847 1361 882 1391 ol]
906 1361 983 1391 varia

241 1410 426 1440 incommoda
450 1410 506 1450 ipsi
529 1410 714 1440 sanctissimo
730 1411 883 1450 exposi1a3
908 1411 984 1440 unde

241 1459 266 1489 si
294 1469 393 1495 nunc,
417 1468 505 1498 supra
533 1459 642 1488 (lictum
675 1468 831 1488 numerum
864 1459 982 1498 triginta

242 1508 461 1546 magistrorum,
482 1508 555 1538 alios
577 1509 839 1547 supernumerales
861 1509 925 1538 siue
951 1509 984 1538 li-

242 1557 395 1587 initatione
410 1557 568 1596 acciperet,
586 1567 643 1587 non
661 1558 755 1587 solum
772 1558 805 1587 ad
827 1557 981 1597 praeterita

241 1606 351 1636 rediret
373 1606 570 1644 incommoda,
594 1606 643 1636 sed
667 1606 695 1636 in
719 1606 857 1636 deteriori
881 1606 982 1636 condi-

242 1656 340 1693 tione,
365 1657 511 1684 ac.⁴antea
545 1659 628 1693 erat,
653 1659 834 1691 remaneret3
860 1664 980 1693 verum,

240 1713 306 1734 cum
336 1713 414 1733 nunc
444 1703 518 1733 dieta
546 1704 695 1743 provincia
725 1704 840 1734 Baetica
869 1704 983 1733 deside-

240 1757 284 1783 ret
316 1753 372 1783 [luo
406 1757 521 1782 tantum
555 1753 724 1791 magisteria
758 1762 846 1792 supra
883 1763 983 1782 mime-

241 1812 304 1832 rum
329 1802 514 1840 trigesimum
539 1811 591 1841 pro
614 1802 675 1832 suis
698 1802 848 1832 vocalibus
863 1826 870 1840 ,
902 1811 982 1831 nem-

240 1861 275 1890 pe
297 1851 452 1881 definitore
475 1855 502 1880 et
526 1851 652 1881 discreto
676 1851 798 1890 capituli
823 1851 980 1889 generalis,

240 1905 271 1930 ut
294 1901 386 1940 possit
408 1900 540 1939 reperire
563 1900 640 1930 viros
663 1900 783 1930 idoneos
805 1904 833 1930 et
856 1900 982 1937 gradua-

240 1954 283 1979 tos
306 1949 356 1988 qui
380 1949 471 1979 velint
487 1948 618 1987 arripere
640 1948 698 1978 iter
721 1949 759 1978 ita
779 1948 911 1987 longum,
929 1948 982 1978 dis-

240 1998 316 2027 sseile
349 2001 378 2027 et
410 1997 593 2036 gravissimis
626 1997 762 2037 expensis
797 1998 854 2036 (ex
878 1997 981 2027 maiori

240 2050 322 2086 parte
345 2056 360 2075 a
383 2046 470 2076 dictis
502 2045 652 2075 vocalibus
684 2046 843 2080 faciendis)
878 2056 983 2076 onera-

241 2100 301 2126 tum
317 2118 324 2132 ‚
349 2099 379 2125 ut
402 2099 446 2125 est
468 2106 482 2125 a
507 2095 659 2134 provincia
681 2095 799 2125 Baetica
831 2105 923 2134 usque
946 2096 980 2125 ad

239 2144 368 2182 ltaliam,
388 2144 439 2183 qui
469 2148 547 2173 certe
570 2154 627 2173 non
656 2148 757 2179 erunt,
782 2144 805 2174 si
830 2145 982 2183 priventur

238 2203 288 2233 spe
313 2193 434 2232 praemii
459 2192 632 2231 magisterii,
650 2192 703 2222 hac
726 2193 760 2222 de
783 2194 882 2230 causa,
901 2197 928 2223 et
945 2193 980 2222 ad

239 2241 379 2272 tollendas
401 2241 473 2271 alias
495 2240 712 2279 dissensiones,
737 2241 925 2271 difficultates
954 2246 981 2272 et

238 2290 489 2327 inconvenientia,
514 2290 679 2320 decreverit
701 2290 838 2320 devenire
855 2300 919 2320 cum
938 2300 981 2320 re-

240 2339 448 2371 verendissimo
466 2343 547 2378 patre
564 2339 692 2377 generali
710 2339 744 2369 ad
761 2339 835 2369 infra
853 2340 981 2369 reseren-

238 2387 304 2417 dam
333 2386 576 2426 compositionem
600 2390 627 2415 et
649 2387 854 2424 concordiam,
880 2387 981 2416 videli-

238 2439 293 2465 net:
312 2444 329 2465 1.
348 2434 429 2470 Quod
445 2435 541 2465 dictus
559 2435 821 2464 reverendissimus
837 2439 918 2474 pater
933 2444 980 2473 ge-

238 2484 347 2514 neralis
372 2493 406 2513 ex
429 2483 623 2522 quadraginta
640 2483 828 2522 supracitatis
844 2484 980 2522 magiste-

238 2532 289 2562 riis
318 2541 348 2562 se
377 2531 486 2570 obliget
513 2541 565 2571 pro
594 2541 623 2562 se
651 2536 679 2562 et
707 2532 925 2562 successoribus
947 2541 979 2561 ac

272 2634 285 2660 1
308 2633 355 2660 Vel
383 2633 478 2667 dicto;
500 2633 546 2660 sed
573 2634 643 2661 male
671 2642 783 2669 prorsus
811 2634 875 2661 edit.
898 2633 976 2660 ltlain.

236 2678 302 2714 legit
321 2678 398 2704 dicta
417 2680 455 2712 (a.
468 2678 516 2712 τ.).

341 2741 421 2771 Buta.
437 2741 524 2771 Rom.
539 2757 570 2762 --
593 2741 654 2771 Vol.
673 2741 781 2771 XXIII.
929 2740 962 2768 79

1034 337 1098 377 ipsa
1120 339 1261 377 religione
1284 341 1434 380 assignare
1461 342 1518 372 duo
1541 343 1708 382 magisteria
1732 344 1775 374 di-

1034 392 1096 417 ctae
1120 389 1287 427 provinciae
1308 391 1443 421 Baeticae
1463 401 1514 431 pro
1531 393 1591 422 suis
1611 392 1773 430 vocalibm,

1035 446 1137 476 nempe
1150 437 1302 468 definitore
1319 444 1346 468 et
1361 439 1487 470 discreto
1500 441 1534 470 ad
1549 441 1709 481 capitulum
1727 451 1775 480 ge-

1035 486 1133 515 nerale
1153 487 1350 525 venientibus,
1368 498 1433 518 cum
1451 494 1533 528 pacto
1549 500 1605 519 non
1623 491 1776 529 assignan-

1035 533 1063 562 di
1086 534 1141 563 alia
1167 535 1331 573 magisteria
1351 546 1401 575 pro
1419 538 1498 567 dicta
1515 539 1666 577 provincia
1682 540 1775 570 Baeti-

1035 584 1080 619 σείς
1096 592 1124 612 u.
1140 584 1219 619 Quod
1237 584 1297 623 ipsa
1316 586 1467 624 provincia
1484 587 1599 617 Baetica
1617 598 1646 618 se
1665 589 1774 627 obliget

1035 636 1186 670 acceptare
1204 633 1349 671 praedicta
1374 634 1430 663 duo
1454 636 1620 673 magisteria
1637 646 1671 666 ex
1687 637 1774 667 dictis

1035 680 1227 718 quadraginta
1252 683 1449 721 supracitatis‚
1468 694 1533 713 cum
1555 686 1702 723 praedicto
1726 696 1775 725 pa-

1035 733 1080 758 cto
1096 730 1171 768 quod
1196 739 1252 760 non
1277 731 1464 769 assignentur
1486 733 1563 763 aliud
1589 735 1632 764 vel
1649 735 1704 764 alia
1722 745 1774 774 pro

1035 777 1099 816 ipsa
1125 788 1139 807 a
1172 779 1275 817 quovis
1303 781 1548 812 reverendissimo
1579 787 1660 822 patre
1688 794 1775 822 gene-

1034 826 1100 862 rali,
1125 836 1160 856 ne
1183 827 1283 857 eadem
1307 828 1434 867 patiatur
1457 829 1639 860 incommoda
1670 837 1697 861 et
1725 833 1776 862 de-

1036 874 1188 908 trimenta:
1213 880 1241 905 et
1265 876 1394 906 volentes
1417 887 1504 916 super
1527 879 1696 917 praemissis
1721 890 1773 919 pu-

1035 923 1143 952 blicum
1167 925 1310 955 conficere
1334 926 1575 958 instrumentum.

1074 972 1147 1001 Iliue
1181 978 1223 1002 est
1257 973 1355 1012 quod,
1380 974 1408 1003 in
1432 974 1488 1004 mei
1524 976 1630 1005 notarii
1664 977 1773 1015 publici

1033 1025 1061 1050 et
1094 1021 1209 1051 testium
1247 1022 1500 1062 iusraseriptorum
1539 1030 1707 1063 praesentes
1744 1030 1772 1056 et

1033 1069 1228 1108 personaliter
1254 1070 1416 1101 existentes
1439 1073 1700 1104 reverendissimus
1724 1084 1773 1113 pa-

1033 1123 1077 1148 ter
1109 1119 1246 1157 magister
1278 1129 1383 1158 regens
1420 1122 1510 1151 frater
1545 1122 1680 1153 Nicolaus
1714 1124 1772 1154 An-

1033 1167 1128 1197 tonius
1159 1169 1340 1199 Selliastinati
1374 1170 1598 1209 Neapolitanus,
1622 1173 1769 1210 generalis

1031 1217 1148 1246 Ordinis
1171 1218 1365 1247 Eremitarum
1395 1219 1488 1249 sancti
1522 1220 1700 1258 Augustini,
1735 1231 1770 1251 ex

1031 1267 1101 1303 una,
1128 1271 1156 1295 et
1183 1266 1338 1296 admodum
1370 1269 1547 1299 reverendus
1576 1274 1658 1308 pater
1680 1270 1772 1300 lector

1030 1316 1121 1345 frater
1154 1316 1328 1346 Franciscus
1361 1317 1529 1353 Candiotfi,
1559 1319 1599 1348 uti
1635 1329 1773 1358 procura-

1031 1368 1074 1394 tor
1102 1364 1195 1394 dictae
1231 1365 1399 1404 provinciae
1434 1367 1587 1405 Baeticae,
1622 1373 1708 1406 prout
1738 1379 1771 1398 ex

1029 1413 1225 1443 instrumento
1259 1414 1379 1452 publico
1407 1416 1540 1445 mandati
1573 1426 1712 1455 procurae
1743 1418 1771 1447 in

1029 1462 1091 1491 eius
1115 1471 1269 1501 personam
1294 1463 1380 1499 sacti,
1405 1468 1434 1493 et
1456 1464 1491 1494 ab
1514 1465 1651 1495 idiomate
1675 1466 1770 1506 hispa-

1030 1510 1094 1540 nico
1125 1510 1154 1540 iu
1186 1510 1316 1540 italicum
1349 1512 1491 1548 traducti,
1518 1513 1595 1551 quod
1624 1514 1671 1543 lite
1694 1514 1771 1544 inse-

1029 1560 1120 1596 ritur,
1146 1559 1270 1597 tenoris,
1297 1565 1366 1597 etc„
1391 1566 1476 1600 prout
1499 1562 1527 1591 in
1552 1572 1595 1599 eo,
1620 1572 1654 1592 ex
1677 1563 1769 1593 altera

1029 1608 1177 1647 partibus,
1206 1608 1291 1638 ambo
1325 1609 1415 1645 mihi,
1445 1614 1519 1645 etc.,
1551 1611 1684 1649 cogniti,
1718 1621 1768 1640 as-

1027 1662 1179 1695 serentes,
1209 1662 1236 1687 et
1262 1657 1356 1688 medio
1380 1658 1543 1689 iuramento
1568 1660 1651 1689 tactis
1674 1664 1769 1699 pecto-

1027 1706 1108 1736 ribus
1142 1715 1222 1736 more
1255 1707 1429 1736 sacerdotali
1453 1708 1647 1745 affirmantes,
1671 1709 1768 1738 omnia

1027 1759 1054 1784 et
1090 1754 1203 1793 singula
1241 1755 1376 1794 superius
1414 1765 1555 1795 expressa
1589 1761 1617 1786 et
1651 1762 1768 1786 narrata

1027 1813 1092 1833 vera
1118 1804 1206 1833 fuisse
1240 1808 1267 1833 et
1300 1814 1383 1839 esse,
1408 1814 1498 1844 eaque
1522 1815 1573 1844 pro
1607 1806 1713 1835 talibus
1740 1811 1768 1836 et

1027 1858 1173 1892 tamquam
1199 1854 1266 1883 talia
1291 1855 1375 1884 modo
1397 1855 1576 1885 ratiticantes
1606 1860 1634 1885 et
1663 1865 1768 1894 appro-

1026 1903 1140 1940 bantes,
1158 1902 1187 1931 in
1204 1912 1304 1932 eorum
1322 1903 1413 1940 igitur
1428 1903 1644 1940 executionem,
1662 1914 1763 1934 eorum

1026 1956 1140 1990 sponte,
1164 1956 1234 1988 etc.,
1259 1951 1438 1989 nominibus,
1462 1952 1568 1991 quibus
1598 1962 1697 1991 supra,
1722 1963 1767 1982 re-

1025 2000 1166 2039 spective,
1185 2009 1236 2039 per
1260 2000 1334 2029 viam
1357 1999 1522 2029 amicabilis
1547 2001 1763 2035 transactionis,

1025 2049 1243 2088 compositionis
1273 2053 1301 2078 et
1328 2048 1512 2083 concordiae,
1536 2058 1569 2078 ac
1592 2049 1663 2078 alias
1686 2050 1765 2079 omni

1026 2097 1138 2127 meliori
1163 2098 1259 2135 modo,
1284 2102 1352 2131 cte„
1376 2098 1591 2128 renunciaruut
1619 2098 1765 2137 imprimis

1025 2151 1052 2176 et
1076 2150 1142 2175 ante
1165 2146 1261 2175 otnnia
1279 2146 1453 2185 cuicumque
1471 2146 1634 2185 privilegio,
1655 2147 1765 2186 praela-

1025 2195 1109 2232 tioni,
1128 2195 1250 2234 aliisque
1273 2194 1385 2224 iuribus
1409 2199 1436 2224 et
1459 2195 1621 2225 rationibus
1644 2195 1766 2235 quibus-

1024 2252 1160 2282 cumque,
1176 2243 1283 2272 eisdem
1298 2243 1515 2282 quomodolibet
1527 2243 1763 2283 competentibus

1024 2293 1098 2323 circa
1124 2292 1294 2331 praemissa,
1319 2291 1425 2330 quibus
1448 2292 1583 2322 omnibus
1606 2293 1686 2322 nullo
1710 2303 1763 2322 un-

1024 2351 1110 2381 quam
1134 2345 1263 2380 tempore
1285 2345 1386 2370 contra
1416 2350 1554 2380 praesens
1584 2341 1763 2371 instrumen-

1024 2395 1083 2420 tum
1116 2391 1157 2420 uti
1191 2390 1263 2418 velle
1296 2390 1330 2419 ad
1363 2390 1486 2419 invicem
1513 2390 1711 2428 promiserunt
1733 2395 1762 2420 et

1023 2439 1220 2475 declararunt,
1233 2438 1260 2467 in
1275 2438 1381 2468 iudicio
1398 2448 1450 2468 nec
1464 2442 1558 2475 extra,
1573 2438 1674 2476 libere,
1689 2443 1760 2474 etc..

1023 2488 1061 2517 ita
1084 2488 1173 2526 quod,
1197 2491 1266 2522 nte„
1291 2487 1373 2524 alias,
1398 2491 1467 2522 etc.;
1491 2492 1530 2522 et,
1556 2488 1760 2526 prosequendo

1022 2535 1222 2575 dispositivam
1246 2534 1390 2564 stabilitae
1415 2534 1586 2565 concordiae
1611 2544 1662 2574 per
1685 2536 1760 2565 viam

1022 2585 1163 2621 eiusdem,
1190 2583 1355 2623 praedictus
1382 2583 1643 2614 reverendissimus
1677 2589 1759 2623 pater

1021 2633 1166 2672 generalis
1184 2632 1327 2671 promisit,
1345 2642 1434 2671 seque
1456 2633 1626 2663 solemniter
1648 2633 1759 2672 obliga-

1022 2683 1061 2713 vit
1083 2691 1135 2722 pro
1158 2691 1187 2712 se
1215 2684 1243 2711 et
1265 2681 1328 2713 eius
1356 2681 1585 2721 successoribus,
1609 2681 1758 2721 assignare

1669 286 1733 319 625
1779 297 1816 322 Aa
1850 297 1877 323 c.
1902 297 1976 323 :7:12
