2182 3137
237 271 274 295 Αιι
303 270 331 293 C.
356 266 420 292 1730
471 258 506 288 tr.

1009 258 1186 282 tttttMttL'M
1213 254 1367 280 nonast'ti

426 315 599 346 meantium
627 313 655 345 in
685 316 748 343 toto
770 312 815 343 xcl
838 311 868 341 in
897 314 997 351 patto,
1017 313 1044 338 vt
1067 317 1156 348 quas>
1198 314 1420 346 quascumque
1445 303 1695 345 prorogationes
1722 309 1753 336 et
1778 304 1935 336 extensio-

426 368 469 399 νίκ-
496 365 721 397 vomu—ssione<
742 368 771 395 et
792 362 992 399 coll-‘itiones
1012 359 1155 400 aliasque,

425 419 651 462 dispositiones
689 426 745 459 per
783 415 884 447 felicis
922 411 1155 445 recordationis

426 471 644 504 lnnncentinm
674 469 764 506 Xlll,
791 468 939 509 aliosque
966 465 1156 507 praedeees-

426 535 511 556 sor-fs
530 524 567 555 de
594 521 685 554 dictis
711 520 834 558 officiis,
851 519 945 551 ctiam
965 528 1000 550 cx
1020 516 1072 549 die
1090 517 1156 548 col-

426 577 587 613 lationum,
604 573 847 607 concessionum
863 577 893 603 et
908 569 1154 612 dispositionum

427 628 606 661 earumdem
625 626 653 658 in
671 631 764 658 antea
779 623 946 661 vacaturis,
967 622 996 654 in
1018 621 1156 653 favorem

426 688 699 723 ‹pnirumcuimpte
737 685 968 720 personarum,
1005 673 1157 706 ecclcsia-

427 745 507 773 rum,
533 731 819 769 monasteriorum,
845 728 972 772 piorum
999 729 1156 766 locorum,

426 786 644 828 collegiorum,
671 794 726 816 scu
759 792 869 814 eorum
899 790 1092 819 mensarum,
1113 785 1158 812 ct-

429 840 488 872 iam
522 838 554 871 in
585 838 643 869 vim
679 840 888 873 contractus,
927 838 958 865 ct
995 843 1033 865 ex
1066 831 1157 865 titulo

427 901 587 928 oneroso,
613 894 642 922 et
668 889 725 921 sub
761 887 871 930 quavis
897 886 960 918 alia
984 884 1156 918 verborum

429 945 546 983 fornia,
576 952 670 985 quam
697 945 728 973 ct
751 939 1001 983 praemissorum
1030 942 1158 970 tenores

427 1007 484 1040 pro
510 995 668 1039 expressis
697 992 806 1025 liaberi
832 991 956 1030 voluit,
987 999 1158 1023 concessas

427 1054 456 1082 et
477 1049 582 1087 factas,
602 1046 707 1090 quoad
725 1045 827 1078 officia
846 1055 926 1087 quae
946 1048 1019 1086 post
1037 1043 1159 1075 obitum

428 1103 584 1136 dictorum
620 1098 909 1142 praedecessorum
946 1100 1101 1128 vacarunt
1129 1100 1160 1128 ct

429 1155 459 1186 in
495 1158 658 1196 posterum
699 1149 948 1193 quomodolibet
986 1147 1157 1181 vacabunt.

428 1207 503 1240 ltcm
531 1204 689 1238 revocavit
713 1213 863 1246 quoque,
889 1201 1025 1235 cassavit
1050 1207 1081 1234 et
1105 1211 1160 1233 an-

429 1259 581 1298 nullavit,
603 1268 638 1290 ac
663 1256 768 1289 irritas
795 1255 967 1288 declaravit
991 1264 1161 1297 quascum-

428 1324 488 1356 que
515 1310 756 1349 infeudationes,
784 1308 1003 1348 investituras,
1031 1307 1161 1350 gratias,

428 1364 653 1399 concessiones
690 1372 822 1404 quoquo
859 1361 955 1394 modo
971 1385 982 1402 ‚
1008 1361 1103 1393 etiam
1128 1359 1161 1391 in

429 1416 661 1461 emphyteusim
687 1415 724 1447 ad
752 1419 875 1457 tempus
908 1423 965 1446 scu
993 1413 1023 1445 in
1049 1423 1163 1456 perpe-

432 1477 530 1509 tuum,
552 1469 646 1501 ctiam
674 1472 761 1499 motu
787 1466 932 1509 proprio,
949 1471 980 1498 ct
998 1466 1037 1498 de
1058 1465 1162 1508 pleni-

432 1523 542 1555 tudine
567 1521 748 1564 potestatis,
768 1530 803 1552 ac
828 1530 898 1552 cum
925 1518 1090 1562 quibusvis
1108 1518 1164 1551 dc-

433 1573 663 1617 rogatoriaruin
689 1572 901 1614 derogatoriis
927 1572 1031 1609 (extra
1057 1576 1162 1604 tamen

432 1626 669 1665 consistorium,
697 1631 727 1658 et
752 1625 818 1657 sine
836 1624 866 1657 S.
891 1624 927 1656 tt.
954 1624 989 1656 E.
1017 1623 1164 1657 cardina-

433 1680 510 1712 lium
533 1678 668 1711 consilio
693 1683 722 1710 et
747 1677 930 1720 consensu)
963 1687 979 1710 a
1011 1677 1062 1710 die
1088 1687 1165 1710 con-

433 1732 607 1765 stitutionis
641 1730 741 1764 felicis
774 1731 1007 1763 recordationis
1036 1730 1082 1762 Pii
1108 1730 1165 1763 Pa-

433 1795 492 1828 pae
508 1785 528 1816 V
546 1783 807 1828 praedecessoris
829 1783 876 1815 sui
902 1793 998 1826 super
1023 1783 1166 1826 prohibi-

436 1837 520 1870 tione
556 1836 716 1869 alicnandi
747 1841 779 1868 et
802 1835 987 1868 infeudandi
1019 1835 1165 1868 civitates

435 1895 465 1922 et
482 1891 550 1922 loca
566 1889 597 1921 S.
618 1889 652 1921 tt.
672 1888 706 1921 E.
729 1888 786 1920 sub
812 1888 919 1920 datum
940 1888 1061 1921 Romae
1082 1887 1166 1931 apud

435 1942 466 1975 S.
489 1941 615 1974 Petrum
635 1951 718 1974 anno
737 1941 969 1974 lncarnationis
988 1941 1166 1974 dominicae

436 2004 566 2034 tintxvt,
593 2004 620 2027 tv
646 1994 797 2026 kalendas
817 1994 935 2037 aprilis,
962 1994 1167 2037 pontificatus

437 2047 485 2079 sui
507 2057 590 2080 anno
609 2057 643 2086 ιι,
663 2057 763 2089 usque
788 2047 819 2079 in
846 2052 1051 2090 praesentem
1069 2047 1166 2088 diem,

438 2109 494 2142 per
533 2109 754 2142 quoscumque
798 2099 958 2132 Romanos
998 2099 1167 2134 Pontifices

437 2162 513 2185 suos
548 2152 814 2195 praedecessores
850 2159 904 2185 aut
938 2153 1085 2187 mandato
1121 2154 1168 2187 vel

438 2205 627 2238 auctoritate
663 2215 774 2239 corum
810 2206 1112 2250 quomodocumque
1138 2212 1170 2240 et

438 2258 713 2302 qualitercumque
739 2264 770 2291 et
795 2259 905 2301 quovis
940 2260 1047 2293 colore
1073 2260 1170 2293 factas

439 2316 469 2343 et
486 2320 651 2343 concessas
677 2310 716 2344 dc
742 2311 935 2352 civitatibus,
955 2313 1060 2353 terris,
1080 2313 1170 2356 oppi-

440 2363 497 2402 dis,
519 2363 641 2404 castris,
662 2364 789 2396 arcibus
815 2371 846 2397 et
869 2364 948 2398 locis
973 2365 1005 2399 S.
1026 2366 1061 2398 R.
1085 2366 1118 2399 Ε.
1139 2373 1171 2400 ct

440 2415 570 2448 Sanctae
600 2415 673 2448 Scdi
705 2417 908 2459 Apostolicae
945 2423 975 2450 ct
1009 2423 1071 2451 tam
1105 2429 1171 2452 me-

441 2467 523 2500 diate
548 2478 642 2510 quam
667 2468 851 2502 immediate
877 2469 1051 2510 subiectis,
1079 2476 1170 2512 tunc,

441 2520 590 2552 videlicet
614 2520 652 2554 de
678 2527 820 2565 tempore
845 2522 1006 2556 dictarum
1026 2515 1193 2558 infeuda-¹

1199 368 1254 389 ncs
1280 367 1553 399 quarutncttmqtie
1581 357 1859 395 infendationnm,
1889 357 1936 389 in-

1198 409 1437 448 vestiturarum,
1453 408 1631 450 gratiarnm
1648 408 1938 441 etc011c‹.·ssiomnn

1199 462 1237 494 dc
1264 461 1356 494 dictis
1385 461 1580 501 civitatibus,
1601 462 1703 500 tcrris,
1730 462 1871 505 oppidis,
1888 473 1939 495 ca-

1199 514 1283 554 stris,
1301 514 1433 547 arcibus
1459 520 1491 547 et
1515 514 1604 553 locis,
1625 521 1708 553 tunc,
1731 515 1878 548 videlicet
1899 516 1939 548 dc

1201 573 1346 610 tempore
1366 567 1523 600 dictarum
1549 567 1814 611 prorogationnm
1837 573 1868 601 et
1888 578 1939 601 ex-

1200 619 1383 653 tensiomnn
1410 620 1552 653 nondum
1576 620 1745 660 finitarum,
1772 621 1939 664 quibusvis

1187 673 1349 716 ,personis
1379 673 1610 717 cuiuscumque
1642 674 1783 716 gradus,
1811 678 1936 713 status,

1200 725 1398 759 conditionis
1431 731 1462 759 et
1486 726 1781 769 praeeminentiae,
1812 725 1937 759 etiamsi

1201 778 1370 821 imperiali,
1390 778 1502 821 regali,
1524 778 1643 818 ducali,
1663 784 1716 810 ant
1741 778 1803 811 alia
1828 778 1938 821 quavis

1201 831 1426 874 praefulgeant
1462 830 1640 873 dignitate,
1675 831 1770 863 etiam
1806 831 1839 863 in
1876 830 1939 863 vim

1201 888 1396 924 contractus,
1411 889 1441 916 et
1456 893 1492 916 ex
1506 893 1710 926 quocumque
1727 883 1830 923 titulo,
1844 882 1939 916 etiam

1202 945 1361 975 oneroso,
1388 941 1419 968 et
1448 945 1505 978 per
1530 945 1768 978 quascumque,
1794 940 1858 968 tam
1881 935 1940 968 sub

1201 989 1346 1031 plumbo,
1372 999 1466 1032 quam
1493 989 1524 1021 in
1551 988 1651 1021 forma
1676 988 1796 1028 Brevis,
1812 988 1871 1021 sub
1889 992 1942 1021 an-

1202 1042 1278 1074 nulo
1305 1041 1487 1082 piscatoris,
1508 1046 1561 1074 aut
1586 1040 1683 1074 etiam
1701 1040 1780 1073 alias
1805 1051 1940 1084 quomo-

1203 1094 1385 1137 documque
1411 1099 1441 1127 et
1462 1093 1746 1137 qualitercumque
1771 1093 1939 1136 expeditas

1203 1148 1340 1187 litteraS,
1357 1158 1393 1180 ac
1409 1146 1468 1179 snb
1489 1146 1601 1189 quavis
1627 1145 1798 1179 verborum
1825 1146 1940 1186 forma,

1204 1211 1298 1244 quam
1325 1206 1356 1234 et
1385 1200 1640 1244 praemissorum
1678 1199 1822 1232 omnium
1852 1204 1943 1232 teno-

1204 1264 1255 1287 res
1281 1253 1438 1286 Sanctitas
1465 1252 1526 1286 Sua
1552 1263 1610 1295 pro
1640 1252 1804 1296 expressis
1829 1251 1942 1286 haberi

1203 1307 1313 1347 voluit,
1341 1307 1496 1339 latissime
1521 1305 1756 1339 extendendos.

1248 1370 1315 1393 va.
1333 1360 1427 1400 ltem,
1445 1370 1517 1393 cum
1531 1360 1678 1394 nonnulli
1693 1355 1728 1393 'in
1746 1359 1944 1403 impetratio-

1205 1413 1300 1446 nibus
1321 1413 1554 1446 beneflciorum
1573 1413 1868 1446 ecclesiasticorum
1886 1423 1944 1456 pro

1208 1472 1353 1509 tempore
1370 1466 1562 1506 vacantium,
1583 1471 1615 1498 et
1630 1472 1719 1499 certo
1744 1466 1841 1500 modo
1858 1477 1946 1500 vaca-

1207 1524 1361 1559 turorum,
1380 1518 1556 1552 asserendo
1575 1518 1707 1551 illorum
1725 1519 1853 1559 fructuS,
1869 1524 1944 1559 etc..

1207 1577 1330 1605 certum
1352 1582 1411 1615 per
1436 1582 1492 1604 cos
1518 1581 1706 1614 expressum
1727 1581 1869 1605 annuum
1893 1582 1946 1605 va·

1208 1626 1309 1659 lorem
1330 1634 1394 1658 non
1420 1624 1590 1664 excedere,
1611 1634 1846 1668 nonnunquam
1864 1624 1947 1658 obti-

1209 1684 1306 1712 neant
1330 1689 1348 1711 a
1372 1677 1546 1711 Sanctitate
1581 1677 1664 1718 Sua,
1692 1683 1727 1710 ut
1760 1678 1948 1712 huiusmodi

1210 1732 1350 1764 valorem
1376 1740 1518 1763 annuum
1544 1740 1661 1773 augere
1690 1730 1827 1774 possint,
1847 1736 1882 1763 ut
1900 1741 1948 1764 ve·

1210 1784 1275 1817 rius
1299 1783 1402 1827 possit
1428 1783 1457 1816 in
1474 1783 1675 1817 confectione
1700 1784 1882 1817 litterarum
1902 1793 1948 1817 su-

1211 1847 1268 1880 per
1293 1836 1480 1870 huiusmodi
1516 1836 1796 1880 impetrationibus
1826 1847 1949 1870 summa

1211 1896 1266 1923 ant
1284 1891 1373 1924 valor
1390 1900 1518 1924 annuus
1536 1889 1680 1933 exprimi,
1700 1889 1794 1924 aliter
1808 1889 1949 1934 desuper

1211 1953 1277 1976 non
1302 1941 1487 1986 specificato
1504 1969 1511 1983 ‚
1547 1952 1587 1976 ne
1613 1942 1652 1976 de
1676 1942 1813 1976 veritate
1839 1942 1950 1976 huius-

1211 1995 1298 2029 modi
1325 1996 1545 2029 concessionis
1567 1996 1777 2040 imposterum
1795 1995 1949 2030 haesitari

1212 2048 1393 2092 contingat,
1424 2048 1602 2082 declaravit
1626 2053 1794 2092 praetextu
1817 2058 1950 2082 conces-

1212 2102 1323 2136 sionis*
1340 2101 1526 2135 huiusmodi
1552 2102 1692 2136 valorem
1716 2101 1823 2145 ipsum
1844 2111 1950 2146 usquc

1212 2156 1252 2189 ad
1278 2156 1402 2189 tertiam
1427 2160 1553 2198 partem
1578 2155 1697 2189 valoris
1727 2154 1890 2197 expressi,
1919 2159 1952 2188 et

1212 2209 1245 2241 in
1271 2209 1383 2252 prima,
1413 2218 1494 2252 qnae
1521 2208 1662 2251 desuper
1686 2206 1742 2241 siet
1766 2207 1951 2241 litterarum

1213 2260 1432 2305 expeditione,
1460 2260 1625 2294 dumtaxat
1649 2260 1760 2303 augeri
1785 2269 1891 2303 posse,
1920 2265 1953 2294 et

1213 2325 1277 2355 eas,
1298 2324 1378 2358 quas
1397 2313 1514 2347 litteris
1540 2313 1603 2347 iam
1628 2312 1787 2357 expeditis
1807 2323 1880 2346 cum
1901 2323 1952 2347 ex-

1213 2367 1381 2411 pressione
1414 2366 1534 2400 valoris
1569 2366 1770 2410 specificati,
1798 2371 1851 2399 aut
1884 2375 1952 2400 non

1212 2419 1340 2463 integro
1365 2424 1540 2463 augmento
1565 2418 1745 2462 praedicto,
1765 2418 1871 2452 denuo
1896 2419 1953 2453 de·

1213 2483 1311 2517 super
1340 2472 1485 2516 expediri
1519 2472 1696 2515 contigerit
1730 2471 1854 2505 litteras
1880 2482 1953 2506 cum

1214 2525 1322 2569 aliquo
1343 2530 1514 2569 augmento
1532 2524 1650 2559 valoris
1669 2524 1868 2565 huiusmodi,
1881 2525 1954 2559 nul-

443 2572 584 2612 tionum,
618 2573 876 2608 investiturarum
894 2603 901 2616 ‚
934 2575 1111 2619 gratiarum
1141 2583 1172 2611 ct
1214 2577 1276 2611 lius
1302 2588 1374 2612 esse
1397 2577 1524 2612 roboris
1548 2577 1598 2612 vel
1622 2577 1803 2620 momenti,
1828 2577 1953 2612 etiamsi

443 2625 688 2659 concessionum
704 2627 845 2661 nondum
860 2629 1032 2671 devolutis,
1048 2639 1172 2665 necnon
1216 2635 1303 2667 motu
1325 2631 1458 2676 proprio
1474 2630 1684 2667 beneficiales
1701 2630 1822 2675 gratiae
1841 2636 1873 2666 et
1889 2630 1956 2667 dis-

1943 256 1992 280 An.
2010 257 2038 281 C.
2063 256 2131 283 1730

1980 1369 2041 1395 Quod
2056 1369 2137 1391 fruetus

1954 1397 1975 1417 in
1991 1397 2054 1417 tertia
2075 1398 2138 1422 parto

1955 1423 2028 1448 augi-ri
2057 1422 2140 1448 possint

1956 1450 2029 1476 vigore
2052 1449 2139 1470 etausu-

1956 1477 1997 1498 lac.

2159 1886 2180 2111 Ihm-‘W
2165 1847 2170 1853 a
2167 1775 2171 1801 -.„
2164 1704 2170 1748 ..st
2164 1617 2172 1654 ΕΑ
2168 1581 2169 1584 Α
