2182 3137
66 189 122 214 Aa.
140 185 170 212 (2.
191 184 258 212 ¹730

87 339 184 362 Monach'·
196 341 254 359 extra

72 372 111 388 sua
123 365 254 386 monasteria

85 394 236 414 commorantes

71 425 112 441 non
159 418 252 438 habeant

72 450 144 466 vocem
167 444 207 464 uisi
224 444 253 473 ‘iu

72 471 173 494 eloctione
196 476 254 496 prio-

97 826 157 851 Quod
171 826 252 852 fugitivi

64 855 203 882 quaerantur
241 858 253 872 a

71 879 114 901 suis
133 878 253 925 prlorlbOEff

49 947 52 950 .
66 906 103 953 5¹02
113 906 254 962 ’ἧὲἓὲὲεὲεὶ-

72 958 133 980 (leudi
141 958 196 988 etde
203 964 252 984 poc-

70 985 104 1034 :iz
116 990 154 1032 gius)
165 985 205 1006 iltis
214 991 253 1012 pu—

65 1026 67 1028 ·
86 1018 91 1032 ι
106 1018 118 1033 n
135 1018 140 1032 ι
154 1025 159 1032 .

266 232 418 272 imposita:
442 232 548 272 quibus
566 231 681 262 casibus
704 231 784 261 omni
800 239 869 260 voce
887 230 1008 269 capituli

266 290 385 320 prorsus
406 267 534 311 c3reant.

305 338 354 360 vn.
378 329 511 360 Monachi
534 332 616 358 extra
639 328 756 368 propria
779 327 955 357 monasteria
980 327 1009 356 in

265 377 330 407 aliis
352 381 579 415 commorantes,
597 376 631 405 ad
651 375 885 414 electionemque
905 375 1010 414 prioris

264 435 385 455 suorum
407 424 655 454 monasteriorum
678 423 851 453 accedentes
866 447 873 461 ‚
891 424 1011 462 peracta

264 474 407 504 electione
434 477 462 503 et
484 473 706 502 confirmatione
739 471 844 511 prioris
859 496 867 509 ,
890 471 1011 501 redeant

263 522 298 551 ad
320 521 497 552 monasteria
530 521 581 551 ubi
609 521 691 561 prius
721 520 932 558 morabantur,
957 529 1011 549 nec

264 579 363 600 vocem
386 569 515 600 habeant
547 570 577 599 in
607 569 731 599 aliorum
767 569 930 598 officiorum
953 568 1012 597 ele-

265 619 371 656 ctione,
395 619 473 649 sicut
494 619 605 649 iamdiu
628 619 657 648 in
681 620 783 649 nostrii
801 617 945 656 religione
961 616 1012 646 ob-

265 672 412 697 servatum
433 667 497 697 suit.

478 742 673 773 Consrrrurio
700 741 796 772 XLlll.

304 813 431 852 Fugitivi
451 813 576 842 monachi
597 822 650 852 per
671 822 733 842 suos
752 813 862 851 priores
890 812 1013 851 quamci-

264 863 318 892 tius
341 863 476 892 commode
490 862 553 901 fieri
573 863 674 901 poterit
688 863 901 901 perquirantur,
921 865 945 891 et
960 871 1013 900 per

263 920 408 940 censuram
431 910 652 947 ecclesiasticam,
669 910 711 939 vel
726 910 807 948 alias,
824 914 907 949 prout
930 920 1013 949 empe-

264 960 325 989 dire
345 960 502 996 videbitur,
527 960 561 989 ad
580 961 697 998 propria
731 960 898 988 monasteria
920 960 1012 988 redire

263 1013 412 1047 coquntur,
437 1019 469 1038 ac
490 1010 528 1038 eis
550 1010 629 1038 iupta
650 1018 761 1038 suorum
783 1008 944 1047 qualitatem
966 1018 1013 1037 er-

264 1067 387 1087 cessuum
404 1058 554 1088 secundum
571 1059 776 1087 constitutiones
792 1062 898 1086 nostras
918 1058 1013 1096 poeni-

265 1108 351 1136 tentia
385 1108 543 1146 imponatur
565 1129 573 1143 ,
597 1107 653 1136 nisi
684 1108 777 1145 forsan
810 1116 862 1145 per
886 1106 1013 1144 generale

265 1156 420 1195 capitulum
436 1156 467 1185 a'e
482 1156 574 1194 aliquo
597 1155 727 1185 monacho
746 1156 774 1184 in
791 1155 906 1195 speciali
926 1156 1013 1194 fuerit

266 1205 349 1234 aliter
364 1205 531 1234 ordinatum.
554 1204 598 1233 Ad
620 1205 706 1234 haec:
723 1205 853 1243 fuqitivos
874 1214 1014 1233 censemus

267 1253 398 1293 quoslibet
425 1254 589 1287 monachos,
615 1254 661 1292 qui
682 1254 741 1282 sine
772 1263 884 1282 suorum
903 1253 1013 1292 praela-

266 1307 355 1332 torum
379 1303 493 1332 licentiri
521 1302 596 1331 ultra
629 1306 713 1331 metas
742 1303 922 1336 monasterii,
947 1311 1014 1340 quas

266 1352 325 1380 stne
340 1351 452 1380 Iicentiri
476 1351 634 1380 huiusmodi
657 1352 734 1380 elrire
757 1361 810 1379 nan
829 1351 936 1388 debent,
952 1360 1013 1379 cum

265 1399 405 1429 voluntate
419 1400 557 1438 fuyiendi,
574 1409 620 1428 seu
637 1399 748 1438 aliquod
762 1400 928 1438 maleficium
939 1402 1015 1428 *com-

265 1448 393 1477 mittendi
420 1448 618 1477 abscesserint:
641 1448 682 1476 rel
711 1449 759 1487 qui
786 1449 820 1477 ad
841 1448 899 1477 loca
921 1448 1014 1487 aliqua

267 1497 299 1525 de
314 1506 427 1526 suorum
446 1497 575 1533 priorum
598 1496 709 1526 licentia
731 1497 819 1533 missi,
843 1497 942 1526 earinde
963 1498 1014 1525 suti

267 1547 428 1575 auctoritate
450 1555 512 1575 cum
535 1546 685 1575 intentione
700 1547 735 1575 ad
750 1547 945 1575 monasterium
962 1556 1015 1575 non

267 1595 422 1623 revertendi
453 1595 625 1624 recesserint.
660 1595 788 1623 Ceterum
820 1595 956 1624 uniuersis
989 1598 1015 1624 et

267 1643 386 1681 singulis
405 1643 548 1682 prioribus
570 1652 601 1671 ac
622 1643 761 1673 monacbis
791 1644 877 1672 nostri
901 1642 1015 1673 Ordinis

267 1701 358 1721 omnes
373 1696 397 1721 et
413 1691 534 1730 sinqulos
549 1692 682 1730 fuyitioos
695 1693 841 1731 professos,
860 1692 1015 1721 cuiuscum-

266 1749 318 1778 que
340 1741 426 1769 nostri
447 1741 503 1769 sint
524 1741 693 1778 monasterii,
717 1740 854 1779 capiendi.
872 1743 896 1769 et
908 1741 945 1769 ad
960 1750 1016 1770 mo-

267 1789 408 1823 nasteria,
433 1797 549 1827 quorum
585 1792 649 1817 sunt
679 1789 819 1828 professi,
844 1789 1013 1826 reducendi,

266 1837 424 1876 plenarium
457 1838 629 1867 concedimus
652 1838 833 1877 facultatem;
853 1838 897 1867 vel
919 1838 1017 1868 saltem

267 1888 450 1926 fugitiuorum
470 1887 624 1926 prioribus,
645 1889 772 1926 csrpensis
788 1887 903 1916 illarum
926 1888 1016 1917 domo—

267 1945 340 1969 rum,
358 1945 480 1974 quarum
503 1936 547 1965 illi
568 1937 680 1975 fugitivi
702 1937 775 1975 capti
804 1938 924 1975 professi
945 1937 1015 1966 ecti-

269 1987 366 2023 terint,
384 1985 525 2024 notificent
546 1986 578 2014 de
601 1986 758 2014 huiusmodi
779 1986 924 2024 captione,
951 1996 1017 2025 qua-

268 2038 348 2063 tenus
373 2034 407 2062 ad
439 2034 624 2063 reducendum
657 2035 761 2063 eosdem
790 2039 881 2073 captos
911 2035 946 2064 ad
967 2045 1017 2065 sua

268 2083 435 2111 monasteria
457 2087 542 2111 certos
564 2083 674 2111 nuntios
705 2083 832 2114 mittant:
856 2092 949 2112 oerum
963 2108 969 2118 ,
987 2085 1018 2119 tsi

267 2131 340 2161 alias
352 2133 518 2171 apparuerit
535 2136 582 2160 aut
597 2132 794 2161 verosimiliter
809 2137 1015 2170 praesumatur,

269 2181 338 2218 quod
359 2181 486 2210 monachi
507 2190 569 2209 cum
591 2181 634 2210 sui
662 2183 772 2217 prioris
798 2181 911 2210 licentia
932 2192 948 2210 a
970 2192 1018 2212 suo

269 2230 434 2258 monasterio
449 2230 633 2264 discesserint,
651 2239 705 2259 non
724 2230 892 2268 procedatur
907 2231 950 2259 vid
965 2231 1019 2260 ali-

269 2281 324 2316 qud
352 2282 446 2307 contra
468 2287 520 2307 eos.
543 2278 690 2308 Praeterea
718 2288 809 2308 omncs
840 2279 1015 2309 ecclesiarum

267 2326 406 2365 praelatos
423 2349 430 2362 ,
454 2336 558 2356 necnon
580 2331 604 2356 et
626 2337 811 2366 quascumque
833 2328 903 2357 alias
923 2338 1018 2367 perso-

270 2384 321 2404 nas
341 2375 561 2404 iurisdictionem
579 2375 702 2414 aliquam
724 2376 938 2407 ecclesiasticam
953 2388 1018 2417 quo-

271 2423 413 2452 modolibet
432 2423 598 2462 obtinentes,
615 2425 748 2454 natalias
771 2435 838 2464 quae
866 2431 1019 2465 sequuntur

271 2481 398 2501 exercere
426 2471 566 2509 ualentes,
590 2482 672 2511 quam
701 2474 848 2512 affectuose
874 2484 1019 2513 possumus

272 2522 453 2560 deprecamur
475 2522 505 2550 in
529 2521 657 2559 Domino,
683 2526 833 2560 quatenus,
858 2524 893 2552 ad
915 2525 1019 2553 instan-

271 2571 338 2600 tiam
356 2580 403 2599 seu
419 2571 626 2609 requisitionem
648 2572 843 2611 cuiuscumque
857 2573 963 2611 prioris
978 2573 1018 2602 vel

891 183 1033 206 CLEMENS
1058 183 1104 206 XII
1127 184 1177 207 ΡΡ.

1052 232 1178 261 monachi
1193 234 1278 262 nostri
1294 232 1417 266 Ordinis.
1433 235 1561 273 fugitivos
1577 234 1735 264 huiusmodi
1752 243 1800 263 ca-

1049 280 1131 317 piant
1152 290 1199 310 seu
1227 283 1290 320 capi
1319 283 1449 321 faciant,
1473 287 1499 312 et
1527 293 1569 312 eos
1601 283 1731 312 monacho
1753 282 1798 312 uel

1050 328 1142 364 priori
1164 330 1315 366 requirenti
1336 335 1428 368 captos
1450 331 1580 367 tradant,
1602 341 1651 360 seu
1673 331 1735 360 illos
1761 332 1796 361 ad

1053 374 1111 403 loca
1134 376 1177 404 vel
1197 387 1337 415 personas,
1355 388 1423 416 qnae
1445 379 1488 407 vel
1506 389 1573 418 quas
1588 380 1738 409 monachus
1752 381 1798 410 vel

1051 423 1132 460 prior
1163 426 1307 463 requirens
1339 427 1440 455 eisdem
1471 428 1641 466 capientibus
1673 429 1798 467 explica-

1053 472 1132 507 verit,
1163 475 1291 511 expensss
1324 478 1573 514 monasteriorum,
1597 487 1713 515 quorum
1732 488 1800 517 pro-

1053 521 1120 557 fessi
1141 525 1226 558 sunt,
1251 522 1382 558 mittant,
1405 523 1550 561 implorato
1578 526 1660 554 etiam
1689 527 1796 556 auxilio

1053 577 1138 603 super
1158 569 1307 603 praedictis
1329 570 1434 600 brachii
1460 573 1631 607 saecularis,
1662 580 1798 613 quatenus

1053 625 1120 654 opus
1142 617 1187 646 sit.
1211 617 1304 647 Etiam
1323 619 1458 658 praelatis
1473 626 1497 649 et
1517 624 1643 659 personis
1664 624 1795 662 supradi—

1053 667 1103 693 ctis
1125 666 1343 696 iurisdictionem
1366 668 1535 704 habentibus,
1559 670 1602 698 *rel
1624 671 1693 700 alias
1713 681 1798 710 prae·

1054 714 1138 743 missa
1158 724 1285 744 exercere
1307 716 1479 753 valentibus,
1503 720 1665 748 auctoritate
1688 725 1795 759 aposto-

1055 763 1109 791 lica
1142 768 1231 793 nostro
1261 765 1387 802 generali
1417 766 1538 805 capitulo
1573 772 1717 803 concessa,
1743 779 1797 808 qua

1054 812 1199 849 fungimur
1214 813 1243 841 in
1266 813 1316 842 bac
1334 818 1426 852 parte,
1450 815 1485 843 ad
1507 816 1634 845 uniuersa
1649 822 1674 846 et
1689 818 1798 856 singula

1054 861 1214 898 supradicta
1228 862 1376 900 specialem
1390 867 1548 902 potestatem
1563 869 1643 903 atque
1658 865 1799 895 licentiam

1055 909 1243 947 impartimur.
1266 910 1413 940 Praeterea
1442 913 1465 942 si
1487 913 1521 941 ad
1542 923 1651 943 sacrum
1673 915 1796 944 ordinem

1055 957 1126 995 quis⁷
1140 957 1205 986 dum
1219 958 1307 996 fuerit
1327 960 1478 998 fugitivus.
1499 966 1641 1000 promotus
1662 963 1796 1001 extiterit,

1055 1006 1089 1034 ad
1107 1008 1293 1036 caecutionem
1315 1008 1473 1038 huiusmodi
1494 1011 1599 1040 ordinis
1620 1016 1668 1041 aut
1690 1013 1725 1042 ad
1747 1012 1800 1042 ali·

1055 1064 1120 1093 quos
1141 1059 1217 1084 actus
1248 1057 1418 1095 capitulares
1444 1059 1504 1088 sine
1525 1060 1642 1099 capituli
1661 1062 1801 1099 generalis

1056 1102 1168 1132 licentia
1203 1104 1362 1134 nuliatenus
1397 1107 1571 1137 admittatur.
1606 1109 1799 1147 Fuqitiuorum

1056 1156 1146 1181 autem
1168 1154 1362 1183 monachorum
1375 1165 1463 1194 poena
1479 1157 1544 1186 haec
1566 1160 1637 1187 erit:
1654 1161 1799 1198 fugitivus,

1056 1202 1103 1239 qui
1124 1202 1200 1230 intra
1222 1204 1343 1242 quinque
1365 1205 1444 1242 dies,
1475 1216 1490 1234 a
1512 1208 1557 1236 sui
1579 1217 1685 1237 recessu
1708 1220 1802 1240 rimne-

1056 1251 1165 1285 randos,
1191 1253 1324 1287 redierit,
1346 1263 1398 1292 per
1423 1256 1544 1294 quinque
1566 1257 1624 1286 dies
1645 1260 1738 1288 statim
1759 1269 1801 1288 se-

1056 1303 1167 1337 quentes
1186 1303 1275 1338 poena
1293 1303 1430 1339 9ravioris
1451 1303 1549 1342 culpae
1571 1314 1633 1334 cum
1648 1306 1799 1346 disciplina

1057 1348 1086 1376 z‘n
1108 1350 1253 1387 refectorio
1275 1354 1394 1388 tempore
1417 1353 1534 1390 prandii
1553 1358 1614 1392 post
1637 1354 1800 1385 benedictio-

1058 1406 1117 1425 nem
1140 1406 1248 1427 mensae
1270 1399 1429 1438 mulctetur,
1452 1402 1553 1430 eisdem
1575 1403 1669 1432 diebus
1690 1405 1720 1433 in
1743 1414 1804 1434 car-

1056 1454 1117 1474 cere
1140 1447 1332 1476 retrudendus.
1354 1448 1385 1478 Si
1407 1454 1496 1478 antem
1518 1455 1578 1489 post
1594 1453 1714 1491 quinque
1729 1454 1798 1492 dies,

1057 1499 1118 1523 ante
1139 1495 1211 1524 diem
1226 1501 1316 1525 tamen
1331 1499 1582 1537 quadragesimmm
1606 1502 1710 1540 redeat,
1726 1502 1801 1532 ultra

1054 1545 1229 1582 praedictam
1251 1545 1349 1584 culpae
1378 1548 1518 1584 gravioris
1545 1558 1661 1587 poenam
1678 1576 1684 1585 ‚
1709 1552 1801 1581 decem

1057 1592 1151 1621 diebus
1172 1590 1280 1622 carceri
1312 1596 1496 1634 niancipctur.
1519 1596 1551 1626 Si
1574 1607 1635 1627 vero
1654 1603 1715 1638 post
1736 1610 1804 1639 qua-

1058 1641 1205 1678 draginta,
1230 1642 1295 1671 dum
1323 1647 1414 1672 tamen
1436 1649 1500 1674 ante
1522 1655 1650 1685 annum,
1674 1658 1801 1679 reuersus

1056 1690 1166 1729 fuerit,
1187 1695 1300 1729 praeter
1332 1693 1388 1721 iam
1418 1693 1519 1723 dictam
1539 1704 1654 1733 poenam
1674 1707 1726 1735 per
1747 1698 1804 1728 dies

1059 1739 1186 1767 undecim
1200 1740 1334 1769 carcerali
1349 1740 1499 1771 reclusioni
1513 1743 1652 1773 subiaceat
1660 1756 1670 1778 ,·
1689 1748 1718 1773 in
1734 1756 1800 1784 quo-

1058 1797 1121 1816 rum
1133 1788 1242 1826 singula
1254 1791 1331 1818 sexta
1343 1790 1419 1828 feriri
1431 1800 1514 1820 unam
1529 1793 1557 1820 in
1569 1793 1692 1832 capitulo
1707 1795 1806 1833 culpa-

1058 1846 1121 1865 rum
1142 1838 1276 1867 sustineat
1297 1838 1484 1877 disciplinam.
1502 1839 1555 1869 Sed
1569 1842 1593 1870 si
1603 1847 1663 1880 post
1685 1853 1802 1880 annum,

1059 1885 1283 1924 quandocumque
1305 1887 1438 1924 redierit,
1462 1888 1535 1917 ultra
1562 1892 1719 1929 praefatam
1739 1902 1806 1931 poe-

1060 1945 1134 1971 nam,
1150 1944 1287 1964 carcerem
1310 1938 1435 1965 semestri
1456 1938 1544 1976 spatio
1565 1939 1727 1969 substinebit
1739 1953 1750 1975 ,·
1774 1942 1804 1971 in

1060 1993 1111 2022 quo
1134 1984 1252 2022 singulis
1273 1985 1358 2014 sextis
1379 1986 1462 2024 feriis
1484 1988 1513 2015 in
1528 1996 1601 2024 pane
1615 1993 1640 2017 et
1656 1991 1727 2027 aqud
1745 1989 1804 2019 abs-

1059 2033 1166 2071 tineat,
1190 2037 1216 2062 et
1243 2033 1421 2073 disciplinam
1450 2036 1479 2063 in
1502 2036 1623 2074 capitulo
1655 2037 1803 2076 culparum

1059 2083 1200 2120 accipiat:
1214 2091 1318 2111 necnon
1339 2083 1370 2112 in
1395 2083 1500 2112 actibus
1522 2085 1645 2114 omnibus
1666 2090 1806 2125 tamquam

1060 2131 1178 2160 novitius
1201 2131 1342 2165 habeatur,
1366 2132 1449 2161 donec
1467 2143 1519 2172 per
1538 2136 1662 2172 priorem
1680 2144 1743 2164 cum
1760 2138 1806 2165 sui

1060 2188 1189 2209 consensu
1218 2180 1336 2219 capituli
1358 2182 1388 2209 in
1410 2185 1511 2210 statum
1541 2183 1694 2220 pristinam
1715 2185 1805 2222 fuerit

1060 2229 1215 2258 restitutus.
1235 2228 1315 2259 Circa
1336 2239 1438 2268 poenas
1454 2234 1543 2259 autem
1556 2232 1721 2270 praedictas,
1737 2243 1804 2271 qra-

1060 2278 1145 2307 vandi
1173 2277 1238 2306 illas
1257 2278 1422 2316 praesertim
1444 2284 1537 2308 contra
1559 2279 1622 2308 illos
1640 2281 1687 2318 qui
1716 2291 1805 2311 rever-

1061 2331 1158 2355 tuntur
1181 2328 1263 2356 inviti
1278 2351 1285 2364 ,
1309 2331 1334 2356 ct
1365 2337 1449 2366 saper
1481 2328 1581 2357 eisdem
1602 2329 1780 2367 dispensandi
1796 2354 1803 2367 ,

1059 2375 1249 2414 praemaxime
1282 2376 1355 2404 circa
1379 2375 1440 2404 illos
1462 2376 1509 2414 qui
1531 2376 1684 2406 voluntarie
1716 2388 1806 2407 rever-

1061 2428 1167 2458 tuntur,
1186 2424 1281 2453 habeat
1294 2425 1374 2463 prior
1389 2434 1450 2453 cum
1464 2425 1656 2464 deputatorum
1677 2427 1803 2463 consilio,

1058 2477 1142 2512 prout
1163 2474 1201 2502 cis
1223 2472 1386 2501 rationabile
1409 2474 1496 2502 visum
1513 2475 1617 2510 fucrit,
1642 2474 1803 2513 plenariam

1058 2526 1227 2561 potestatem.
1256 2521 1371 2558 Verum,
1394 2523 1418 2550 si
1439 2524 1553 2561 quisque
1575 2525 1662 2562 fucrit
1684 2526 1805 2555 secundo

1060 2571 1197 2609 fugitivus
1228 2574 1288 2609 post
1319 2570 1436 2600 debitam
1471 2572 1723 2603 reconciliationem
1754 2584 1804 2613 per

1693 176 1759 210 109
1805 185 1858 210 An.
1875 186 1905 211 c.
1929 185 1997 213 ¹7³0
