2182 3137
190 268 242 295 An.
256 267 287 294 c.
306 267 378 295 ¹732
421 259 487 292 358

388 321 534 347 amatores
555 316 624 347 boni
647 317 822 356 eommunis,
839 317 973 357 illudque
989 317 1019 346 in
1036 317 1130 347 omni-

390 365 446 395 bus
469 365 733 396 consultationibus
755 376 823 406 prae
845 366 938 396 oculis
960 366 1096 396 habeant.

429 424 469 445 ιιι.
490 415 560 445 Cum
584 414 673 444 abbas
695 415 754 445 illis
776 416 882 446 auditis
898 416 1007 456 aliquid
1023 421 1129 446 statue-

390 464 441 500 rit,
466 464 606 493 iudicium
623 473 707 494 suum
723 464 803 494 illius
817 465 925 495 iudicio
941 465 1127 495 submittent.

390 511 490 551 Neque
512 516 595 542 extra
618 513 880 552 consultationem,
906 518 956 543 aut
979 514 1048 553 quid
1071 518 1129 543 sta-

392 565 487 590 tutum
510 561 610 597 suerit,
630 560 686 590 sibi
709 561 874 601 displicere,
897 566 946 592 aut
968 572 998 592 se
1020 562 1049 592 in
1073 562 1129 591 alia

388 610 478 639 fuisse
501 610 649 640 sententia
670 610 898 648 significabunt,
932 612 982 641 sed
1011 611 1130 640 laudent

391 659 487 698 potius
509 658 623 688 abbatis
645 659 800 689 consilium
824 660 900 699 apud
927 660 1018 697 alios,
1043 664 1130 698 atque

389 712 537 737 tueantur.
561 707 642 743 Quod
664 708 688 737 si
711 708 746 738 ob
764 709 806 738 rei
829 709 1000 747 gravitatem
1024 708 1059 737 ad
1081 708 1131 737 ab-

389 755 486 785 batem
510 756 675 794 generalem
699 756 727 786 id
751 766 814 786 esse
837 757 1026 786 deserendum
1054 756 1131 785 iudi-

389 809 511 842 carent,
536 814 568 834 re
590 809 704 834 mature
726 805 911 834 considerata
943 809 970 834 et
998 804 1129 833 oratione

387 854 551 893 praemissa
573 854 691 883 saciant.

427 912 466 932 iv.
495 902 525 932 Si
560 902 629 941 quid
663 906 758 931 tamen
792 902 820 931 in
855 905 982 930 mentem
1016 901 1129 931 venerit

389 951 467 990 quod
490 951 525 980 ad
547 960 702 980 commune
724 950 832 979 bonum
849 950 893 979 vel
917 950 1042 979 alicuius
1065 959 1127 989 per-

388 1009 476 1029 sonae
500 999 687 1039 particularis
710 998 867 1028 utilitatem
891 998 1057 1038 pertineat,
1079 1008 1128 1037 po-

387 1052 486 1077 terunt
508 1047 536 1076 id
559 1047 656 1076 abbati
679 1056 852 1086 proponere.

428 1105 455 1125 v.
480 1095 508 1126 Si
531 1095 601 1135 quid
624 1095 701 1124 circa
724 1097 842 1131 victum,
867 1095 1016 1131 vestitum,
1047 1095 1127 1124 labo-

387 1154 432 1174 res
454 1149 483 1174 et
505 1145 712 1184 occupationes
735 1145 957 1179 monachorum,
977 1149 1026 1174 aut
1048 1145 1125 1174 cirea

386 1193 627 1231 gubernationem
662 1192 796 1231 abbatis,
821 1193 1029 1223 moderandum
1045 1216 1053 1230 ,
1076 1203 1133 1222 au—.

385 1243 514 1281 gendum
549 1243 591 1273 vel
624 1243 797 1272 mutandum
834 1247 1008 1279 censerent,
1042 1243 1126 1272 illum

386 1293 549 1331 praemissa
581 1292 713 1321 oratione
745 1292 960 1321 admonendum
996 1295 1124 1328 curent,

386 1341 462 1380 quod
485 1350 536 1380 per
558 1341 770 1370 admonitorem
792 1341 911 1370 saciant.

427 1400 463 1420 η.
487 1390 516 1420 Si
539 1391 604 1430 quis
626 1400 692 1420 cum
716 1390 757 1420 eis
779 1390 813 1419 de
836 1390 1007 1420 difficultate
1029 1390 1127 1429 aliqua

386 1441 438 1470 sua
461 1445 510 1470 aut
534 1439 754 1479 perturbatione
786 1444 874 1477 agat,
897 1440 936 1469 ita
969 1449 1034 1469 eum
1066 1440 1126 1469 suis

386 1489 505 1519 monitis
528 1492 557 1518 et
579 1488 702 1518 consilio
724 1489 823 1518 iuvare
847 1489 972 1527 studeat,
997 1494 1029 1519 ut
1052 1499 1127 1519 sem-

388 1547 449 1576 per,
480 1542 622 1577 quantum
646 1537 773 1576 possint,
804 1538 1052 1568 existimationem
1080 1538 1127 1568 ab·

387 1587 461 1616 batis
484 1591 631 1616 tueantur.

431 1645 478 1665 511.
503 1636 544 1664 lta
567 1644 651 1665 suum
671 1644 777 1665 munus
800 1640 991 1675 exequantur,
1010 1641 1041 1666 ut
1063 1637 1127 1666 nul-

384 1687 441 1715 lam
472 1684 692 1724 gubernationis
725 1688 835 1723 partem
869 1685 924 1714 sibi
956 1691 1124 1715 assumant:

384 1740 469 1774 atque
493 1735 527 1763 ea
549 1732 744 1763 submissione
766 1742 796 1762 se
819 1738 936 1771 gerant,
962 1738 993 1763 ut
1021 1734 1126 1764 ceteris

385 1783 568 1813 obedientiae
591 1782 758 1820 exemplum
782 1781 950 1821 praebeant.

426 1841 485 1861 vm.
510 1831 624 1869 Singuli
647 1831 832 1861 consultores
854 1830 898 1860 bis
920 1832 950 1861 in
981 1841 1057 1862 aimo
1090 1833 1124 1863 ad

386 1880 521 1910 abbatem
538 1880 716 1918 generalem,
734 1880 783 1909 aut
798 1880 980 1919 provinciae,
998 1881 1032 1910 de
1047 1886 1124 1911 statu

385 1928 568 1965 monasterii,
586 1932 614 1957 et
636 1928 659 1957 si
676 1928 745 1967 quid
761 1932 838 1957 esset
853 1929 1059 1967 corrigendum
1074 1935 1124 1960 aut

386 1979 559 2009 mutandum
578 1978 670 2007 eidem
688 1981 847 2016 exponant,
865 1983 951 2017 atque
971 1979 1024 2008 hae
1046 1980 1123 2010 litte-

385 2038 444 2065 rae,
457 2037 472 2057 a
486 2027 600 2057 seniore
612 2026 689 2056 inter
701 2036 750 2056 eos
763 2026 944 2065 obsignatae,
955 2029 1122 2060 mittantur.

425 2086 464 2106 1x.
488 2077 520 2106 ln
543 2076 728 2106 monasteriis
751 2076 1000 2115 frequentioribus
1018 2081 1125 2118 poterit

385 2136 460 2156 unus
492 2136 526 2155 ex
560 2125 778 2156 consultoribus
810 2126 958 2165 designari
990 2128 1025 2157 ab
1061 2129 1124 2168 ipso

386 2174 513 2212 abbate,
537 2174 588 2213 qui
620 2174 813 2203 admonitoris
846 2184 951 2205 nomen
983 2176 1123 2207 habebit:

385 2224 510 2263 eiusque
532 2223 659 2253 osticium
683 2223 739 2252 erit
761 2223 918 2254 admonere
939 2225 1073 2256 abbatem
1090 2227 1125 2257 (le

384 2274 421 2303 iis
439 2282 513 2312 quae
529 2272 713 2302 consultores
731 2272 757 2302 ei
779 2273 902 2303 dicenda
917 2274 1124 2306 iudicaverint.

384 2323 423 2352 De
457 2322 522 2351 aliis
551 2331 620 2351 vero
636 2344 643 2356 ,
667 2330 742 2360 quae
764 2321 826 2351 sive
848 2322 903 2361 ipsi
936 2323 964 2352 in
998 2329 1126 2354 mentem

385 2371 533 2408 venerint,
558 2371 619 2400 sive
641 2370 676 2399 ab
699 2370 763 2399 aliis
790 2371 941 2401 monachis
968 2382 1127 2411 suggeren-

385 2426 443 2458 tur,
469 2430 527 2450 non
551 2420 635 2450 sacile
656 2429 722 2450 eum
745 2420 933 2459 admonebit,
958 2422 1007 2452 sed
1030 2423 1065 2452 de
1088 2425 1124 2454 iis

385 2469 545 2499 dumtaxat
582 2478 655 2508 quae
692 2478 750 2498 non
786 2469 859 2499 levis
890 2471 1028 2500 momenti
1061 2477 1125 2511 post

385 2517 551 2547 orationem
574 2526 638 2547 esse
661 2517 825 2555 censuerit,
849 2517 909 2547 sive
938 2518 973 2548 ad
996 2519 1124 2550 officium

385 2566 499 2596 abbatis
531 2565 743 2605 pertinebunt,
776 2570 804 2595 et
835 2575 959 2605 quorum
991 2567 1124 2598 abbatem

385 2614 590 2652 admonuerit,
622 2614 791 2644 meminerit
813 2624 845 2645 ea
869 2615 972 2646 tacitus
994 2617 1071 2656 apud
1094 2627 1124 2647 se

385 2672 515 2693 servare.

974 269 1158 292 BULLARIUM
1185 269 1340 294 ROMANUM

1280 322 1353 350 Car.
1378 320 1411 349 X.
1437 338 1471 342 —
1495 321 1535 351 De
1554 322 1799 361 praedicatoribus.

1211 377 1230 398 1.
1262 369 1414 407 Eligantur
1443 369 1479 399 ab
1508 369 1611 400 abbate
1639 371 1769 409 generali
1802 371 1846 402 vel
1873 371 1909 403 ab

1172 417 1276 448 abbate
1303 418 1469 457 provinciae
1499 418 1529 448 in
1565 419 1688 457 singulis
1724 420 1910 451 monasteriis

1172 467 1229 496 duo
1251 467 1353 497 saltem
1385 476 1489 505 graves
1521 471 1549 497 et
1580 468 1657 498 docti
1680 468 1836 507 monachi,
1859 469 1911 509 qui

1172 516 1365 545 admittendos
1397 516 1432 545 ad
1466 517 1713 555 praedicationem
1735 517 1815 548 verbi
1837 518 1909 557 Dei,

1173 564 1216 593 vel
1240 564 1274 593 ad
1297 564 1458 594 audiendas
1480 565 1678 595 consessiones
1692 589 1699 603 ,
1724 566 1811 596 etiam
1833 567 1912 606 ipso-

1173 622 1238 642 rum
1262 612 1485 650 monachorum,
1503 623 1536 642 ac
1551 614 1706 652 magistros
1723 614 1865 653 publicos,
1883 619 1912 645 et

1173 661 1387 700 promovendos
1409 661 1444 691 ad
1468 671 1668 701 quoscumque
1691 663 1820 701 ordines,
1844 663 1912 693 dili-

1173 714 1276 747 genter
1300 710 1387 740 simul
1413 711 1590 748 examinent,
1606 715 1761 750 antequam
1789 712 1912 751 proben-

1174 763 1230 795 tur,
1254 763 1282 788 et
1304 759 1339 788 ad
1363 759 1530 789 huiusmodi
1552 759 1714 789 ministeria
1731 760 1775 790 vel
1793 760 1912 791 ordines

1173 807 1377 838 admittantur.

1212 865 1240 886 11.
1259 856 1313 892 Qui
1336 857 1370 886 ad
1389 857 1613 896 praedicationis
1636 857 1766 887 osticium
1789 857 1911 889 admissi

1172 910 1251 943 sunt,
1276 906 1383 936 debent
1400 907 1492 945 primo
1509 916 1622 937 sacram
1639 907 1821 946 Scripturam
1835 917 1912 938 sem-

1173 964 1223 992 per
1245 964 1314 994 prae
1337 955 1472 985 manibus
1495 956 1612 991 habere,
1637 957 1744 994 legere,
1763 961 1801 995 et,
1816 957 1911 997 quoad

1172 1002 1233 1032 sieri
1252 1003 1369 1042 poterit,
1387 1004 1517 1042 quotidie
1534 1005 1642 1044 aliquid
1661 1005 1816 1035 memoriae
1831 1015 1912 1036 man-

1171 1051 1249 1081 dare.
1278 1052 1385 1090 Legant
1413 1052 1500 1082 etiam
1522 1053 1718 1092 expositiones
1740 1054 1857 1084 Patrum
1879 1054 1910 1084 in

1170 1104 1327 1140 utrumque
1359 1101 1576 1131 Testamentum
1590 1127 1597 1140 ,
1622 1102 1696 1132 vitas
1718 1107 1886 1133 sanctorum
1900 1127 1908 1141 ,

1170 1149 1324 1179 historiam
1347 1150 1585 1186 ecclesiasticam,
1603 1161 1688 1190 opera
1709 1152 1833 1182 ascetica
1855 1152 1910 1182 Pa-

1170 1202 1259 1236 trum,
1275 1199 1442 1237 conciones,
1457 1199 1590 1229 homilias
1603 1200 1754 1230 doctorum
1767 1201 1908 1237 virorum,

1170 1251 1198 1276 et
1221 1247 1275 1277 alia
1300 1248 1420 1284 similia,
1444 1247 1550 1287 quibus
1572 1248 1738 1278 evolvendis
1759 1249 1909 1279 residuum

1170 1297 1332 1335 temporis,
1363 1296 1437 1336 quod
1472 1296 1507 1326 ab
1539 1297 1635 1327 officio
1664 1297 1763 1327 divino
1785 1298 1910 1337 aliisque

1170 1345 1372 1384 spiritualibus
1405 1349 1433 1375 et
1465 1345 1665 1385 corporalibus
1693 1346 1843 1377 exercitus
1864 1356 1910 1377 re-

1170 1395 1322 1430 manserit,
1346 1394 1527 1434 impendant.
1545 1395 1652 1425 Deinde
1674 1404 1823 1435 nunquam
1846 1395 1909 1426 sine

1171 1444 1394 1483 praeparatione
1416 1444 1586 1473 concionem
1608 1444 1733 1482 saciant,
1756 1445 1805 1475 sed
1828 1445 1909 1475 illam

1171 1492 1252 1531 prius
1274 1492 1436 1531 scripturae
1459 1492 1673 1529 commendent,
1691 1497 1719 1522 et
1734 1493 1834 1523 sedulo
1850 1502 1911 1523 me-

1170 1541 1281 1570 moriae
1303 1541 1428 1570 tradant.

1209 1599 1247 1619 111.
1271 1590 1356 1619 Extra
1380 1590 1590 1619 monasterium
1622 1590 1733 1620 nemini
1756 1590 1909 1621 monacho-

1170 1647 1234 1667 rum
1263 1638 1304 1667 sas
1333 1637 1389 1667 erit
1421 1637 1590 1667 concionari
1623 1642 1673 1667 aut
1705 1639 1825 1678 docere,
1858 1643 1908 1669 aut

1169 1687 1367 1716 consessiones
1389 1686 1505 1722 audire,
1530 1686 1593 1716 sine
1615 1689 1755 1726 expressa
1777 1688 1915 1728 episcopi·

1169 1736 1309 1766 ordinarii
1330 1736 1459 1766 licenti-a.
1476 1736 1545 1766 Cum
1569 1745 1638 1766 vero
1661 1736 1696 1765 ad
1719 1737 1835 1776 aliquod
1858 1747 1910 1777 op-

1169 1786 1267 1824 pidum
1301 1785 1395 1815 vocati
1427 1786 1554 1823 suerint,
1579 1785 1689 1815 dabunt
1712 1795 1830 1825 operam
1845 1809 1852 1823 ,
1876 1790 1908 1817 ut

1169 1835 1261 1874 primo
1297 1834 1447 1873 episcopi,
1471 1834 1671 1873 chorepiscopi
1704 1838 1755 1864 aut
1786 1835 1915 1874 parochi

1168 1884 1401 1913 benevolentiam
1434 1883 1490 1913 sibi
1522 1887 1703 1922 comparent,
1728 1883 1833 1914 deinde
1862 1893 1908 1914 ca-

1168 1937 1253 1963 reant
1282 1933 1445 1963 discursum
1481 1942 1532 1972 per
1554 1932 1673 1968 doan,
1697 1933 1747 1962 sed
1769 1933 1799 1962 in
1821 1934 1907 1964 aedes

1167 1982 1291 2012 alicuius
1324 1982 1363 2022 pii
1396 1986 1424 2012 et
1458 1981 1635 2021 exemplaris
1661 1982 1854 2012 ecclesiastici
1875 1991 1908 2013 se

1167 2031 1322 2070 recipiant,
1339 2030 1438 2070 ibique
1461 2034 1663 2069 paupertatem
1687 2030 1853 2068 religiosam
1876 2031 1907 2061 in

1167 2079 1243 2118 cibo,
1267 2084 1337 2119 potu
1361 2083 1389 2109 et
1412 2078 1516 2108 ceteris
1539 2078 1674 2108 omnibus
1696 2083 1826 2118 servent,
1849 2089 1908 2110 mo-

1167 2129 1276 2159 destiae
1299 2132 1327 2158 et
1345 2127 1481 2166 gravitati
1505 2128 1704 2157 coniunctam.

1207 2187 1245 2208 iv.
1269 2177 1362 2207 Media
1386 2181 1483 2206 autem
1504 2175 1680 2215 spiritualia,
1701 2176 1808 2216 quibus
1827 2177 1907 2208 iuxta

1168 2230 1301 2256 nostrum
1317 2225 1483 2256 institutum
1505 2229 1533 2255 et
1555 2225 1669 2254 abbatis
1691 2223 1907 2265 beneplacitum

1169 2276 1210 2306 uti
1234 2279 1392 2315 poterunt,
1417 2276 1488 2304 haec
1510 2275 1570 2304 sere
1597 2278 1686 2304 sunt:
1710 2275 1907 2306 ministerium

1170 2325 1249 2355 verbi
1283 2324 1332 2354 Dei
1363 2324 1394 2353 in
1427 2323 1691 2363 praedicationibus
1727 2324 1907 2365 privatisque

1169 2372 1420 2403 exhortationibus
1452 2377 1480 2402 et
1513 2372 1687 2411 colloquiis3
1710 2377 1908 2404 sacramento-

1169 2432 1233 2452 rum
1256 2421 1449 2452 consessionis
1464 2426 1492 2456 et
1507 2422 1701 2452 eucharistiae
1723 2422 1908 2453 administra-

1169 2472 1208 2502 tio
1222 2481 1229 2509 3
1253 2471 1459 2501 exercitiorum
1478 2471 1675 2510 spiritualium
1691 2471 1809 2501 traditio
1824 2481 1831 2509 3
1848 2471 1907 2501 dis-

1168 2519 1325 2550 sidentium
1348 2519 1570 2557 reconciliati0;
1605 2529 1726 2549 casuum
1753 2519 1905 2550 conscien-

1168 2569 1224 2599 tiae
1247 2572 1276 2598 et
1298 2577 1448 2598 sacrorum
1482 2568 1591 2598 rituum
1624 2568 1659 2607 ad
1691 2568 1905 2599 ecclesiasticos

1168 2617 1278 2657 privata
1302 2617 1479 2657 explicatio,
1503 2617 1681 2647 christianae
1703 2617 1852 2647 doctrinae
1867 2616 1910 2647 ad⁴

1168 2675 1274 2706 pueros
1296 2665 1426 2705 aliosque
1448 2665 1534 2696 rudes
1557 2665 1671 2705 publica
1695 2665 1863 2696 declaratio.

1920 273 1972 300 An.
1991 272 2022 300 C.
2038 271 2114 301 1732»

1935 409 1939 413 .
1947 372 2043 409 Ipsorum
2060 381 2108 404 om-

1921 414 1984 431 clum-
