2182 3137
188 227 240 250 Aa.
255 225 286 251 C.
308 223 376 250 ¹732

236 2440 311 2460 Contia
327 2445 378 2463 apu-

197 2468 270 2486 statas.

386 274 476 304 menti
510 274 574 303 sine
608 273 727 303 licentia
763 274 925 313 superioris
962 272 1124 312 receperit,

387 323 483 361 prima
506 323 567 352 vice
590 322 764 352 charitative
788 326 941 351 moneatur
962 331 976 350 a
996 321 1128 360 superio·

384 380 436 407 re,
475 380 525 409 pro
562 367 704 400 secunda'
726 371 845 409 gravius
880 370 1125 409 reprehendatur,

385 420 523 459 deinceps
545 430 612 450 vero
635 422 730 459 poena
751 419 879 458 graviori
910 420 1049 459 puniatur
1077 428 1127 458 pro

384 468 507 498 arbitrio
530 468 655 498 abbatis.

427 527 456 547 n.
481 518 510 548 Si
534 518 686 557 pecuniam
711 515 760 547 aut
782 517 909 556 aliquam
941 526 1000 546 rem
1028 516 1126 554 magni

388 567 528 596 momenti
552 567 614 596 sine
633 566 751 596 licentia
774 575 789 595 a
812 575 996 605 quocumque
1020 565 1128 594 habue-

386 616 424 645 rit
447 616 490 645 vel
514 615 697 651 alienaverit,
721 624 778 644 non
801 614 887 644 debet
910 624 924 643 a
948 614 1127 643 confessario

385 664 509 699 absolvi,
537 664 592 693 nisi
617 663 698 703 prins
726 664 787 702 ipse
814 664 966 703 poenitens
983 662 1054 692 illud
1079 672 1126 691 su-

391 713 500 752 periori
534 712 785 752 praesentaverit,
813 716 863 741 aut
896 712 1077 747 alienatum,
1103 710 1126 739 si

389 762 528 800 possibile
555 762 662 798 suerit,
686 761 917 800 recuperaverit.
951 761 1078 796 Deinde,
1103 760 1126 788 si

387 815 538 849 peccatum
563 811 751 850 proprietatis
774 809 922 849 publicum
946 809 1053 845 l'uerit,
1078 811 1128 837 aut

385 870 399 888 a
423 860 575 898 superiore
598 869 650 897 per
671 859 777 888 indicia
795 858 839 887 vel
856 862 942 887 testes
965 857 1127 896 deprehen-

388 918 463 946 sum,
483 909 706 948 proprietarius,
724 913 840 947 praeter
863 907 1054 945 privationem
1080 916 1128 935 vo-

384 957 426 987 cis
450 958 561 987 activae
595 962 623 986 et
656 957 809 995 passivae,
834 965 886 995 per
909 965 1037 984 mensem
1065 964 1127 992 gra-

389 1006 479 1035 vioris
502 1007 605 1044 eulpae
629 1015 749 1045 poenam
774 1005 856 1041 luat,
881 1013 955 1043 quae
977 1004 1077 1041 augeri
1100 1008 1128 1032 et

385 1055 479 1084 minui
513 1055 618 1093 poterit
649 1055 732 1084 iuxta
765 1054 936 1093 qualitatem
969 1053 1067 1082 delicti
1100 1057 1129 1081 et

387 1105 583 1142 quantitatem
614 1103 764 1132 materiae.
793 1102 881 1132 Debet
903 1107 999 1131 autem
1022 1112 1036 1130 a
1060 1111 1129 1130 con-

386 1153 555 1191 gregatione
592 1152 722 1190 generali
757 1151 947 1181 determinari
981 1150 1129 1189 quantitas

387 1201 526 1231 materiae
550 1201 724 1230 sufficientis
741 1201 775 1229 ad
792 1201 908 1240 culpam
925 1209 1044 1237 gravem
1064 1209 1128 1238 pro-

387 1251 545 1290 prietatis,
576 1255 607 1280 ut
639 1250 752 1279 dicatur
784 1259 830 1279 res
863 1249 961 1287 magni
989 1248 1128 1278 momenti

385 1310 459 1340 quae
496 1300 637 1339 recipitur
674 1300 716 1329 vel
753 1299 921 1336 alienatur,
945 1304 974 1328 et
1010 1303 1129 1337 propter

388 1359 477 1388 quain
501 1349 665 1378 incurritur
684 1349 712 1377 in
730 1357 830 1377 casum
846 1352 1038 1380 reservatum,
1056 1352 1084 1375 et
1099 1347 1128 1375 in

388 1407 510 1436 poenam
534 1397 711 1436 graviorem,
736 1402 824 1436 atque
847 1397 947 1425 eadem
970 1396 1127 1425 notificari.

427 1456 466 1476 111.
502 1446 531 1476 Si
566 1451 630 1486 post
664 1450 785 1475 mortem
821 1445 1031 1485 proprietarius
1064 1446 1130 1484 quis

387 1497 524 1525 inventus
557 1496 644 1525 fuerit
679 1495 739 1524 sive
770 1495 906 1524 subditus
938 1495 999 1523 sive
1029 1494 1129 1529 abbas,

388 1554 441 1574 nee
463 1545 491 1574 in
516 1544 686 1573 infirmitate
707 1548 857 1582 peccatum
876 1552 961 1572 suum
981 1543 1131 1571 consessus

388 1594 486 1631 suerit,
505 1594 597 1632 deque
614 1603 646 1622 eo
662 1593 802 1628 doluerit,
821 1592 996 1622 sacrificium
1014 1595 1063 1620 aut
1079 1592 1132 1620 ali-

389 1643 466 1681 quod
489 1642 617 1672 officium
643 1651 694 1680 pro
717 1642 808 1680 ipsius
831 1642 928 1670 anima
952 1651 1008 1670 non
1027 1642 1087 1677 liet,
1104 1645 1132 1669 et

387 1692 540 1731 sepultura,
562 1691 766 1721 ecelesiastica
788 1691 936 1730 privetur,
961 1691 1048 1730 idque
1064 1700 1130 1720 cum

387 1741 510 1771 consilio
534 1745 648 1780 patrum
665 1741 825 1778 seniorum,
843 1740 899 1769 nisi
917 1741 1012 1769 l'orsan
1029 1750 1063 1769 ex
1081 1740 1130 1770 tali

389 1792 482 1829 poena
501 1790 672 1819 scandalum
695 1786 896 1819 saecularibus
925 1793 1129 1826 generaretur.

431 1847 469 1868 lv.
494 1838 693 1877 Surripientes
716 1838 825 1877 aliquid
849 1842 905 1867 tam
929 1847 962 1867 ex
987 1843 1132 1867 monaste—

390 1888 434 1917 rio
456 1897 542 1927 quam
566 1898 599 1916 ex
623 1888 696 1917 cella
720 1887 863 1921 fratrum,
887 1892 915 1916 et
933 1887 968 1916 ab
990 1887 1131 1921 externis,

389 1941 503 1975 praeter
524 1937 688 1971 infamiam,
708 1936 857 1975 duplicata
886 1937 979 1975 poena
1004 1936 1132 1974 proprie-

389 1986 528 2015 tariorum
553 1985 723 2023 puniantur.

431 2044 461 2064 v,
485 2035 540 2070 Qui
564 2045 621 2064 non
646 2035 774 2064 revelat¹
800 2034 938 2074 pecunias
953 2058 960 2072 ,
984 2038 1033 2063 aut
1056 2032 1130 2063 bona

390 2084 507 2114 mobilia
540 2094 591 2113 seu
623 2083 782 2113 immobilia
816 2083 956 2122 acquisita
984 2093 997 2112 a
1026 2092 1056 2112 se
1086 2082 1129 2112 vel

389 2133 424 2162 ab
447 2134 512 2163 aliis
535 2133 687 2170 fratribus,
704 2133 781 2162 inter
799 2132 1008 2172 proprietarios
1030 2141 1131 2161 recen—

389 2186 485 2219 setur,
508 2186 536 2212 et
567 2184 660 2221 poenit
689 2181 949 2221 proprietariorum
974 2181 1129 2219 plectetur.

392 2232 527 2261 liamdem
551 2232 666 2270 culpam
690 2235 717 2260 et
736 2240 857 2269 poenam
874 2231 1007 2260 incurret
1029 2230 1130 2267 abbas,

389 2281 439 2319 qui
463 2280 537 2309 bona
561 2280 733 2309 monasterii
757 2279 786 2308 in
810 2281 872 2308 loco
894 2279 1065 2309 abscondito
1083 2289 1131 2318 po-

389 2329 444 2366 nit,
468 2330 531 2359 sine
554 2329 677 2358 duorum
700 2328 803 2357 saltem
825 2328 950 2357 fratrum
973 2328 1088 2357 notitia.

549 2378 618 2407 Car.
643 2377 676 2406 X.
702 2395 736 2398 —
760 2377 800 2407 De
821 2378 961 2415 apostatis.

431 2436 450 2456 ι.
475 2426 634 2456 Monachus
652 2426 843 2465 quicumque,
867 2426 891 2455 si
926 2431 989 2465 post
1023 2428 1132 2464 proles-

388 2476 498 2505 sionem
532 2475 662 2505 habitum
696 2480 800 2514 sponte
823 2475 988 2513 dimiserit,
1012 2480 1062 2505 aut
1087 2485 1130 2505 re-

389 2529 469 2555 tento
492 2524 605 2563 habitu,
628 2525 677 2554 sed
696 2525 860 2554 inconsulto
883 2525 1047 2563 superiore,
1072 2534 1132 2554 mo-

990 224 1172 248 BULLARIUM
1198 224 1353 247 ROMANUM

1169 276 1198 301 et
1231 272 1390 311 prudentia
1419 281 1434 302 a
1469 272 1620 312 superiore
1643 273 1830 312 requiratur,
1861 272 1911 312 qui

1171 320 1292 359 proinde
1315 330 1366 360 per
1387 330 1418 350 se
1438 321 1482 350 vel
1505 330 1557 359 per
1573 321 1645 351 alios
1660 331 1776 351 omnem
1792 331 1910 361 operam

1170 369 1330 408 impendat,
1348 374 1379 400 ut
1396 379 1477 399 ovem
1495 375 1642 400 errantem
1659 371 1693 400 ad
1710 371 1786 401 ovile
1810 380 1912 410 quam-

1172 418 1299 456 primum
1314 419 1444 448 reducat.
1466 419 1648 448 Redeuntem
1665 429 1731 449 cum
1747 420 1826 449 omni
1842 420 1911 449 cha-

1171 467 1257 496 ritate
1279 472 1307 496 et
1329 468 1440 506 paterni
1463 468 1571 497 amoris
1601 468 1816 506 significatione
1839 469 1912 498 reci-

1171 515 1250 554 piat3
1286 520 1314 545 et
1347 520 1504 555 antequam
1537 516 1571 545 ad
1606 526 1713 555 poenas
1748 517 1910 556 poenitenti

1171 564 1365 601 iniungendas
1389 565 1545 603 procedat,
1573 565 1709 595 eumdem
1732 566 1833 596 doceat
1861 575 1913 605 per

1170 622 1200 642 se
1223 613 1267 642 vel
1291 622 1342 652 per
1364 613 1490 652 aliquem
1514 624 1547 643 ex
1572 614 1705 653 patribus
1732 615 1911 653 senioribus,

1170 672 1228 691 non
1251 672 1299 691 eas
1322 662 1433 701 imponi
1467 663 1501 692 ad
1536 663 1629 702 ipsius
1662 664 1840 702 poenitentis
1865 664 1913 694 de-

1170 712 1376 749 structionem,
1400 712 1450 741 sed
1473 712 1506 741 ad
1530 712 1764 742 aedificationem
1787 717 1816 743 et
1837 713 1912 743 salu-

1170 764 1239 789 tem.
1257 761 1326 790 Cum
1343 765 1440 790 autem
1457 761 1492 790 ad
1512 761 1732 800 suscipiendam
1749 762 1912 800 correptio-

1170 819 1237 838 nem
1254 810 1334 839 illius
1356 811 1486 839 animum
1503 809 1577 839 bene
1594 814 1799 849 praeparatum
1821 811 1913 841 fuisse

1170 859 1370 897 compererit,
1400 863 1556 898 sequentes
1585 860 1780 898 poenitentias
1813 860 1907 890 eidem

1170 907 1305 946 iniungat
1326 918 1392 938 cum
1416 909 1539 938 consilio
1562 913 1677 948 patrum
1700 909 1871 940 seniorum:

1251 957 1361 993 Primo,
1385 957 1419 986 ad
1440 957 1650 996 praelationem
1674 967 1725 997 per
1747 959 1914 998 quinquen-

1171 1004 1253 1033 nium
1277 1005 1418 1035 inhabilis
1441 1006 1501 1043 slat,
1518 1011 1546 1035 et
1566 1016 1635 1036 voce
1659 1010 1718 1036 tum
1735 1008 1830 1037 activa
1851 1012 1912 1038 tum

1171 1053 1287 1091 passiva
1320 1054 1451 1092 privetur
1467 1078 1474 1091 ,
1499 1059 1527 1083 et
1549 1055 1644 1093 primo
1678 1065 1754 1085 anno
1777 1056 1912 1086 ultimum

1171 1101 1266 1130 locum
1290 1105 1408 1136 teneat,
1432 1106 1460 1131 et
1484 1111 1534 1141 per
1549 1112 1680 1132 mensem
1697 1104 1843 1142 integrum
1865 1114 1914 1134 eo-

1171 1151 1244 1179 rona
1273 1155 1301 1180 et
1322 1151 1438 1180 cucullo
1471 1151 1622 1190 privetur,
1651 1153 1674 1181 si
1707 1152 1839 1182 habitum
1871 1154 1915 1183 di-

1171 1199 1321 1236 misisset3
1345 1209 1439 1237 secus,
1456 1201 1480 1229 si
1504 1210 1570 1229 eum
1594 1201 1774 1231 retinuisset.
1793 1202 1822 1231 Si
1846 1211 1914 1232 vero

1172 1247 1264 1276 laicus
1293 1252 1342 1277 aut
1373 1248 1498 1277 clericus
1520 1249 1550 1277 in
1574 1249 1737 1279 minorihus
1760 1251 1914 1280 ordinibus

1172 1297 1350 1326 constitutus
1373 1301 1461 1335 esset,
1486 1307 1537 1336 per
1559 1298 1796 1337 quinquennium
1818 1301 1915 1330 novis-

1174 1345 1265 1374 simus
1287 1346 1397 1381 sedeat,
1422 1351 1449 1376 et
1473 1356 1541 1376 voce
1563 1347 1658 1376 activa
1679 1351 1708 1377 et
1724 1348 1841 1387 passiva
1856 1349 1915 1388 pri-

1174 1398 1278 1431 vetur,
1304 1404 1413 1434 perque
1445 1405 1573 1425 mensem
1598 1396 1714 1426 cucullo
1738 1397 1868 1436 privetur
1890 1398 1914 1428 si

1174 1442 1302 1472 habitum
1327 1444 1509 1481 dimisisset;

1254 1493 1401 1529 Secundo,
1420 1502 1470 1532 per
1485 1494 1609 1533 aliqu0t¹
1625 1504 1740 1524 menses
1762 1495 1791 1524 in
1810 1495 1914 1525 cellam

1174 1540 1353 1579 includatur,
1377 1547 1405 1571 et
1427 1542 1537 1572 ieiunet
1558 1543 1587 1572 in
1612 1553 1686 1582 pane
1708 1548 1737 1573 et
1758 1545 1872 1583 aequa3

1254 1590 1351 1620 Tertio
1367 1615 1373 1627 ,
1399 1601 1449 1630 per
1472 1601 1558 1621 unam
1585 1592 1813 1630 hebdomadam,
1837 1598 1915 1633 post-

1175 1648 1262 1677 quam
1285 1650 1299 1668 e
1321 1640 1396 1669 cella
1418 1650 1552 1678 egressus
1569 1646 1597 1671 et
1612 1642 1646 1671 ad
1662 1642 1844 1672 consortium
1859 1642 1917 1672 sra-

1175 1692 1252 1717 trum
1275 1689 1420 1718 admissus
1450 1690 1556 1728 suerit,
1581 1695 1794 1729 sequestratum
1818 1691 1914 1720 locum

1174 1736 1278 1766 habeat
1300 1737 1329 1766 in
1352 1738 1488 1775 ccclesia,
1512 1738 1541 1767 in
1564 1739 1652 1768 choro
1675 1743 1703 1769 et
1725 1739 1755 1768 in
1780 1740 1892 1769 mensa..

1215 1795 1244 1815 n.
1274 1786 1302 1816 Si
1331 1787 1459 1816 secundo
1493 1787 1536 1816 vel
1571 1787 1656 1817 tertio
1685 1788 1911 1826 apostataverit,

1176 1844 1283 1873 poenae
1317 1835 1517 1874 suprapositae
1551 1836 1576 1865 ei
1611 1836 1847 1875 multiplicentur
1878 1846 1915 1867 ex

1175 1884 1296 1913 consilio
1331 1888 1444 1922 patrum
1477 1884 1647 1921 seniorum;
1677 1885 1753 1924 quod
1787 1886 1811 1915 si
1845 1894 1911 1915 cum

1175 1932 1322 1965 seandalo,
1349 1933 1451 1962 relicto
1474 1933 1594 1971 Ordine,
1618 1934 1774 1963 inhoneste
1799 1934 1914 1970 vixerit,

1174 1986 1224 2010 aut
1239 1982 1349 2011 diutius
1372 1986 1453 2011 extra
1470 1983 1609 2012 ttrdinem
1627 1984 1831 2022 permanserit,
1850 1993 1917 2022 poe-

1175 2042 1210 2060 na
1234 2032 1276 2061 illi
1301 2036 1441 2069 augeatur
1464 2033 1541 2061 iuxta
1570 2033 1739 2071 qualitatem
1772 2033 1915 2070 scandali,

1175 2081 1350 2110 delictorum
1372 2085 1400 2110 et
1423 2090 1521 2111 morae
1543 2081 1778 2111 diuturnitatem.
1800 2082 1839 2112 De
1855 2092 1913 2121 quo

1175 2131 1244 2159 vero
1266 2140 1324 2159 non
1347 2135 1460 2160 constat
1492 2131 1568 2169 quod
1594 2130 1724 2160 habitum
1748 2131 1913 2165 dimiserit,

1175 2184 1225 2209 aut
1247 2190 1285 2209 ex
1306 2179 1416 2209 Ordine
1449 2180 1555 2218 fugerit
1570 2203 1577 2217 ,
1601 2180 1653 2209 sed
1686 2184 1798 2210 tantum
1822 2190 1913 2218 vagus

1174 2229 1250 2259 intra
1276 2230 1321 2258 vel
1354 2233 1434 2258 extra
1469 2229 1669 2267 provinciam,
1695 2233 1846 2268 praetextu
1867 2229 1917 2258 ad-

1175 2278 1262 2307 eundi
1286 2278 1480 2317 superiorem,
1498 2277 1527 2306 in
1551 2277 1652 2307 habitu
1674 2278 1867 2316 circumierit,
1890 2278 1916 2308 is

1176 2337 1284 2366 poenas
1306 2327 1449 2365 gravioris
1472 2327 1576 2365 culpae
1599 2327 1743 2356 sustineat
1758 2327 1838 2357 iuxta
1855 2336 1917 2357 mo-

1174 2385 1237 2405 ram
1270 2376 1431 2413 vagationis
1453 2379 1481 2404 et
1513 2375 1684 2414 qualitatem
1717 2375 1915 2412 delictorum3

1174 2425 1212 2454 ita
1233 2429 1330 2454 tamen
1352 2429 1383 2454 ut
1405 2424 1539 2464 superior
1563 2424 1721 2463 prudenter
1744 2424 1914 2463 prospiciat,

1174 2475 1256 2513 quid,
1274 2478 1384 2504 attento
1408 2474 1552 2513 praesenti
1576 2478 1652 2504 statu
1678 2473 1865 2512 poenitentis,
1883 2473 1914 2502 in

1174 2524 1296 2553 Domino
1318 2523 1473 2562 expediat,
1501 2522 1630 2552 adhibito
1653 2523 1741 2552 etiam
1768 2522 1915 2552 seniorum

389 2575 551 2604 nasterium
576 2574 752 2610 deseruerit,
777 2583 842 2603 cum
865 2575 972 2612 magna
990 2574 1132 2603 charitate
1176 2577 1289 2612 patrum
1313 2572 1449 2608 consilio,
1473 2581 1509 2601 ne
1532 2571 1672 2609 remedia,
1690 2580 1764 2611 quae
1786 2571 1816 2600 in
1838 2570 1917 2600 salu-

427 2631 435 2654 1
461 2628 532 2654 Edit.
554 2627 633 2655 alain.
658 2628 724 2663 legit
744 2628 851 2656 relevat
873 2630 914 2662 (a.
928 2634 978 2660 T.›.

1213 2630 1221 2652 1
1247 2626 1318 2652 Edit,
1339 2626 1421 2653 Maia.
1444 2626 1510 2660 legit
1529 2625 1651 2660 aliquod
1670 2629 1708 2659 (n.
1719 2624 1769 2660 ¹12).

1919 225 1969 250 An.
1990 225 2020 252 C.
2037 228 2048 250 ¹
2055 225 2109 252 732
