2182 3137
409 230 474 263 1448

378 288 475 330 pendi
501 294 531 320 et
556 287 708 330 depingi:
734 292 775 325 et,
800 287 824 318 si
852 287 906 320 illa
932 286 1113 329 repererint

376 342 407 372 in
434 350 637 383 ‹piacumque
663 340 725 372 alia
746 344 834 382 parte
860 339 1022 372 conclavis
1039 350 1113 372 con-

377 393 546 428 sistentia,
573 391 680 424 statim
706 392 848 424 amoveri
875 403 911 424 ac
940 392 1040 424 deleri
1069 394 1112 424 l'a-

376 446 482 478 ciant:
512 446 611 478 cellas
636 455 736 488 porro
761 444 973 477 cardinalium
1000 445 1112 476 absen-

377 501 462 539 tium,
489 500 554 532 sive
580 499 755 532 mobilibus
781 500 952 531 instructas
971 504 1002 532 et
1022 510 1112 532 orua-

375 560 442 591 tas,
481 553 547 586 sive
584 564 668 592 non,
697 552 876 585 cardinales
909 553 939 584 in
967 553 1109 585 conclavi

374 606 549 639 existentes
586 616 745 648 nusquam
780 612 961 649 occupent,
988 606 1044 637 scd
1070 605 1108 638 ad

374 660 474 692 dictos
503 665 566 691 tres
593 659 772 691 cardinales
798 659 968 691 clausurae
994 664 1024 691 et
1056 669 1109 690 cu-

373 722 425 744 rae
452 711 613 744 conclavis
644 711 849 754 praepositos
875 711 1036 754 pertineat
1061 722 1110 743 ea-

374 765 519 797 rumdem
546 766 701 797 cellarum
728 775 819 796 usum
850 770 880 797 ct
906 765 1108 797 commodum

371 819 599 858 cardinalibus,
617 819 669 861 qui
697 819 795 850 cellas
814 829 888 850 suas
914 818 1034 849 vicinas
1054 818 1109 849 ba-
1129 851 1131 854 ,

372 874 459 911 bent,
485 874 626 914 congrua
652 872 737 904 inter
762 882 816 904 cos
834 873 956 903 servata
975 882 1110 914 propor-

373 927 458 959 tione
486 926 662 963 destinarc,
689 925 793 957 donec
822 924 977 966 praedicti
1004 913 1131 955 cardi-l

372 981 461 1012 nales
488 979 639 1011 absentes
665 978 873 1010 advenerint:
893 977 1038 1019 ipsorum
1057 987 1108 1008 au-
1128 995 1130 1020 5

371 1037 432 1065 tem
473 1032 565 1064 trium
602 1031 811 1063 cardinalium
849 1041 965 1063 munus
998 1025 1129 1062 istius-'

372 1086 458 1119 modi
487 1091 553 1117 toto
580 1091 726 1127 tempore
752 1084 956 1117 comitiorum
991 1085 1129 1130 dmareg

369 1140 536 1177 volumus,
572 1138 684 1180 cisque
721 1148 960 1179 quamcumque
999 1147 1107 1168 neces-

368 1192 485 1223 sariam
529 1191 737 1233 amplamque
785 1189 815 1221 in
853 1190 1039 1232 praemissis
1076 1195 1106 1221 et

369 1245 455 1276 circa
480 1256 514 1276 ea
542 1249 737 1285 potestatem
764 1244 876 1276 barum
895 1243 980 1275 serie
999 1244 1107 1275 statui-

365 1308 447 1329 mus.

198 1362 306 1391 Sequania
325 1367 355 1381 te·
413 1352 427 1393 g
453 1350 505 1383 11.
534 1350 694 1382 Scrutinia
720 1350 827 1388 etiam,
853 1361 935 1393 quae
961 1361 1020 1392 pro
1047 1351 1128 1382 cle-t

171 1390 355 1440 ssffgss'fflfohffilf}
368 1404 476 1436 ctione
503 1403 665 1436 Pontiticis
690 1403 739 1435 bis
764 1403 795 1435 in
821 1403 872 1435 die
898 1414 915 1435 a
939 1403 1107 1436 cardinali-

171 1444 210 1461 mr*
366 1457 425 1489 bus
444 1458 531 1495 liunt,
555 1457 618 1489 sive
634 1457 855 1499 manuscripta
869 1457 934 1488 sive
949 1456 1106 1499 impressa

369 1510 510 1549 suerint,
536 1521 552 1542 e
589 1510 733 1542 conclavi
760 1509 798 1542 ad
824 1519 900 1548 eos,
936 1509 990 1552 qui
1028 1510 1105 1541 soris

369 1569 454 1604 sunt,
481 1564 562 1596 rnitti
588 1574 624 1596 ac
651 1563 850 1601 renunciari,
876 1569 908 1595 et
932 1564 971 1595 ab
990 1563 1036 1595 eis
1056 1573 1105 1596 re-
1125 1563 1127 1589 i

366 1617 441 1660 cipi,
467 1617 608 1660 prol'erri
635 1622 691 1649 aut
707 1617 860 1659 evulgari,
880 1616 1013 1649 omnino
1031 1627 1103 1659 pro-

368 1670 515 1703 hibemus
542 1671 601 1703 sub
627 1670 741 1713 poenis
767 1670 918 1715 adversus
938 1669 1103 1702 mittentes
1124 1674 1126 1707 l

366 1734 382 1756 e
407 1724 569 1762 conclavi,
597 1735 633 1756 ac
666 1723 782 1756 exinde
816 1723 992 1766 respective
1027 1711 1126 1765 reci-f

366 1777 494 1820 pientes
520 1778 652 1816 litteras,
677 1777 807 1820 scripta,
832 1777 1100 1817 muicios‚1wtas,

366 1837 419 1864 aut
444 1832 555 1874 signa,
583 1831 707 1864 etiamsi
733 1830 951 1864 cardinalatus
978 1831 1102 1863 bonore

365 1886 608 1929 praefulgeant,
634 1896 651 1917 a
677 1884 769 1917 dictis
794 1884 1101 1927 praedecessoribus

365 1948 517 1981 expresse
543 1939 685 1976 sancitis,
706 1949 743 1971 eo
761 1938 832 1981 ipso
851 1948 908 1981 per
926 1943 1103 1980 transgres-

363 2001 453 2024 sores
478 1992 694 2024 incurrendis,

173 2052 353 2104 'egfflzgluiffiffi
408 2045 422 2088 ἓ
453 2045 504 2077 12.
542 2047 646 2088 Atque
678 2045 776 2078 menti
810 2046 1102 2088 praedecessorum

172 2106 226 2125 victo
241 2106 352 2126 servanda-
365 2100 487 2141 pariter
512 2099 714 2139 insistentes,
737 2099 861 2132 eisdem
881 2099 1103 2131 cardinalibus
1123 2112 1125 2144 g

364 2153 595 2196 praecipimus,
622 2159 656 2185 ut
681 2153 897 2195 frugalitatem
924 2158 956 2185 et
982 2157 1104 2195 tempe-

367 2207 505 2239 rantiam
530 2206 563 2239 in
598 2207 682 2239 victu
708 2207 896 2246 observent,
922 2207 1038 2249 procul
1064 2205 1103 2238 ab

365 2260 454 2294 omni
480 2261 556 2293 luxu
582 2265 614 2293 et
639 2262 776 2303 pompa,
803 2265 899 2302 atque
925 2259 1043 2297 etiam,
1070 2260 1125 2306 5¹¹1*

369 2313 555 2346 deferendis
581 2313 619 2345 ad
646 2313 798 2346 conclave
823 2313 962 2353 cibariis,
988 2312 1124 2355 lamio-3

365 2367 407 2398 ris
431 2367 536 2399 cultus
562 2366 796 2399 ostentatione.

169 2424 353 2471 nffifti‘fjfpruffi
408 2420 423 2462 g
442 2419 494 2452 43.
509 2419 553 2451 Ne
567 2420 797 2462 magistrorum
811 2418 1100 2457 caeremoniarum,
1122 2416 1124 2431 ¹

169 2465 420 2524 {iii'ssiffflhffi'”⁴l¹¹i
447 2473 479 2504 in
505 2472 645 2505 comitiis
671 2472 879 2511 adhibentur,
897 2471 1032 2503 nimium
1052 2481 1103 2502 ex·

364 2531 487 2557 crescat
512 2536 686 2565 numerus,
715 2525 747 2557 in
773 2525 915 2557 futurum
940 2534 1006 2557 non
1033 2526 1102 2567 plu-

363 2588 414 2610 res
439 2589 534 2620 quam
559 2589 612 2611 sex
638 2579 677 2611 ad
696 2589 867 2619 summum,
889 2579 951 2611 duo
978 2578 1103 2610 scilicet

364 2631 620 2674 participantes,
647 2638 678 2664 et
711 2632 846 2665 totidem
877 2642 942 2664 non
972 2631 1102 2674 partici-

181 239 229 265 Αιι.
246 240 275 265 C.
296 239 364 266 1732

959 238 1140 261 numanum
1167 239 1321 262 ammaum

1904 241 1953 268 An.
1973 240 2003 268 C.
2018 241 2089 270 ¹732

1156 292 1268 329 pantes
1295 288 1490 330 nuncupati,
1515 298 1551 320 ac
1577 288 1692 331 reliqui
1724 288 1787 321 duo
1811 289 1894 322 anti-

1155 340 1286 382 quiores
1304 351 1340 373 ex
1360 341 1663 384 supranumerariis,
1683 341 1714 373 in
1740 343 1893 374 conclave

1155 393 1378 427 admittantur.

1198 447 1212 489 ξ
1239 446 1291 478 lli.
1322 447 1353 478 ln
1381 447 1567 479 eorumdem
1594 458 1723 490 quoque
1758 448 1891 491 praede·
1905 458 2087 490 certamem-or-

1155 510 1319 531 cessormn
1368 499 1656 532 constitutionibus
1698 501 1786 533 inter
1830 502 1892 534 alia
1903 488 2003 532 {diffisum
2037 492 2089 508 ⁶⁰⁰*

1155 552 1302 590 babetur,
1330 553 1416 594 quod
1443 553 1578 585 sacrista
1598 563 1667 585 cum
1690 564 1753 585 uno
1771 554 1891 587 clerico

1154 605 1341 638 coadiutore
1369 606 1400 637 in
1427 606 1532 638 officio
1558 607 1722 645 sacristae,
1748 617 1783 639 ac
1808 618 1890 640 unus

1153 658 1286 697 Collegii
1314 658 1507 691 secretarius
1530 664 1652 691 tantuin
1670 661 1822 692 conclave
1842 661 1890 693 in-

1154 711 1351 752 grediantur,
1377 711 1549 754 adsintque
1575 722 1656 743 unus
1676 711 1764 744 saber
1788 713 1891 755 ligna·

1154 764 1238 801 rius,
1264 770 1294 796 et
1320 775 1402 796 unus
1426 765 1685 797 caementarius:
1714 765 1789 798 item
1815 771 1889 799 octo

1152 824 1206 849 aut
1231 818 1341 850 decem
1368 818 1547 850 servientes
1573 818 1723 861 publicae
1759 819 1890 852 utilitati

1152 876 1184 902 et
1217 871 1434 903 commoditati
1461 871 1621 910 omniurn,
1649 872 1745 904 veluti
1771 882 1828 914 pro
1853 872 1892 905 li-

1152 923 1222 965 gnis
1249 924 1437 966 portandis,
1464 935 1523 967 pro
1550 925 1711 957 verrendo
1733 926 1887 965 conclavi,

1151 984 1182 1008 et
1221 976 1382 1009 similibus
1423 978 1613 1010 necessariis
1654 979 1888 1020 ministrandis,

1128 1032 1129 1043 ¹
1151 1029 1203 1072 qui
1230 1041 1247 1062 a
1272 1030 1411 1071 collegio
1438 1031 1663 1071 cardinalium,
1688 1043 1752 1064 non
1784 1037 1888 1065 tamen

1151 1092 1186 1114 ex>
1215 1083 1335 1114 familia
1361 1082 1498 1115 alicuius
1519 1084 1704 1124 cardinalis,
1722 1095 1780 1126 per
1800 1085 1889 1118 sabas

1149 1141 1290 1168 secretas
1316 1136 1496 1178 eligantur,
1519 1137 1563 1169 ita
1592 1142 1697 1169 tamen
1723 1143 1758 1169 ut
1784 1137 1809 1170 is
1835 1138 1891 1171 ob-

1151 1189 1251 1221 tineat
1277 1189 1330 1232 qui
1356 1190 1452 1232 plura
1469 1195 1540 1222 vota
1563 1190 1684 1229 tulerit,
1703 1196 1735 1222 et
1759 1191 1824 1223 illis
1842 1201 1889 1224 sa-

1126 1262 1128 1268 <
1149 1242 1229 1274 laria
1254 1242 1292 1274 de
1318 1242 1450 1284 publico
1483 1243 1719 1285 persolvantur:
1753 1244 1817 1276 Nos
1843 1245 1889 1277 ei-

1126 1286 1128 1321 i
1149 1294 1221 1327 dem
1241 1295 1412 1335 sacristae,
1431 1297 1515 1328 ultra
1539 1296 1691 1329 clericum
1719 1298 1888 1330 huiusmo-

1150 1348 1179 1380 di
1202 1359 1238 1381 ac
1264 1349 1513 1388 subsauristam,
1538 1350 1676 1382 alterum
1703 1351 1756 1393 qui
1782 1351 1886 1383 eidem

1149 1402 1315 1435 sacristiae
1341 1409 1373 1434 et
1406 1402 1513 1434 missis
1544 1403 1749 1435 celebrandis
1780 1404 1888 1436 deser-

1149 1456 1212 1488 viat
1236 1466 1291 1487 seu
1318 1456 1460 1496 assistat;
1482 1456 1645 1498 magistris
1668 1458 1887 1490 caeremonia-

1125 1511 1127 1531 t
1150 1519 1243 1548 rum,
1270 1508 1323 1551 qui
1355 1509 1386 1540 in
1412 1510 1564 1541 conclave
1589 1515 1623 1540 ut
1648 1520 1747 1552 supra
1772 1510 1887 1542 admit-

1151 1566 1269 1601 tentur,
1291 1572 1390 1594 unum
1409 1563 1577 1600 famulum,
1594 1573 1659 1594 non
1677 1563 1808 1606 quidem
1826 1574 1885 1606 pro

1149 1625 1260 1647 eorum
1285 1615 1440 1657 singulis,
1468 1617 1524 1648 sed
1557 1627 1614 1658 pro
1651 1617 1802 1649 omnibus
1839 1617 1886 1650 sic

1148 1668 1372 1707 admittendis3
1400 1671 1575 1702 secretario
1608 1676 1714 1702 autem
1749 1671 1884 1713 Collegii

1148 1722 1228 1755 duos
1253 1723 1437 1763 adiutores,
1464 1723 1517 1766 qui
1543 1734 1615 1756 eum
1643 1724 1771 1756 assiduo
1788 1751 1795 1763 ‚
1822 1735 1885 1767 quo

1124 1773 1223 1807 'tunc
1254 1776 1392 1809 maxime
1429 1781 1605 1814 oneratur.
1630 1777 1741 1809 labore
1778 1778 1885 1810 levare

1146 1829 1287 1872 possint,
1306 1839 1343 1861 ac
1367 1840 1464 1861 unum
1492 1840 1624 1873 quoque
1643 1830 1811 1869 famulum,
1829 1830 1884 1873 qui

1147 1887 1252 1914 tamen
1277 1893 1335 1925 per
1360 1883 1543 1915 cardinales
1569 1884 1741 1925 deputatos
1766 1894 1885 1926 appro-

1145 1936 1216 1969 bari
1242 1936 1403 1976 debeant,
1441 1936 1474 1968 in
1510 1937 1663 1969 conclave
1699 1937 1819 1969 ducere
1855 1942 1887 1970 et

1147 1989 1268 2022 habere
1301 1989 1530 2032 permittimus.
1558 1988 1701 2032 Cumque
1733 1995 1806 2022 octo
1831 1989 1886 2023 de-

1123 2047 1125 2057 ’
1147 2054 1254 2076 cemve
1277 2042 1407 2085 publice
1429 2042 1607 2075 servientes
1626 2042 1811 2085 praedictos
1828 2053 1886 2076 ne-

1147 2096 1294 2129 cessariis
1319 2097 1352 2128 in
1377 2096 1518 2128 conclavi
1545 2095 1767 2128 ministrandis
1798 2096 1885 2129 haud

1123 2147 1125 2153 ’
1147 2150 1221 2182 satis
1249 2160 1320 2182 esse
1352 2155 1555 2192 compertum
1590 2149 1647 2188 sit,
1672 2150 1816 2192 indeque
1842 2150 1885 2182 sa-

1146 2209 1231 2236 ctum
1258 2209 1291 2235 ut
1316 2213 1426 2235 eorum
1453 2213 1606 2235 numerus
1631 2202 1662 2234 in
1696 2202 1884 2245 praeteritis

1147 2257 1283 2290 comitiis
1308 2263 1420 2289 auctus
1447 2256 1562 2296 suerit·,
1590 2256 1803 2299 imposterum
1828 2255 1886 2288 tri-

1147 2311 1382 2353 gintaquinque
1408 2309 1523 2351 (dictis
1550 2314 1655 2341 tamen
1688 2309 1814 2341 duobus
1839 2311 1885 2341 ta-

1122 2359 1125 2409 J
1146 2363 1241 2396 mulis
1263 2374 1321 2405 pro
1349 2363 1514 2404 magistris
1539 2362 1822 2394 caeremoniarum
1849 2372 1886 2394 ac

1146 2416 1320 2450 secretario
1347 2415 1477 2457 collegii
1503 2415 1535 2447 in
1561 2426 1599 2448 eo
1635 2425 1771 2448 nurnero
1796 2424 1885 2447 com-

1146 2469 1335 2513 prehensis)
1363 2474 1393 2501 et
1424 2479 1489 2501 non
1517 2469 1627 2512 plures
1653 2468 1829 2501 servientes
1855 2477 1885 2500 e-

1146 2523 1284 2555 iusmodi
1300 2534 1317 2555 a
1335 2522 1472 2565 collegio
1487 2521 1699 2554 cardinalium
1714 2521 1884 2564 eligantur,

1145 2576 1221 2620 qui,
1247 2576 1341 2608 sicuti
1367 2576 1405 2609 de
1431 2575 1494 2608 illis
1521 2581 1593 2608 octo
1630 2580 1685 2608 aut
1720 2575 1832 2608 decem
1866 2585 1885 2606 a

1145 2629 1452 2673 praedecessoribus
1489 2628 1679 2672 dispositum
1712 2633 1781 2668 est,
1816 2637 1883 2660 non
