2182 3137
42 208 101 234 An.
115 206 145 233 C.
170 204 233 232 ¹731

291 253 403 285 Datum
426 252 561 290 Romae,
585 251 670 294 apud
689 250 720 283 S.
742 250 881 287 Petrum,
904 258 989 279 anno

246 306 485 339 Incarnationis
500 305 682 349 dominicae
696 301 879 341 sinecxxxff,
891 312 921 333 xx
937 301 991 332 ka-

246 360 361 392 lendas
376 359 499 401 aprilis,
513 357 726 401 pontificatus
741 354 847 388 nostri
866 364 952 386 anno
967 363 988 385 1.

282 420 341 447 Dat.
365 420 407 446 die
426 419 459 446 2⁵2
480 418 570 445 martii
593 418 678 450 1731,
700 416 797 452 pontif.
818 424 889 442 anno
909 423 928 441 1.

426 474 460 506 F.
488 474 524 505 A.
554 471 645 504 arch.
673 471 799 502 Timon.
833 468 987 502 datarius.

426 526 459 558 F.
486 525 575 558 eard.
604 524 790 556 Oai-emus.

323 589 390 616 Visa
410 588 444 614 de
465 587 557 614 Curia

425 641 447 674 l.
474 640 621 682 archiep.
650 640 848 681 Ancyranus.

514 693 551 725 N.
579 693 746 725 Srivast's.

337 757 418 789 Loco
443 758 464 796 †
487 753 626 797 plumbi.

284 818 442 853 Registrata
463 816 490 843 in
511 816 613 842 Secret.
635 814 772 841 Brevium.

575 971 669 1003 XXX.

250 1053 474 1096 Confirmatio·
519 1052 681 1084 decretum
726 1048 995 1092 Conqreqale'onz's

294 1108 515 1150 episcoporum
542 1109 569 1137 el
594 1103 799 1147 regyulurium
819 1130 827 1143 ,
855 1114 918 1146 quo
943 1113 995 1133 ca-

295 1164 398 1199 vetur,
426 1170 462 1191 ne
486 1158 662 1190 sacerdotes
689 1156 824 1190 Ordinis
854 1156 996 1199 hospita-

297 1214 378 1246 larii
401 1214 434 1246 S.
453 1212 630 1255 Hippolyti
647 1211 812 1243 Nemeam*
828 1209 995 1252 praelala-

294 1277 350 1299 ras
376 1265 511 1299 Ordinis
536 1265 677 1296 oblinere
693 1263 828 1306 possim,
848 1265 906 1294 aut
923 1272 992 1304 pro-

295 1320 421 1352 vinciae
445 1319 628 1350 assistentes
652 1317 739 1359 ele'yz'.

465 1398 600 1424 Clemens
623 1392 702 1429 Pap‘a
717 1395 780 1429 XII,

393 1443 430 1469 ad
449 1442 585 1469 futuram
604 1441 649 1468 rei
668 1440 852 1467 memoriam.

297 1513 361 1557 gi.
384 1513 551 1546 Emanavit
575 1522 680 1555 nuper
698 1523 715 1544 a
736 1510 995 1553 Congregatione

253 1567 488 1600 venerabilium
511 1567 645 1598 fratrum
664 1572 849 1598 nostrorum
867 1564 898 1597 S.
911 1564 993 1596 RE.

253 1620 478 1658 cardinalium,
496 1619 635 1661 negotiis
655 1624 686 1651 et
702 1617 996 1650 consultationibus

254 1673 485 1716 episcoporum
512 1679 544 1705 et
568 1671 769 1714 regularium
796 1671 996 1714 praeposita,

255 1727 420 1760 decretum
438 1725 559 1759 tenoris
580 1725 634 1768 qui
652 1724 812 1768 sequitur,
829 1724 997 1757 videlieet:

74 1533 166 1560 Species
182 1532 240 1554 sacti.

294 1796 483 1836 Supplicante
515 1795 645 1834 generali
667 1794 786 1826 Ordinis
814 1795 996 1834 hospitalarii

254 1846 284 1876 S.
303 1846 444 1885 Ilippoliti
460 1845 562 1874 Mexici
578 1854 678 1874 sacrae
696 1844 920 1883 Congregationi
936 1845 998 1884 epi—

254 1903 411 1933 scoporum
438 1898 467 1923 et
487 1894 668 1932 regularium
701 1902 753 1932 pro
785 1894 924 1923 facultate
948 1894 998 1922 ha-

255 1943 343 1973 bendi
369 1943 399 1972 in
429 1942 490 1972 suis
519 1942 714 1981 hospitalibus
735 1942 808 1972 duos
830 1942 996 1972 sacerdotes

255 1992 302 2022 sui
335 1992 451 2022 Ordinis
472 2015 479 2028 ,
501 2001 559 2021 non
583 1991 778 2028 obstantibus,
803 1996 873 2029 etc.,
897 1997 925 2022 et
947 2001 996 2021 an-

256 2045 364 2071 nuente
386 2041 450 2080 ipsa
478 2042 560 2070 sacra
583 2040 815 2078 Congregatione
848 2050 899 2080 pro
933 2051 997 2079 gra-

256 2088 309 2127 tia,
324 2089 429 2118 additis
442 2088 615 2127 quibusdam
630 2088 858 2126 conditionibus,
875 2093 904 2118 et
917 2099 997 2127 prae-

256 2138 342 2176 cipue
371 2137 447 2176 quod
476 2137 642 2166 sacerdotes
675 2137 815 2176 praedic-ti
846 2138 997 2175 regulares

255 2186 326 2224 eligi
348 2195 406 2215 non
430 2186 543 2225 possint
566 2186 600 2214 ad
624 2186 805 2225 praelaturas
828 2186 995 2224 religionis,

256 2239 376 2274 excepto
400 2238 517 2269 tamen,
542 2235 618 2273 quod
651 2235 762 2273 possint
793 2244 856 2265 esse
879 2235 997 2265 discreti

256 2288 463 2321 conventuum,
480 2283 610 2321 magistri
635 2284 812 2313 novitiorum
829 2294 861 2313 ae
882 2285 999 2323 provin-

257 2333 319 2362 ciae
341 2333 533 2369 assistentes3
557 2333 663 2361 iterum
696 2337 795 2362 orator
827 2333 890 2372 ipse
919 2333 999 2363 dedit

258 2390 360 2420 preces
382 2390 434 2420 pro
456 2381 602 2410 deletione
633 2381 797 2420 praedictae
819 2382 999 2421 exceptionis

259 2430 295 2460 ab
318 2430 474 2460 euunciato
496 2430 624 2459 decreto.

299 2480 386 2508 Sacra
409 2479 519 2508 idcirco
541 2479 642 2508 eadem
659 2479 850 2517 Congregatio
868 2480 1001 2510 eminen—

259 2527 439 2558 tissimorum
468 2531 496 2556 et
518 2527 831 2558 reverendissimorum
855 2529 883 2559 S.
906 2529 941 2559 R.
965 2529 998 2559 E.

296 2594 306 2620 ¹
331 2593 401 2621 Edit.
423 2594 507 2621 Main.
527 2594 592 2629 tegit
612 2594 686 2621 1730
705 2594 743 2627 (R.
760 2595 809 2627 τ.).

131 1810 243 1830 Decretum

56 1837 242 1862 Congregationisi

89 2494 148 2515 Nova
163 2494 225 2515 decre
234 2493 241 2515 1

61 2521 202 2542 confirmatio.

881 200 1024 222 CLEMENS
1050 200 1094 223 xit
1122 201 1171 223 FP.

1679 187 1744 220 ⁶245

1036 248 1230 277 cardinalium
1254 249 1377 286 negotiis
1394 253 1422 278 et
1437 245 1703 278 consultationibus
1720 245 1781 283 epi-

1036 304 1193 332 scoporum
1219 300 1246 325 et
1268 296 1447 333 regularium
1472 295 1649 335 praeposita,
1668 303 1699 322 re
1722 302 1782 321 ma-

1037 347 1099 371 ture
1122 343 1269 379 discussa,
1295 345 1439 373 referente
1464 342 1695 373 eminentissimo
1717 350 1782 370 car-

1035 391 1124 420 dinali
1149 391 1267 428 Belluga
1296 396 1437 430 ponente,
1460 392 1587 429 benigne
1610 389 1779 428 rescripsit:

1040 449 1053 467 «
1071 439 1199 468 Promoti
1217 440 1251 468 ad
1274 449 1372 468 sacros
1389 440 1507 469 ordines
1523 449 1579 468 non
1604 439 1715 477 possint
1728 438 1779 467 ha·

1038 487 1105 517 bere
1128 488 1255 526 aliquam
1280 488 1475 526 praelaturam
1499 488 1528 517 in
1552 487 1706 524 religione,
1724 486 1781 515 nisi

1037 545 1102 565 cum
1118 536 1275 575 apostolica
1289 536 1516 574 dispensatione,
1535 537 1614 565 iuxta
1631 536 1780 565 decretum

1038 593 1137 613 sacrae
1158 584 1399 621 Con-gregationis
1432 584 1485 613 sub
1508 584 1554 613 die
1577 593 1632 612 xxx
1655 588 1782 621 septem-

1038 631 1099 661 bris
1122 640 1291 665 nuceum,
1316 632 1392 670 quod
1427 632 1532 660 iterum
1567 632 1779 661 confirmatur:

1039 680 1089 709 sed
1106 684 1218 709 tantum
1234 689 1297 709 esse
1314 680 1426 718 possint
1442 680 1560 709 discreti
1584 684 1781 708 conventuum

1039 732 1068 757 et
1091 729 1221 766 magistri
1245 728 1432 763 novitiorum,
1449 738 1506 757 non
1524 738 1591 757 vero
1616 728 1782 766 provinciae

1039 777 1218 807 assistentes.
1242 777 1361 814 Itomae,
1379 776 1425 805 die
1442 785 1477 805 xv
1499 776 1596 805 martii
1619 784 1779 805 nucexxxi.

1041 844 1074 847 -
1092 825 1175 855 Card.
1192 825 1376 854 FRANCISCLS
1397 825 1584 854 Bannssmsrs
1604 825 1778 863 praefectus.

1039 874 1074 903 A.
1098 873 1337 913 archiepiscopus
1359 873 1519 911 Petrensis,
1544 874 1765 902 secretarius».

1084 940 1144 983 ἓξ).
1161 940 1237 973 Cum
1257 946 1374 979 autem,
1393 940 1474 973 sicut
1491 950 1548 983 pro
1567 946 1657 983 parte
1676 939 1782 971 dilecti

1039 991 1096 1025 filii
1122 993 1271 1025 moderni
1305 993 1423 1035 prioris
1450 993 1611 1034 generalis
1638 993 1783 1025 eiusdem

1039 1045 1169 1077 Ordinis
1195 1045 1290 1077 nobis
1321 1045 1459 1077 subinde
1485 1045 1666 1088 expositum
1700 1045 1780 1084 suit,

1039 1099 1108 1142 ipse
1135 1099 1302 1131 decretum
1333 1099 1543 1138 huiusmodi,
1570 1109 1635 1141 quo
1661 1098 1783 1131 firmius

1039 1153 1202 1191 subsistat,
1222 1153 1422 1195 apostolicae
1448 1151 1701 1184 confirmationis
1726 1163 1784 1184 no-

1039 1213 1123 1239 strae
1149 1206 1332 1249 patrocinio
1359 1206 1552 1238 communiri
1575 1216 1782 1248 summopere

1040 1259 1222 1292 desideret:
1249 1270 1318 1301 nos,
1343 1259 1448 1302 ipsum
1476 1259 1620 1301 priorem
1647 1269 1783 1300 gencra-

1039 1314 1102 1345 lem
1128 1312 1320 1355 specialibus
1346 1312 1506 1344 favoribus
1527 1317 1559 1344 et
1579 1312 1689 1353 gratiis
1708 1322 1783 1354 pro-

1039 1366 1128 1408 sequi
1153 1367 1310 1404 volentos,
1332 1370 1363 1397 et
1387 1376 1405 1397 a
1434 1364 1612 1407 quibusvis,
1635 1371 1708 1403 etc„
1731 1375 1784 1397 ex-

1039 1418 1358 1458 communicationis,
1382 1417 1610 1460 suspensionis
1633 1423 1664 1449 et
1684 1417 1785 1450 inter-

1040 1471 1133 1511 dicti,
1159 1471 1299 1514 aliisque
1330 1470 1564 1503 ecclesiasticis
1589 1471 1781 1511 sententiis,

1039 1526 1187 1556 censuris
1209 1530 1241 1557 et
1277 1524 1412 1567 poenis,
1439 1535 1457 1556 a
1481 1524 1551 1556 iure
1575 1525 1625 1556 vel
1661 1524 1700 1556 ab
1726 1525 1785 1556 ho-

1038 1577 1138 1615 mine,
1156 1577 1268 1619 quavis
1286 1577 1462 1609 occasione
1479 1577 1528 1609 vel
1547 1576 1741 1616 causalatis,
1758 1577 1784 1608 si

1040 1630 1158 1672 quibus
1184 1629 1435 1672 quomodolibet
1464 1629 1639 1662 innodatus
1667 1629 1784 1668 existit,

1040 1683 1079 1715 ad
1097 1682 1246 1715 effectum
1272 1682 1494 1725 praesentium
1520 1683 1684 1715 dumtaxat
1712 1693 1784 1715 con-

1039 1736 1266 1779 sequendum,
1302 1736 1418 1769 harum
1451 1735 1537 1768 serie
1574 1736 1783 1768 absolventes

1040 1795 1072 1822 et
1104 1789 1289 1822 absolutum
1328 1789 1399 1822 sore
1433 1794 1624 1828 censentes,
1658 1790 1786 1832 suppli-

1040 1843 1228 1875 cationibus
1247 1842 1317 1876 eius
1337 1842 1471 1875 nominc
1492 1843 1587 1874 nobis
1605 1853 1703 1885 super
1721 1843 1785 1875 hoc

1040 1896 1210 1929 humiliter
1245 1896 1406 1938 porrectis
1432 1896 1590 1935 inclinati,
1617 1896 1782 1928 decretum

1040 1949 1290 1992 praeinsertum,
1317 1948 1508 1980 auctoritate
1528 1949 1718 1991 apostolica,
1741 1954 1784 1981 te-

1040 2013 1121 2035 nore
1146 2002 1378 2045 praesentium,
1404 2001 1623 2044 approbamus
1649 2008 1680 2034 et
1706 2012 1784 2034 con-

1041 2055 1221 2095 firmamus,
1242 2056 1357 2098 illique
1375 2054 1570 2088 inviolabilis
1587 2055 1784 2098 apostolicae

1041 2109 1201 2141 firmitatis
1227 2109 1329 2141 robur
1350 2109 1538 2149 adiicimus;
1565 2110 1650 2142 salva
1675 2114 1783 2140 tamen

1041 2174 1170 2206 semper
1194 2162 1226 2195 in
1253 2162 1438 2205 praemissis
1473 2162 1666 2195 auctoritate
1691 2172 1786 2205 prae-

1042 2216 1146 2248 dictae
1173 2216 1444 2258 Congregationis
1468 2215 1695 2249 cardinalium.

1085 2270 1100 2312 ξ
1124 2269 1156 2302 3.
1180 2270 1414 2308 Decernentes,
1435 2269 1564 2301 easdem
1591 2274 1785 2311 praesentes

1042 2324 1167 2355 litteras
1194 2322 1323 2362 sirmas,
1348 2322 1469 2354 validas
1494 2327 1525 2354 et
1550 2322 1695 2355 efficaces
1721 2323 1785 2356 exi-

1043 2381 1128 2408 stere
1147 2381 1178 2408 et
1194 2376 1274 2414 sore,
1295 2385 1437 2417 suosque
1458 2375 1623 2417 plenarios
1648 2382 1680 2408 et
1704 2376 1787 2410 inte-

1044 2440 1117 2471 gros
1137 2428 1268 2460 effectus
1286 2428 1395 2461 sortiri
1417 2433 1449 2460 et
1465 2428 1633 2467 obtinere,
1654 2439 1690 2461 ac
1710 2429 1785 2469 iilis,

1044 2482 1081 2514 ad
1100 2492 1181 2524 quos
1203 2486 1327 2524 spectat
1344 2486 1375 2513 et
1401 2480 1561 2523 spectabit
1577 2480 1610 2513 in
1631 2481 1784 2522 futurum,

1043 2534 1232 2577 plenissime
1262 2532 1426 2574 sum-agari
1444 2559 1451 2572 ‚
1479 2538 1511 2565 et
1535 2534 1574 2565 ab
1601 2534 1647 2566 eis
1673 2544 1786 2577 respe-

1044 2586 1125 2619 ctive
1152 2585 1383 2618 inviolabiliter
1408 2585 1588 2625 observari,
1615 2586 1726 2629 sicque
1753 2587 1785 2619 in

1791 198 1841 222 An.
1858 196 1889 222 C.
1912 195 1977 222 1731

1836 938 1894 961 Quae
1911 944 1981 960 onium

1796 971 1833 995 per
1852 965 1874 985 S.
1890 965 1912 985 S.
1930 971 1980 986 con-

1798 994 1913 1012 armantur.

1830 2270 1908 2290 Harum
1925 2270 1982 2291 litte.

1797 2303 1866 2317 rarum
1907 2296 1978 2320 obser.

1798 2327 1877 2345 mutia.
