2182 3137
70 207 119 228 Αιι.
136 204 166 230 C.
186 202 255 230 ¹730

68 266 165 293 quotibet
187 265 253 291 gradu
265 260 317 281 sex
349 251 443 281 librae
469 255 604 281 monetae
632 251 819 288 Cataloniae,
843 260 881 280 ex
903 250 1010 290 quibus

71 295 199 314 ⁵¹²³¹¹¹¹²¹¹³³·
264 300 419 330 duodecim
444 300 553 339 regalia
576 300 765 336 cancellario,
788 309 839 329 sex
861 300 1011 329 examina-

69 345 254 393 rggfllbffisshff
264 349 378 379 toribus
394 349 530 387 singulis,
548 349 603 378 tria
627 348 744 378 bidellis
762 347 900 386 singulis,
918 357 1009 377 unum

73 399 132 419 ime.
265 397 391 435 singulis
413 396 649 436 apparitoribus,
673 396 732 425 duo
754 396 1009 426 caeremoniarum

264 446 405 483 magistro
419 469 426 482 ,
450 445 549 475 decem
572 445 749 483 secretario,
772 445 873 475 decem
895 445 1010 475 aerario

265 495 431 524 academiae
454 493 672 524 attribuantur:

303 543 360 572 Pro
383 543 522 572 licentiae
545 543 637 581 gradu
659 543 690 572 in
712 543 777 573 iure
798 542 942 572 canonico
965 542 1009 572 vel

261 591 342 620 civili
375 591 522 629 octoginta
551 590 646 621 librae
677 591 850 628 solvantur;
883 600 1009 630 quarum

262 639 383 669 dimidia
407 649 520 669 summa
544 639 691 669 tribuatur
714 640 839 676 aerario,
857 649 894 669 ex
917 640 1009 669 altera

261 697 329 718 vero
363 688 538 718 cancellario
565 698 619 717 sex
647 688 762 724 librae,
792 692 914 727 patrono
937 698 1008 727 qua-

261 741 339 775 tuor,
364 741 422 766 tres
449 737 574 775 singulis
596 737 860 774 examinatoribus,
884 741 1009 767 secreta-

260 786 305 815 rio
328 790 469 825 quatuor,
494 786 610 815 bidellis
634 790 708 824 tres,
733 795 790 815 una
813 786 938 824 singulis
960 795 1009 825 ap-

261 835 457 874 paritoribus,
482 844 539 864 una
562 835 816 864 caeremoniarum
841 835 1005 872 magistro:

78 896 118 916 rm
135 895 248 915 doctoratu
300 884 356 913 Pro
379 884 531 913 doctoratu
554 883 583 913 in
607 883 671 913 iure
693 883 836 913 canonico
860 884 903 913 vel
927 884 1007 913 civili

65 921 247 972 {zmeogtemvigc'enz
259 932 354 962 librae
377 938 496 963 centum
519 936 547 962 et
563 933 667 971 viginti
680 937 822 972 quatuor;
849 933 1007 972 exquibus

65 976 163 1001 ‘mum'
260 981 454 1020 quadraginta
478 986 604 1020 quatuor
625 982 772 1011 aerarium
792 981 847 1011 sibi
866 982 1004 1019 vindicet,

259 1040 295 1059 ex
313 1030 436 1069 reliquis
453 1031 611 1069 octoginta,
629 1030 824 1060 cancellarius
841 1031 1007 1068 duodecim,

259 1087 310 1108 sex
334 1084 485 1118 patronus,
510 1080 617 1118 singuli
641 1080 715 1109 iuris
738 1079 873 1108 canonici
898 1080 942 1109 vel
966 1080 1007 1109 ci-

259 1127 326 1156 vilis
348 1127 484 1157 doctores
509 1133 587 1165 tres,
612 1128 702 1158 ceteri
735 1128 860 1157 aliarum
884 1128 1007 1157 faculta-

259 1180 321 1204 tum
344 1176 476 1206 doctores
499 1177 543 1206 vel
566 1177 712 1215 magistri,
736 1176 845 1214 singuli
862 1176 1004 1215 singulas,

259 1225 436 1255 secretarius
458 1235 522 1263 sex,
542 1226 673 1264 singulas
690 1226 800 1264 singuli
817 1226 929 1260 bidelli,
947 1226 1007 1255 sin-

258 1274 319 1312 guli
343 1275 526 1313 apparitores
554 1275 686 1313 singulas
702 1278 730 1313 ¹,
763 1285 849 1305 unam
881 1276 1006 1314 magiter

259 1323 512 1353 caeremoniarum
530 1333 535 1352 :

297 1371 353 1401 Pro
376 1373 513 1402 licentiae
535 1373 627 1411 gradu
649 1374 679 1403 in
703 1374 849 1411 theologia
869 1378 897 1403 et
913 1373 1004 1403 medi-

257 1421 320 1450 cina
352 1420 441 1450 libras
474 1423 649 1460 sexaginta,
673 1432 706 1451 ex
740 1422 847 1460 quibus
870 1422 1004 1459 triginta<

257 1479 305 1499 sex
329 1471 458 1506 aerario,
479 1480 513 1500 ex
534 1472 657 1510 reliquis
673 1471 917 1513 vigintiquatuor,
935 1481 1005 1500 can-

256 1518 375 1548 cellario
409 1524 557 1558 quatuor,
582 1525 705 1559 patrono
735 1520 832 1558 duae,
868 1520 1003 1558 singulae

68 556 109 576 Pro
125 555 211 585 licentia
231 555 252 575 in

68 583 116 603 iure
125 584 238 607 octoginta.

66 1386 104 1404 Pro
122 1384 210 1404 licentia
227 1385 246 1404 in

62 1410 171 1436 theologia
226 1414 245 1431 et

61 1437 166 1458 medicina
200 1443 244 1458 sex-

60 1464 139 1489 aginta-

255 1568 380 1605 singulis
403 1569 665 1606 examinatoribus,
686 1569 844 1598 secretario
860 1569 944 1603 duae,
962 1569 1003 1598 bi-
1024 1577 1026 1594 ὲ

254 1616 349 1653 dellis,
374 1617 594 1656 apparitoribus
619 1623 647 1647 et
670 1618 924 1647 caeremoniarum
943 1627 1003 1646 ma-

253 1665 346 1702 gistro
369 1665 509 1703 singulae*
525 1666 744 1705 dependantur:

72 1722 112 1742 Pro
127 1722 241 1743 doctoratu

60 1749 167 1769 ineisdam
178 1756 241 1770 nona·
354 1763 358 1767 .
595 1763 600 1768 .
801 1764 806 1768 .
856 1772 859 1774 .
913 1763 916 1768 .
943 1764 948 1768 .

59 1777 114 1801 ginta
130 1778 227 1801 quatuor.
252 1767 411 1800 nonaginta
435 1767 560 1801 quatuor
582 1763 690 1800 librae,
707 1772 743 1792 ex
759 1763 865 1802 qulbus·
882 1767 1001 1801 triginta

253 1817 379 1851 quatuor
400 1813 530 1848 aerario,
554 1822 589 1842 ex
611 1814 734 1852 reliquis
750 1813 915 1851 sexaginta,
934 1823 1002 1842 cau-

253 1861 372 1891 cellario
405 1866 485 1899 octo,
509 1866 633 1901 patrono
665 1867 811 1901 quatuor,
836 1863 909 1891 duae
942 1872 1002 1891 me-

907 203 1054 226 CLEMENS
1080 205 1097 227 Χ
1104 205 1125 227 11
1151 206 1199 229 PP-

293 1713 349 1743 Pro
382 1714 535 1743 doctoratu
564 1714 598 1743 'in
626 1714 775 1751 theologia.
803 1718 830 1743 et
853 1713 1025 1743 medicina>

253 1910 367 1939 dicinae
390 1911 559 1941 doctoribus
575 1934 581 1944 ,
606 1916 718 1950 septem
752 1911 862 1949 regalia
895 1911 1000 1939 ceteris
1022 1928 1023 1932 =

252 1959 422 1989 doctoribus
453 1970 503 1989 seu
538 1961 708 1998 magistris,
733 1961 858 1998 singulis
881 1960 1000 1989 bidellis
1021 1961 1023 1988 ἑ

253 2008 456 2047 sesquilibrae,
475 2009 599 2047 singulis
615 2009 836 2048 apparitoribus
853 2009 997 2046 singulae,

251 2055 326 2085 libra
350 2067 405 2086 una
437 2057 577 2095 magistro
600 2058 876 2087 caeremoniarum:

71 2112 110 2132 Pro
120 2111 208 2132 licentia
220 2113 240 2132 in

57 2138 137 2159 artibus
180 2139 239 2165 quin-

57 2167 163 2191 quaginta.
250 2154 331 2192 ginta
355 2154 466 2192 librae,
489 2165 526 2184 ex
549 2155 656 2194 quibus
679 2156 798 2193 triginta
819 2155 944 2191 aerario,
962 2164 997 2184 ex

251 2203 355 2239 viginti
387 2204 531 2242 reliquis,
556 2204 732 2234 cancellario
766 2209 835 2242 treS,
873 2208 997 2243 patrono

291 2105 347 2134 Pro
372 2106 507 2135 licentiae
531 2107 623 2144 gradu
647 2107 676 2136 iu
707 2106 820 2136 artibus
851 2106 998 2145 quiuqua—
1019 2126 1021 2140 ;

250 2251 335 2288 duae,
358 2252 482 2290 singulis
505 2253 757 2283 examinatoribus
780 2253 925 2291 singulae,
951 2262 995 2281 se·
1018 2268 1019 2278 i

251 2301 377 2330 cretario
400 2301 494 2336 duae,
519 2301 636 2331 bidellis
658 2302 882 2341 quatuordecim
913 2313 997 2341 rega-

252 2348 301 2385 lia,
325 2349 478 2379 duodecim
512 2350 751 2390 apparitoribus,
777 2361 825 2381 sex
858 2352 997 2390 magistro

251 2405 503 2427 caeremoniarum
513 2407 519 2426 :

292 2445 347 2475 Pro
381 2446 549 2484 magisterio
581 2447 611 2477 in
645 2448 759 2478 artibus
782 2449 996 2488 quinquaginta

251 2499 378 2533 quatuor
409 2494 524 2532 librae;
558 2504 593 2525 ex
615 2496 721 2535 quibus
744 2497 847 2535 viginti
871 2503 997 2537 quatuor

57 2455 97 2475 Pro
116 2456 238 2481 magisterio

58 2480 78 2511 ia
91 2481 118 2502 lis
134 2482 240 2508 quinqua-

57 2510 122 2533 (unta.

286 2597 299 2622 1
323 2595 392 2623 Edit.
415 2596 499 2623 Μαίη.
520 2597 586 2632 legit
604 2596 723 2631 sinyula
742 2600 781 2629 (n.
799 2598 847 2633 r.).

1697 199 1761 232 179

1054 253 1176 290 aerario,
1189 263 1226 283 ex
1243 255 1366 294 reliquis
1382 256 1511 293 triginta,
1523 257 1700 286 cancellario
1716 257 1800 294 duae,

1054 310 1112 330 una
1135 306 1259 341 patrono
1274 328 1281 340 ,
1306 304 1440 342 singulae
1463 306 1587 344 singulis
1610 306 1717 336 artium
1741 316 1801 336 ma-

1053 349 1170 388 gistris,
1188 352 1294 381 ceteris
1310 352 1479 382 doctoribus
1503 358 1614 393 septem
1632 354 1737 392 solidi,
1754 364 1799 384 se-

1054 399 1178 428 cretario
1197 399 1272 429 duae
1295 400 1399 438 librae,
1425 403 1551 440 singulis
1574 403 1691 433 bidellis
1713 403 1799 443 quin-

1053 456 1111 485 que
1133 448 1256 485 regalia,
1280 449 1404 487 singulis
1422 452 1640 490 apparitoribus
1656 453 1798 492 quinque,

1054 500 1081 524 et
1107 496 1239 535 quinque
1262 499 1402 535 magistro
1425 500 1690 530 caeremoniarum.

1094 543 1124 573 Si
1148 545 1219 582 quid
1243 554 1281 574 ex
1300 548 1493 584 pecuniarum
1510 549 1633 579 summis
1649 550 1684 579 ad
1700 550 1800 580 distri-
1819 556 1992 587 ‘measure-rest

1053 592 1184 622 buendas
1207 595 1347 633 propinas
1363 596 1520 634 assignatis
1542 599 1687 636 supersit,
1706 599 1735 628 in
1752 608 1799 629 ae·
1810 585 1993 630 Σέπῖῗῖἶιῖἷῖὃῑιῗῑζῗ

1053 642 1164 672 rarium
1188 642 1349 681 inseratur,
1374 645 1398 674 si
1421 645 1490 684 quid
1514 656 1582 675 vero
1605 647 1744 685 defuerit,
1761 636 1906 678 exmd'n'¹⁴

1052 691 1155 720 eodem
1178 691 1353 730 depromere
1376 693 1474 723 liceat.

1094 740 1132 769 Ex
1156 741 1290 778 summis,
1315 742 1377 771 sive
1394 743 1577 781 portionibus
1594 745 1797 784 pecuniarum,

1052 798 1126 828 quae
1152 798 1204 828 pro
1226 790 1355 819 licentiis
1373 800 1530 828 canonum,
1555 792 1663 830 legum,
1689 794 1799 823 theolo-

1051 838 1127 875 giae,
1151 838 1314 868 medicinae
1337 844 1365 868 et
1388 839 1508 877 artium,
1533 841 1699 870 academiae
1719 851 1800 871 aera—

1052 887 1096 916 rio
1119 887 1285 924 solvuntur,
1310 889 1417 927 poterit
1439 899 1492 928 pro
1515 889 1637 919 arbitrio
1656 891 1799 920 caucella-

1051 935 1088 965 rii
1111 936 1228 976 decerpi
1250 942 1279 967 et
1302 938 1415 975 erogari
1446 938 1588 978 quidquid
1613 948 1664 978 pro
1686 939 1800 979 impen-

1051 985 1102 1023 sis,
1126 995 1161 1015 ex
1183 995 1264 1015 more
1287 986 1455 1016 academico
1479 987 1543 1016 fieri
1565 988 1672 1024 solitis,
1710 988 1739 1017 in
1764 989 1799 1018 li-

1050 1035 1165 1064 centiae
1187 1035 1388 1065 functionibus
1411 1045 1484 1075 opus
1508 1037 1612 1074 suerit,
1637 1037 1796 1067 videlicet:

1051 1083 1224 1121 trigintasex
1246 1084 1338 1113 librae
1361 1085 1390 1113 in
1413 1085 1543 1114 licentiis
1572 1086 1727 1125 utriusque
1754 1087 1799 1116 iu-

1050 1132 1107 1162 ris:
1132 1132 1370 1172 vigintiquinque
1393 1133 1485 1163 librae
1512 1134 1540 1163 iu
1564 1134 1694 1164 licentiis
1717 1135 1798 1164 theo-

1050 1181 1143 1219 logiae
1156 1186 1185 1211 et
1198 1182 1378 1211 medicinae:
1394 1182 1497 1220 viginti
1512 1182 1603 1212 librae
1622 1183 1651 1212 in
1669 1183 1797 1213 licentiis

1049 1230 1175 1259 artium:
1200 1240 1233 1259 ac
1256 1231 1372 1260 demum
1397 1241 1449 1270 pro
1472 1231 1641 1261 doctoratus
1664 1241 1715 1261 seu
1739 1241 1798 1261 ma-

1049 1279 1163 1316 gisterii
1196 1279 1347 1308 solemniis
1380 1280 1409 1309 in
1441 1280 1546 1318 quavis
1569 1280 1705 1310 facultate
1728 1281 1797 1310 duo-

1048 1326 1143 1356 decim
1176 1327 1291 1365 librae,
1317 1337 1391 1366 quae
1416 1338 1467 1367 pro
1491 1329 1673 1366 singulorum
1698 1330 1795 1359 docto-

1048 1380 1164 1405 ratuum
1210 1386 1260 1405 seu
1295 1377 1531 1414 magisteriorum
1569 1379 1725 1408 collatione
1759 1389 1795 1407 ex

1048 1426 1162 1453 summa
1186 1426 1298 1463 pariter
1321 1426 1355 1454 ad
1379 1427 1526 1456 aerarium
1558 1427 1725 1465 pertinente
1747 1428 1796 1457 de-

1047 1473 1203 1503 ducentur.
1227 1474 1303 1503 llaec
1327 1479 1425 1503 autem
1449 1475 1582 1513 impensa
1610 1477 1712 1514 augeri
1735 1486 1792 1505 non

1048 1523 1150 1561 possit,
1175 1523 1288 1552 tametsi
1313 1523 1411 1561 plures
1429 1524 1529 1553 eodem
1549 1529 1679 1562 tempore
1695 1525 1794 1555 docto-

1047 1575 1141 1600 ratum
1165 1581 1217 1600 seu
1242 1572 1444 1609 magisterium
1468 1573 1644 1611 suscipiant.

1086 1618 1114 1648 Si
1131 1620 1209 1657 quis,
1229 1619 1485 1649 baccalaureatuin
1510 1626 1560 1650 aut
1583 1621 1720 1651 licentiae
1743 1622 1834 1655 lio-Ati
1851 1635 1928 1660 gradus
1948 1643 1989 1657 „00

1046 1677 1148 1697 norem
1172 1673 1286 1707 petens,
1311 1669 1346 1698 ab
1370 1670 1625 1700 examinatoribus
1644 1672 1793 1710 repulsam
1806 1662 1989 1711 ᾗζᾞξᾞῖζῃῑξζῖᾗιὶ

1046 1717 1185 1756 patiatur,
1210 1718 1255 1747 vel
1279 1718 1347 1757 quia
1371 1719 1559 1757 praefinitum
1583 1720 1698 1757 legendi
1722 1726 1795 1751 tem-

1047 1776 1099 1804 pus
1132 1776 1189 1795 uon
1224 1767 1410 1805 expleverit,
1436 1768 1480 1797 vel
1504 1768 1571 1807 quia
1596 1768 1717 1806 dignum
1741 1779 1793 1809 pro

1045 1815 1137 1852 gradu
1170 1815 1359 1854 suscipiendo
1395 1816 1518 1854 peritiae
1551 1817 1700 1854 specimen
1734 1828 1792 1847 non

1810 212 1859 234 An.
1881 209 1912 234 C.
1930 209 1998 236 ¹730

1022 1869 1023 1872 ’
1044 1864 1225 1898 exhibuerit,
1252 1865 1375 1903 pecunia
1399 1865 1433 1894 ad
1457 1866 1484 1894 id
1507 1866 1649 1905 deposita,
1669 1876 1725 1896 non
1750 1878 1792 1897 se-

1044 1923 1094 1941 cus
1117 1922 1150 1942 ac
1173 1913 1196 1942 si
1220 1914 1327 1951 gradus
1352 1914 1558 1949 conferretur,
1587 1915 1790 1946 distribuenda

1043 1961 1110 1990 erit.
1148 1962 1311 1991 Candidato
1347 1967 1443 1992 autem
1482 1963 1650 1993 huiusmodi
1686 1974 1790 1994 rursus

1043 2010 1240 2039 examinando
1264 2011 1308 2040 vel
1331 2012 1454 2040 annum¹
1478 2012 1523 2041 vel
1547 2012 1665 2041 brevius
1688 2013 1787 2050 etiam,

1020 2066 1021 2074 ¹
1043 2060 1066 2088 si
1090 2059 1127 2088 ita
1150 2069 1278 2099 aequum
1304 2060 1471 2095 videbitur,
1498 2061 1637 2099 temporis
1661 2062 1788 2100 spatium

1042 2112 1208 2145 statuetur,
1246 2109 1344 2138 addito
1378 2113 1474 2139 tamen
1511 2119 1599 2139 onere
1635 2114 1789 2139 consuetas

1041 2157 1148 2186 iterum
1182 2158 1331 2196 impensas
1365 2158 1511 2193 faciendi,
1546 2159 1622 2197 quod
1649 2159 1673 2187 si
1697 2159 1725 2187 in
1749 2159 1788 2187 al-

1041 2210 1103 2235 tero
1126 2206 1263 2236 examine
1281 2206 1432 2243 defecerit,
1454 2207 1592 2246 deinceps
1610 2217 1665 2236 non
1683 2206 1788 2236 admit-

1042 2258 1129 2284 tatur.

1081 2303 1284 2339 Scholaribus,
1297 2305 1346 2343 qui
1363 2304 1390 2333 in
1405 2304 1606 2333 anniversario
1619 2309 1647 2333 et
1663 2303 1786 2333 solemni
1798 2310 1820 2342 ¹3¹
1836 2312 1982 2341 anniuersario

1040 2352 1169 2390 octiduo,
1194 2352 1273 2382 iuxta
1291 2352 1468 2382 laudabilem
1487 2353 1651 2392 praesentis
1668 2353 1787 2382 univer·
1798 2338 1983 2389 ii‘iss‘iifss'ii'ssssussssk

1040 2401 1135 2431 sitatis
1158 2401 1400 2430 consuetudinem
1417 2426 1423 2438 ,
1454 2401 1641 2440 Com-optioni
1666 2401 1697 2430 B.
1722 2401 1786 2430 Vir·
1797 2390 1984 2442 }*J.Z³„‘]³{1,1,frfflgss

1039 2450 1116 2488 ginis
1144 2450 1251 2479 Mariae
1284 2454 1477 2488 consecrato,
1503 2451 1600 2479 theses
1624 2450 1783 2479 litterarias
1822 2444 1960 2464 ⁰³¹³¹¹w³¹¹¹⁹

1803 2473 1862 2490 vratis
1878 2470 1967 2492 dandus.

1040 2508 1092 2538 pro
1114 2499 1264 2528 academia
1287 2499 1549 2538 propugnaverint,
1578 2475 1807 2529 baccalaurea-b

1077 2601 1086 2626 1
1112 2599 1267 2635 Legendum
1288 2607 1383 2627 annus
1405 2600 1445 2626 vel
1467 2600 1541 2626 anni
1559 2601 1603 2632 (u.
1619 2603 1668 2632 τ.).
