2182 3137
54 217 110 244 An.
125 217 154 243 C.
175 216 243 244 ¹732

105 1987 182 2008 Contra
198 1992 240 2007 am·

57 2014 146 2034 hiemes.

867 215 1010 238 CLEMENS
1034 215 1079 238 >211
1104 217 1153 238 PP.

293 273 331 294 iv.
356 264 426 294 Cum
454 264 617 294 monachus
649 264 683 293 de
713 263 890 293 monasterio
912 263 993 292 exire

251 314 309 343 no‘n
332 314 435 343 debeat
462 313 520 343 nisi
550 313 630 342 socio
662 312 803 349 adhibito,
828 321 914 351 quem
937 311 993 341 sibi

252 361 341 391 abbas
372 361 588 400 assignaverit,
612 361 744 391 advertat
765 360 872 394 abbas,
897 365 928 389 ut
950 360 992 389 sic

252 411 347 440 socios
369 411 549 447 accomodet,
566 419 603 439 ne
626 410 714 439 sociis
736 418 839 448 graves
861 409 921 438 sint
943 413 993 438 aut

253 459 380 495 inolesti,
397 468 492 498 neque
508 458 596 488 nimis
612 458 771 487 familiares
786 462 836 487 aut
850 458 991 496 suspecti.

293 516 320 536 v.
344 507 405 537 Nisi
429 507 590 536 necessitas
612 507 742 544 coegerit
775 506 873 546 (quae
896 511 992 535 tamen

251 556 288 584 ab
320 555 423 585 abbate
456 556 511 584 erit
542 555 743 592 cognoscenda
767 560 795 584 et
818 554 993 594 probanda)

253 604 387 634 monachi
403 605 437 633 ad
455 604 619 634 ministeria
636 605 697 634 sive
712 604 747 633 ad
765 604 893 633 studium
916 604 992 633 intra

253 654 465 683 monasterium
489 653 606 690 addicti,
631 653 666 682 de
689 653 866 682 monasterio
895 653 993 691 egredi

252 711 309 732 non
333 703 548 741 permittantur,
566 702 623 731 nisi
640 702 684 731 bis
704 703 731 731 in
752 702 947 739 hebdomada,
965 707 993 731 et

252 761 318 781 eum
333 752 560 791 interpolatione
573 751 698 787 dierum,
715 751 899 790 peractisque
913 752 994 789 prius

252 800 425 829 ministeriis
443 799 637 835 neeessariisg
662 799 748 838 idque
771 800 809 828 ita
832 799 868 828 ab
890 799 994 828 abbate

252 858 303 887 per
336 854 454 878 turnum
477 847 691 885 distribuatur,
717 853 747 877 nt
779 853 808 877 et
835 848 992 887 disciplina

251 898 394 936 regularis
428 898 459 926 in
496 897 674 926 monasterio
712 897 784 926 nihil
821 897 992 927 detrimenti

251 947 367 986 capiat,
393 951 421 976 et
443 946 581 975 omnibus
614 955 666 984 per
698 945 909 975 hebdomadam
934 956 993 975 mo-

251 995 354 1024 nachis
378 995 498 1024 facultas
521 995 649 1024 exeundi
665 1004 680 1023 e
697 995 873 1024 rnormsterio
888 1004 994 1034 aequa-

251 1043 318 1073 liter
333 1044 428 1073 detur.
446 1043 554 1072 Diebus
576 1048 673 1073 autem
697 1043 853 1072 dominicis
869 1048 897 1072 et
914 1044 994 1072 festis

251 1092 411 1121 maioribus
433 1101 518 1121 nemo
541 1092 632 1131 possit
656 1092 768 1121 veniam
792 1092 920 1121 exeundi
943 1092 993 1122 ob-

252 1141 356 1178 tinere,
381 1141 437 1171 nisi
460 1141 616 1171 celebratis
640 1141 720 1180 prius
743 1141 850 1170 divinis
873 1141 991 1176 officiis,

251 1194 300 1219 aut
331 1200 364 1220 eo
398 1190 549 1219 dumtaxat
582 1191 720 1229 temporis
752 1191 845 1229 spatio
877 1190 954 1229 quod
978 1200 993 1219 a

251 1239 357 1268 divinis
380 1239 484 1268 officiis
508 1248 631 1267 vacuum
655 1244 708 1268 est.

293 1298 329 1317 vi.
350 1288 372 1317 E
394 1287 572 1317 monasterio
604 1289 734 1326 egressi.
759 1288 941 1318 honestatem
965 1293 993 1317 et

252 1338 424 1367 modestiam
440 1337 567 1374 incessu,
587 1337 732 1374 inanibus,
750 1337 908 1376 colloquio,
925 1347 994 1367 ocu-

252 1387 286 1416 lis
316 1386 496 1416 exhibeant:
530 1387 590 1415 loca
624 1387 780 1415 remotiora
804 1392 832 1416 et
854 1387 993 1416 ecclesias

252 1437 350 1465 minus
374 1437 541 1474 frequentes
574 1436 700 1465 adeant:
734 1446 884 1474 personas,
918 1437 991 1473 vias,

252 1485 351 1522 aedes,
376 1484 508 1513 officinas
530 1489 680 1523 suspectas
703 1490 751 1513 aut
775 1485 897 1514 infames
914 1485 994 1514 devi-

253 1538 336 1570 tent,
361 1543 426 1563 cnm
449 1532 649 1563 ¹saecularibus
680 1543 737 1562 non
771 1538 883 1563 tantum
913 1534 995 1563 fami-

253 1583 390 1613 liaritatis
414 1582 552 1620 habeant,
577 1587 608 1612 ut
632 1583 674 1611 vel
697 1587 808 1612 secreta
825 1583 993 1612 monasterii

251 1632 287 1660 iis
311 1632 462 1667 rovelent,
489 1631 531 1659 iel
556 1640 589 1659 vx
625 1631 768 1668 frequenti
802 1640 902 1660 earnm
925 1641 994 1660 con-

252 1681 416 1709 versatione
443 1691 456 1708 a
488 1680 645 1708 tllotln>tlttt¹t
678 1680 832 1718 disciplina
862 1680 994 1709 relaxen—

252 1734 317 1759 tur:
335 1729 483 1768 multoque
508 1729 599 1766 magis
616 1739 628 1758 a
649 1729 822 1758 tinnit-inrum
846 1729 993 1768 colloquio

250 1779 435 1814 abstineant,
459 1787 555 1817 neque
578 1788 627 1808 eas
651 1778 789 1815 intisant,
806 1783 855 1808 ant
878 1779 912 1808 ad
928 1779 993 1808 illas

251 1827 393 1866 scribant,
411 1827 468 1857 nisi
485 1827 516 1856 in
539 1829 642 1865 magna
660 1827 844 1864 necessitate,
862 1833 911 1857 aut
927 1838 991 1857 cuin

250 1887 301 1916 spe
324 1877 419 1915 magni
448 1878 595 1916 profectus
617 1877 793 1916 spiritualis,
811 1882 839 1906 et
858 1878 993 1907 consulto

251 1935 389 1965 expresse
410 1925 526 1955 abbate.

293 1983 341 2004 vn.
375 1974 436 2004 Non
469 1974 617 2012 permittat
651 1974 759 2010 abbas,
795 1979 826 2004 ut
859 1975 992 2004 monachi

251 2024 426 2053 munuscula
443 2023 566 2052 offerant
579 2023 809 2060 magistratibus,
822 2028 872 2053 aut
891 2034 990 2052 cerum

251 2073 333 2102 aulas
356 2073 552 2111 trequentent,
571 2076 619 2101 ant
641 2072 786 2101 amicitias
805 2082 991 2111 quocumque

250 2122 335 2151 niodo
361 2121 490 2151 ambiant
506 2132 512 2155 ι,
539 2122 711 2160 praesertim
727 2122 751 2150 si
767 2122 992 2161 deprehenderit

250 2181 299 2201 eos
318 2171 373 2200 hac
390 2171 436 2200 viii
452 2171 487 2200 ad
505 2171 735 2200 ecelesiasticam
757 2171 930 2210 dignitatem
947 2172 992 2201 vel

250 2221 278 2250 in
308 2220 452 2259 religione
484 2220 605 2258 gradum
641 2230 808 2260 prorepere.
842 2222 871 2250 Si
905 2231 991 2260 quem

251 2279 318 2299 vero
341 2269 428 2299 huius
443 2269 570 2299 ambitus
592 2279 673 2299 reum
690 2270 848 2307 invenerit,
864 2271 993 2308 graviter

251 2318 353 2357 puniat
384 2322 413 2347 et
445 2318 481 2347 ad
513 2317 647 2347 abbatem
680 2318 847 2356 generalem
869 2319 990 2349 deferat.

251 2366 328 2396 ldem
347 2367 382 2396 de
404 2366 508 2396 abbate
530 2366 707 2403 dicendum,
731 2367 755 2396 si
786 2371 902 2406 praeter
924 2376 993 2397 con-

251 2420 348 2446 suetas
371 2419 399 2445 et
417 2415 598 2445 necessarias
617 2420 785 2454 magnatum
810 2415 992 2446 visitationes

250 2472 467 2503 munerumque
496 2463 670 2502 oblationes,
705 2464 749 2494 vel
782 2464 852 2503 quid
883 2474 991 2494 novum

251 2512 439 2542 introducere
469 2511 647 2550 tentaverit,
671 2512 716 2542 vel
737 2512 799 2552 ipse
822 2517 991 2550 magnatum

1674 206 1739 240 3:39

1036 262 1105 292 CAP.
1129 263 1203 293 Vltl.
1228 283 1263 286 —
1297 264 1336 294 De
1356 265 1520 304 fundatione
1550 266 1778 295 monasteriorum

1076 316 1102 340 et
1122 315 1277 351 receptione
1299 313 1457 352 hospitum,
1480 315 1564 353 deque
1591 315 1701 343 vitanda
1723 324 1779 343 mo-

1078 361 1228 390 nachorum
1251 362 1405 399 vagatione.

1078 417 1098 437 1.
1121 408 1237 438 Nullum
1270 411 1498 448 monasterium,
1532 412 1588 441 nisi
1623 412 1778 442 accedente

1037 465 1182 486 consensu
1210 462 1239 487 et
1260 457 1464 489 benedictione
1497 461 1625 500 episcopi
1648 466 1676 491 et
1698 471 1779 491 reve-

1038 505 1209 534 rendissimi
1231 505 1342 536 domini
1365 509 1557 546 patriarchae.
1580 514 1609 538 et
1630 510 1665 539 de
1688 510 1779 539 licen-

1038 552 1077 581 tia
1100 553 1215 583 abbatis
1236 555 1383 592 generalis
1409 561 1495 595 atque
1525 558 1754 596 hegumenorum
1769 584 1777 594 ,

1037 601 1121 630 nobis
1144 611 1158 630 a
1182 602 1387 632 fundatoribus
1411 610 1460 634 aut
1483 607 1615 643 patronis
1648 607 1777 637 oblatum

1037 650 1172 688 accipere
1195 650 1346 684 debemus,
1365 652 1409 681 vel
1426 653 1461 682 de
1477 663 1552 684 novo
1575 656 1696 685 fundare
1713 666 1778 695 pos-

1037 708 1150 728 sumus.
1174 699 1313 738 Quisquis
1346 710 1413 730 vero
1437 701 1525 731 abbas
1542 727 1548 739 ,
1572 704 1633 733 sive
1661 705 1779 744 propria

1037 748 1097 777 sive
1120 749 1355 786 congregationis
1382 749 1469 778 etiam
1494 752 1700 781 momichorum
1728 763 1779 783 au-

1037 798 1173 827 ctoritate
1196 798 1224 827 id
1248 798 1358 833 fecerit,
1377 808 1486 837 poenae
1509 801 1653 837 gravioris
1676 803 1779 841 culpae

1038 847 1187 877 subiaceat
1221 848 1250 877 in
1282 847 1442 886 religione,
1467 849 1491 878 si
1514 849 1630 879 lieentia
1664 855 1778 880 tantuin

1037 896 1150 926 abbatis
1166 897 1311 934 generalis
1335 902 1362 926 et
1379 897 1608 935 hegumenorum
1633 899 1777 936 defuerit,

1038 950 1066 975 et
1095 946 1235 984 puniatur
1262 945 1348 975 etiam
1382 946 1418 975 ab
1451 947 1588 986 episcopo
1611 953 1638 977 et
1661 958 1675 977 a
1699 958 1780 978 reve-

1038 993 1213 1022 rendissimo
1246 992 1364 1021 domino
1398 994 1588 1032 patriarcba,
1611 995 1634 1024 si
1669 995 1778 1035 absque

1039 1042 1142 1070 horum
1159 1051 1303 1071 consensu
1320 1041 1347 1071 id
1364 1042 1470 1071 factum
1489 1043 1575 1072 fuerit
1590 1054 1596 1080 ς
1621 1053 1779 1084 omnesque

1039 1091 1186 1128 monachi,
1201 1090 1298 1120 abbati
1315 1092 1545 1129 consentientes,
1559 1092 1652 1121 eidem
1671 1102 1779 1131 poenae

1038 1139 1229 1177 subiacemn3
1253 1144 1282 1169 et
1304 1144 1385 1169 actus
1402 1141 1555 1170 monastici
1572 1141 1680 1170 ibidem
1697 1143 1777 1178 facti,

1038 1193 1069 1218 ut
1091 1189 1269 1218 novitiorum
1292 1188 1430 1218 admissio
1458 1199 1490 1218 ac
1523 1190 1677 1228 professio,
1702 1191 1778 1221 irriti

1038 1243 1064 1268 et
1086 1239 1189 1268 inanes
1211 1238 1411 1267 declarantur.

1077 1296 1106 1316 n.
1131 1287 1204 1317 titud
1227 1297 1295 1317 vero
1318 1287 1411 1316 solum
1430 1289 1640 1318 monasterium
1656 1290 1779 1323 fundare

1039 1337 1083 1365 vel
1106 1337 1239 1375 accipere
1256 1361 1263 1374 ,
1287 1342 1319 1366 ut
1342 1346 1427 1376 supra
1445 1362 1451 1373 ‚
1476 1337 1560 1367 nobis
1583 1339 1650 1368 licet
1673 1339 1701 1368 in
1722 1349 1779 1378 quo

1038 1386 1197 1415 monastica
1231 1386 1386 1424 disciplina
1421 1385 1570 1415 observari
1605 1387 1716 1425 possit,
1751 1393 1778 1417 et

1037 1434 1186 1463 sufficiens
1211 1435 1419 1463 monachorum
1443 1444 1584 1465 numerus
1606 1436 1666 1465 ali:
1691 1437 1778 1475 idque

1038 1483 1083 1512 vel
1105 1492 1140 1512 ex
1162 1483 1267 1512 annuis
1289 1483 1453 1513 redditibus
1469 1485 1647 1513 monasterio
1663 1484 1776 1522 legatis,

1037 1532 1081 1561 rel
1104 1542 1138 1561 ex
1161 1537 1256 1561 terrae
1278 1532 1380 1567 fundo,
1404 1532 1438 1561 de
1461 1543 1518 1572 quo
1541 1543 1575 1562 ex
1598 1533 1696 1563 labore
1719 1543 1779 1563 ma-

1038 1590 1129 1610 nuum
1152 1581 1250 1610 rivere
1273 1581 1395 1620 possint.

1077 1639 1117 1659 tlt.
1142 1629 1234 1660 Omne
1266 1630 1490 1668 monasterium,
1527 1630 1604 1669 quod
1643 1631 1777 1661 monachi

1037 1683 1154 1708 nostrae
1184 1678 1421 1716 congregationis
1449 1678 1631 1717 inhabitant,
1656 1680 1780 1709 honesta

1037 1727 1172 1756 clausuri:
1197 1727 1358 1756 momatur.
1383 1727 1429 1756 Sic
1452 1732 1549 1757 autem
1573 1727 1610 1757 sit
1635 1728 1778 1765 clausum,

1038 1781 1068 1805 ut
1090 1775 1265 1805 mulieribus
1299 1776 1512 1815 cuiuscumque
1546 1776 1699 1814 dignitatis
1732 1782 1780 1807 aut

1037 1825 1147 1855 ordinis
1170 1826 1252 1855 nulla
1274 1825 1385 1854 ratione
1409 1831 1515 1864 pateat.

1013 1862 1016 1920 Ι
1079 1883 1113 1902 ir.
1138 1874 1223 1903 [xtra
1241 1874 1333 1912 ipsius
1351 1873 1521 1902 monasterii
1539 1874 1715 1909 clausuram,
1735 1876 1778 1904 rel

1013 1921 1016 1941 ¹
1036 1923 1066 1952 in
1091 1924 1152 1952 leco
1175 1924 1252 1952 intra
1275 1923 1484 1952 monasterium
1512 1923 1544 1951 ad
1568 1923 1596 1952 id
1619 1924 1775 1961 destinate,

1012 1943 1016 1995 1
1036 1972 1194 2011 hospitium
1217 1972 1356 2009 erigatur,
1382 1972 1410 2001 in
1434 1981 1491 2010 quo
1515 1972 1643 2011 hospites
1666 1972 1701 2001 ad
1724 1982 1778 2003 nos

1036 2021 1213 2050 divertentes
1236 2021 1328 2059 accipi
1351 2021 1483 2059 possint:
1501 2026 1529 2050 et
1552 2021 1691 2051 mulieres
1714 2022 1778 2061 qui-

1036 2070 1100 2099 dem
1124 2070 1152 2098 in
1175 2069 1238 2098 loco
1261 2069 1343 2098 valde
1367 2074 1477 2099 remoto
1500 2080 1533 2099 ac
1557 2079 1677 2108 prorsus
1695 2080 1777 2109 sepa-

1035 2124 1098 2149 rato
1121 2130 1134 2148 a
1159 2119 1231 2148 viris
1255 2123 1281 2147 et
1305 2128 1320 2147 a
1343 2119 1532 2148 monasterio.
1552 2119 1650 2158 Neque
1673 2119 1773 2156 abbas,

1036 2178 1130 2207 neque
1153 2168 1341 2206 congregatio
1372 2168 1581 2197 monachorum
1609 2173 1703 2207 potest
1724 2169 1776 2198 ali-

1036 2218 1095 2255 cui,
1119 2218 1162 2247 vel
1185 2217 1383 2247 ecclesiastico
1406 2217 1450 2246 vel
1473 2217 1635 2255 saeculari,
1670 2218 1773 2247 cellam

1035 2267 1065 2296 in
1094 2267 1157 2306 ipso
1187 2267 1362 2296 monasterio
1395 2267 1439 2296 vel
1472 2267 1506 2295 ad
1539 2266 1626 2295 breve
1660 2271 1774 2305 tempus

1035 2316 1209 2354 assignare,
1233 2315 1289 2345 nisi
1322 2315 1352 2344 in
1386 2315 1510 2355 hospitio
1543 2315 1623 2345 loeus
1655 2315 1773 2345 omnino

1035 2365 1172 2401 defuerit,
1196 2369 1245 2394 aut
1267 2373 1409 2403 personae
1432 2364 1620 2403 accipiendae
1654 2364 1774 2394 minime

1036 2413 1216 2450 convenerit,
1240 2417 1272 2442 ut
1293 2422 1358 2442 cum
1381 2413 1534 2452 episcopus
1562 2417 1611 2442 aut
1639 2422 1774 2443 reveren-

1035 2463 1173 2493 dissimus
1195 2462 1330 2492 dominus
1347 2462 1510 2501 patriarcha
1527 2461 1562 2492 ad
1578 2472 1630 2492 nos
1645 2462 1773 2492 divertit.

1076 2521 1104 2541 v.
1127 2511 1205 2542 Nulli
1227 2511 1324 2540 abbati
1347 2515 1396 2540 aut
1418 2520 1576 2541 oeconomo
1598 2510 1699 2541 licebit
1714 2521 1774 2541 mo-

1786 217 1838 240 ΛΗ,
1859 217 1886 241 C.
1906 215 1972 241 1732

1841 421 1972 442 monasteria

1789 455 1830 468 non
1846 448 1970 473 recipienda

1789 475 1833 495 siue
1871 480 1973 500 expresso

1790 502 1883 527 episcopi
1900 504 1920 521 et
1935 507 1972 526 pa-

1791 528 1896 547 triarchae
1923 533 1972 548 con·

1789 560 1859 574 sensu.

1839 1641 1936 1661 lutroitus
1952 1643 1971 1662 in

1791 1670 1919 1688 iizotiasteria
1931 1675 1974 1688 tnu-

1790 1695 1877 1714 neribus
1911 1695 1975 1715 inter-

1792 1721 1901 1741 dicendus>

1831 1880 1860 1901 De
1880 1881 1973 1907 hospitio

1790 1909 1810 1927 et
1827 1907 1955 1933 hospitibus,

1786 2517 1814 2537 De
1829 2523 1880 2537 aere
1895 2518 1965 2539 alieno

1784 2550 1824 2564 non
1832 2545 1967 2569 accipiendo.

252 2561 395 2591 amicitias
428 2561 493 2601 plus
526 2570 617 2600 aequo
650 2565 768 2600 captare
791 2561 992 2601 deprehensus
1036 2560 1197 2591 nasterium
1220 2569 1287 2589 aere
1309 2559 1404 2589 alieno
1426 2568 1547 2597 gravare
1570 2559 1678 2599 absque
1711 2560 1906 2591 ine-monasterii
1932 2577 1964 2591 re-

253 2610 351 2640 fuerit.

1036 2609 1149 2640 vitabili
1171 2609 1344 2639 necessitate
1361 2632 1368 2646 ‚
1392 2617 1446 2638 nee
1470 2608 1594 2639 vendere
1615 2613 1666 2638 aut
1694 2618 1772 2639 com-

1783 2597 1822 2616 bns
1846 2602 1886 2617 non
1913 2598 1964 2618 alie-

1783 2623 1872 2647 uandrs.
1887 2626 1926 2644 etc.
