2182 3137
203 163 254 190 An.
275 163 304 190 c.
326 163 397 190 1730
442 155 483 189 70

637 238 830 267 (onsrirrrio
854 237 900 267 ΙΙΙ.

216 316 386 342 ¹3¹=50¹w¹=¹¹=⁴⁸0
439 309 571 339 Generale
593 308 746 347 capitulum
771 308 857 337 nostri
880 307 993 337 Ordinis
1016 308 1042 335 in
1066 306 1135 335 dicto

202 344 306 389 ἷιῖζζῗινᾞῗηῃ
323 343 385 393 “elidii
397 358 558 387 monasterio
589 357 619 387 S.
644 356 846 385 Bartliolomaei
883 356 915 384 de
954 355 1073 385 triennio
1106 356 1133 384 in

203 396 545 436 “¹¹⁰¹''“⁰¹¹⁸¹‘³¹‘'·trienntmn
565 410 697 445 perpetuo
719 405 878 439 celebretur,
897 405 966 443 quod
981 405 1070 433 teneri
1092 404 1135 433 ia-

393 456 479 494 cipial
501 456 527 484 in
553 456 635 483 tertia
658 454 794 483 dominica
822 458 881 492 post
911 455 1010 492 festum
1033 451 1136 482 Resur-

394 503 522 532 rectionis
551 502 701 531 dominicae
723 501 916 540 computanda.
953 500 990 531 Ob
1013 500 1134 540 aliquam

394 556 481 581 tamen
505 551 656 589 legitimamv
677 555 701 579 et
724 550 914 580 rationabilem
930 560 1050 588 causam,
1066 554 1135 589 puta

393 603 503 639 samem,
538 600 645 637 bellurn,
679 604 793 638 pestem,
828 599 871 628 cel
899 599 983 628 aliam
1008 608 1133 637 maynarn

393 651 622 688 manifestamque
640 658 759 683 causam,
776 650 863 687 possit
879 648 947 678 alibi
961 649 1134 687 praedictum

390 697 518 735 yenerale
539 697 693 736 capitulum
715 697 851 726 celebrari
873 697 907 725 ad
929 697 1134 735 dispositionem

392 745 508 784 capituli
527 745 673 783 generalis,
698 745 722 773 si
744 745 835 774 eodeni
867 745 985 774 durante
1013 745 1135 784 capitulo

392 803 473 823 eausa
496 794 651 823 huiusmodi
671 798 763 831 pateat
779 793 822 823 vel
837 793 1040 823 rationabiliter
1053 804 1134 833 prae-

392 846 536 876 sumatur:
555 842 601 871 scd
621 843 645 871 si
666 842 739 872 inter
761 838 913 881 capitulum
935 847 959 872 et
981 842 1133 882 capitulum

392 891 484 930 aliqua
507 892 539 920 de
558 892 710 930 praedictis
732 893 822 920 causis
844 892 1003 929 contigerit,
1026 891 1071 921 vel
1093 902 1136 921 ve-

392 940 549 969 risimiliter
582 940 724 977 timeatur,
748 944 814 969 tunc
838 944 918 979 pater
950 940 1088 978 91³ne7·alis
1110 944 1135 969 et

390 998 522 1027 personae
557 989 592 1018 aa'
628 988 773 1017 tenendum
805 990 949 1028 privatum
981 988 1135 1027 capitulum

392 1038 554 1075 assignatae,
579 1047 645 1076 quas
667 1037 755 1066 dietus
783 1041 863 1076 pater
891 1037 1030 1075 generalis
1052 1037 1086 1066 ad
1107 1047 1135 1067 se

392 1087 421 1115 ob
444 1086 491 1116 hoe
519 1086 605 1125 saciat
629 1088 800 1125 conyregyari,
827 1087 999 1126 praedictam
1029 1087 1134 1125 possint

393 1137 486 1173 facere
502 1135 640 1173 generalis
662 1135 779 1174 capituli
801 1139 886 1164 mutat
895 1137 976 1164 'onem
1008 1135 1034 1164 in
1058 1135 1135 1165 aliud

393 1183 588 1213 monasterium
603 1183 723 1213 ciusdem
743 1182 856 1213 Ordinis
878 1184 912 1212 ad
929 1183 1000 1213 illud
1020 1193 1071 1222 per
1092 1193 1135 1213 eos

392 1231 598 1269 assignandum.
617 1231 672 1260 Aut
694 1232 717 1260 si
738 1233 835 1270 forsan
852 1232 905 1261 sibi
919 1232 1020 1261 melius
1041 1233 1135 1262 ridea-

393 1283 448 1313 tur,
466 1279 596 1309 dilatetur
617 1289 668 1319 per
689 1290 732 1309 eos
754 1281 857 1310 dictum
877 1281 1005 1319 generale
1028 1282 1135 1321 capitu-

394 1327 450 1356 lum
473 1328 506 1357 ad
528 1338 631 1357 annum
646 1333 801 1368 sequentem
817 1329 858 1358 vel
873 1329 952 1358 aliud
970 1330 1133 1367 triennium,

391 1380 474 1415 prout
506 1378 673 1415 neyotiorum
708 1378 853 1407 necessitas
884 1378 927 1407 rel
961 1378 1067 1407 utilitas
1092 1388 1135 1407 eos

393 1425 538 1454 adcluserit
560 1426 755 1455 ordinandum.
779 1426 840 1456 Non
873 1430 964 1455 tarnen
996 1427 1044 1465 fiat
1071 1427 1135 1456 talis

393 1473 500 1511 dilatio,
534 1474 588 1503 nisi.
615 1475 784 1503 consentiant
816 1478 933 1514 quatuor
960 1485 994 1504 e.r
1023 1475 1065 1504 his
1088 1477 1135 1515 qai

394 1527 560 1551 concurrunt
582 1523 609 1551 in
634 1523 693 1561 ipso
708 1523 820 1562 privato
834 1523 965 1562 capitula.
986 1522 1055 1553 Cum
1074 1534 1135 1553 vero

395 1571 551 1600 huiusmodi
582 1572 695 1600 mutatio
725 1581 773 1601 seu
805 1571 901 1602 dilatio
933 1574 1008 1611 facta
1036 1573 1133 1611 suerit,

395 1620 548 1658 notificetur
567 1629 617 1658 per
639 1620 741 1650 eosdem
770 1620 918 1650 dilatantes
942 1622 1085 1660 prioribus
1111 1626 1135 1650 et

395 1668 570 1697 conventibus
591 1670 678 1698 nostri
694 1668 808 1699 Ordinis
829 1674 950 1709 tempore
971 1674 1133 1709 opportuno.

397 1716 472 1751 Quae
493 1717 647 1746 constitutio
662 1722 701 1747 est
723 1718 872 1757 approbata
893 1719 1056 1749 auctoritate
1071 1729 1135 1758 apo-

396 1765 490 1793 stolica
513 1770 641 1803 quantuni
671 1767 706 1795 ad
734 1767 822 1796 Iocum
849 1767 1036 1797 celebrationis
1062 1768 1137 1807 capi-

397 1812 450 1842 tali
470 1813 617 1851 generalis.

635 1898 893 1920 EXTRAVAGANTES.

205 1969 281 2017 ciffi?
295 1970 387 2017 Spicrieiffls
438 1967 457 1989 1.
482 1958 513 1988 In
537 1959 667 1998 quolibet
696 1965 861 1991 nostrorum
892 1961 1136 1992 monasteriorum

205 2023 288 2043 „mmm
317 2023 336 2043 j„
366 2029 387 2043 ο.
399 2007 564 2038 celebretur
597 2009 684 2038 missa
713 2009 840 2048 Spiritus
868 2010 966 2041 Sancti
999 2011 1061 2050 ipsa
1091 2011 1137 2040 die

204 2050 456 2101 ?3‡:R?⁵‹‚13¹'3‹¹‚¹.i{:qua
489 2056 654 2087 celebratur
676 2058 704 2087 in
729 2060 907 2089 monasterio
935 2059 964 2090 S.
988 2059 1138 2090 Bartholo-

204 2105 238 2123 ⁰¹²³
253 2103 353 2123 metm·
399 2105 473 2134 maei
497 2114 549 2144 pro
571 2105 713 2135 electione
740 2107 829 2145 patris
855 2108 1002 2146 generalis
1029 2112 1056 2138 et
1089 2117 1139 2147 pa-

400 2156 478 2182 trum
501 2152 706 2191 definitorum,
731 2163 842 2184 necnon
867 2165 919 2195 pro
942 2155 1067 2194 negotiis
1086 2155 1139 2186 Or-

399 2201 475 2231 dinis
497 2201 526 2231 in
551 2201 628 2232 dicto
661 2202 790 2241 capitulo
821 2204 1001 2234 ordinandis,
1024 2205 1058 2235 Et
1089 2206 1139 2235 du-

400 2254 482 2280 rante
504 2251 632 2290 capitulo
655 2251 785 2289 generali
801 2252 902 2282 saltem
926 2253 976 2283 fiat
997 2254 1026 2283 in
1050 2254 1140 2283 missa

400 2299 520 2328 collecta
544 2303 572 2329 ot
586 2299 752 2339 deprecatio
771 2304 835 2339 post
851 2301 1055 2340 elevationem,
1073 2312 1139 2332 cum

400 2347 582 2377 orationibus
599 2348 845 2388 competentibus,
858 2349 915 2379 nisi
931 2350 1018 2380 suerit
1036 2350 1139 2381 testum

400 2395 518 2435 duplex.

221 2454 296 2474 ‹nncm
312 2453 388 2474 aurem
441 2452 471 2473 ιι.
495 2443 564 2474 Tam
587 2444 714 2483 dignitas
737 2448 765 2475 et
787 2445 916 2476 osticium
940 2446 1032 2485 patris
1053 2456 1140 2485 gene-

207 2481 388 2533 {352¹,ss'23fffi[1132³,1'
401 2493 494 2530 ralis,
529 2503 615 2533 quam
650 2494 761 2534 priores
793 2505 935 2526 novarum
970 2496 1138 2530 domorum,

207 2533 313 2559 generate.
402 2541 577 2579 visitatores,
602 2546 757 2582 ceteraque
774 2544 828 2573 alia
849 2544 943 2574 ot‘ticia
959 2549 1138 2584 ettinunera‚

986 160 1172 186 {inritantem
1199 159 1357 184 ROMANUM

1926 161 1973 190 An.
1994 161 2025 190 C.
2042 161 2111 191 1730

1178 207 1302 246 quaein
1337 208 1474 248 capitulis
1507 209 1693 247 generalibus
1726 209 1917 249 providentur

1177 259 1205 285 et
1227 255 1294 294 eligi
1317 256 1423 295 solent,
1441 257 1547 288 durent
1570 258 1598 288 in
1621 258 1683 288 suis
1705 258 1808 288 officiis
1824 268 1917 298 usque

1177 304 1212 333 ad
1246 304 1313 334 novi
1346 305 1467 345 capituli
1499 307 1646 345 generalis
1675 306 1915 345 celebrationem,

1177 356 1448 393 quantumcumque
1465 355 1573 385 dictum
1598 355 1758 395 capitulum
1782 356 1918 394 generale

1177 409 1212 430 ex
1235 402 1323 431 causa
1346 403 1446 441 pestis,
1471 404 1566 440 famis,
1591 403 1672 441 belli,
1698 404 1741 434 vel
1764 404 1916 442 similium,

1178 453 1209 479 ut
1231 450 1260 480 in
1284 451 1338 480 hac
1361 452 1581 491 constitutione,
1606 453 1817 493 prolongetur:
1842 453 1919 493 quod

1178 499 1354 529 auctoritate
1387 501 1544 540 apostolica
1578 502 1782 532 confirmatum
1813 506 1839 533 et
1869 501 1919 532 ob-

1177 549 1289 578 servari
1314 549 1484 580 mandatum
1503 550 1567 581 suit.

1218 605 1258 626 ιιι.
1284 597 1401 627 Priores
1433 603 1460 628 et
1493 603 1697 638 procuratores
1727 600 1919 631 monasterio·
1957 607 2112 633 Quotemrore

1178 654 1244 675 rum
1267 646 1358 684 magis
1381 647 1552 678 distantium
1569 658 1583 678 a
1605 649 1781 679 monasterio
1805 649 1833 679 S.
1851 649 1918 679 Bar·
1930 636 2112 680 3²¹¹⁵m33331¹ss¹r¹÷¹3

1179 694 1335 725 tholomaei
1358 695 1391 725 ad
1422 696 1582 736 capitulum
1606 697 1743 736 generale
1767 697 1882 727 venturi
1904 687 2113 739 assssiiddisd'ifa'fi‘.

1179 743 1305 782 propriis
1322 745 1509 775 monasteriis
1525 755 1583 775 non
1599 749 1705 776 exeant
1717 749 1783 775 ante
1799 745 1918 776 tertium
1930 739 2002 788 ¹252}st
2014 745 2113 761 κεύθω·

1178 790 1255 820 diem
1278 791 1406 822 Paschae
1426 793 1664 824 Resurrectionis
1686 793 1862 832 dominicae,
1887 798 1919 824 ut

1178 840 1363 878 reperiantur
1386 841 1415 870 in
1439 841 1499 871 suis
1523 842 1709 872 monasteriis
1738 851 1790 882 pro
1812 842 1919 872 hebdo-

1178 888 1260 918 mada
1281 889 1384 920 maiori
1408 894 1436 920 et
1457 891 1644 923 sanctissimo
1674 891 1816 921 Paschate
1842 891 1918 921 cele-

1178 936 1321 974 brandis3
1342 939 1569 978 propinquiores
1592 948 1660 970 vero
1677 939 1838 979 praelibato
1860 949 1921 970 mo-

1177 986 1327 1022 nasterio,
1351 987 1390 1016 ita
1413 987 1563 1018 moderate
1593 988 1740 1028 accipiant
1772 988 1833 1018 dies
1867 997 1918 1028 pro

1177 1033 1283 1064 itinere
1306 1035 1509 1074 necessarios,
1533 1040 1565 1066 ut
1597 1037 1661 1067 sine
1695 1036 1848 1075 vagatione
1881 1037 1917 1067 ad

1177 1082 1289 1113 dictum
1322 1084 1483 1123 capitulum
1515 1085 1653 1123 generale
1676 1085 1839 1122 accedant,
1863 1094 1919 1115 nec

1177 1136 1279 1162 euntes
1301 1137 1351 1162 aut
1373 1134 1555 1163 revertentes
1587 1142 1638 1173 per
1670 1134 1781 1164 curiam
1805 1134 1918 1172 regiam

1177 1181 1335 1211 transitum
1359 1181 1466 1212 saciant
1487 1181 1550 1212 sine
1572 1182 1689 1213 lieentia
1723 1182 1843 1223 speciali
1872 1191 1920 1222 pa-

1178 1229 1229 1260 tris
1251 1230 1408 1268 generalis

1217 1287 1255 1308 ιν.
1285 1278 1314 1309 Si
1345 1279 1496 1318 contingat
1530 1280 1692 1319 capitulum
1726 1280 1863 1319 generale
1889 1279 1919 1310 in
1949 1292 2053 1323 neq—aufe
2065 1297 2113 1323 prq-

1177 1327 1257 1357 aliud
1281 1331 1396 1367 tempus
1413 1337 1479 1358 cum
1496 1331 1623 1367 quatuor
1638 1328 1844 1368 deputatorum
1861 1328 1922 1368 pri·
1931 1322 2113 1367 ἷᾙῇᾚζζῖζυῖἑω

1177 1376 1235 1406 vati
1258 1376 1380 1416 capituli
1404 1386 1550 1407 consensu
1573 1377 1743 1417 prolongari
1762 1377 1798 1407 ob
1818 1386 1921 1408 causas

1177 1425 1206 1454 in
1230 1425 1284 1455 hac
1303 1425 1515 1455 constitutione
1537 1435 1705 1465 expressas,
1730 1426 1752 1455 si
1777 1425 1850 1456 istae
1872 1435 1922 1456 cu-

1178 1473 1296 1503 iuslibet
1319 1474 1463 1504 dictorum
1488 1478 1614 1513 quatuor
1641 1474 1848 1514 deputatorum
1878 1474 1922 1505 iu-

1177 1522 1254 1552 dicio
1277 1521 1459 1552 cessaverint
1482 1527 1613 1561 tempore
1636 1526 1802 1562 opportuno
1818 1527 1846 1553 et
1861 1523 1921 1553 sus-

1178 1570 1287 1601 sicienti
1311 1571 1345 1600 ad
1376 1570 1598 1601 convocandum
1627 1575 1655 1601 et
1683 1571 1920 1610 congregandum

1177 1619 1313 1658 generale
1335 1619 1510 1659 capitulum,
1535 1619 1638 1649 debeat
1665 1624 1693 1649 et
1715 1623 1850 1650 teneatur
1872 1629 1922 1660 pa-

1178 1672 1221 1698 ter
1242 1668 1405 1706 generalis,
1430 1667 1465 1697 ab
1490 1668 1561 1707 ipsis
1584 1668 1629 1698 vel
1652 1668 1782 1708 quolibet
1803 1669 1920 1699 illorum

1178 1716 1349 1756 requisitus,
1371 1717 1592 1756 prolongatione
1609 1717 1685 1747 sacta
1700 1727 1758 1747 non
1775 1717 1919 1754 obstante,

1178 1775 1339 1796 convocare
1372 1770 1401 1795 et
1429 1774 1608 1804 congregare
1640 1765 1750 1796 dictum
1784 1766 1921 1804 generale

1178 1815 1340 1854 capitulum
1352 1818 1485 1854 tempore
1500 1814 1650 1852 designato
1667 1815 1696 1844 in
1713 1815 1922 1845 constitutione

1178 1863 1385 1894 celebrandum
1400 1875 1407 1902 3
1424 1863 1499 1903 quod
1523 1863 1546 1893 si
1569 1864 1701 1894 renuerit
1716 1863 1761 1894 vel
1777 1864 1920 1903 omiserit,

1179 1922 1193 1942 a
1213 1912 1284 1942 dieti
1307 1912 1412 1952 privati
1446 1911 1566 1951 capituli
1600 1912 1749 1951 deputatis
1782 1912 1873 1952 possit
1895 1916 1924 1943 et

1179 1960 1284 1991 debeat
1317 1960 1498 1997 convocari,
1526 1964 1557 1990 ut
1587 1964 1718 2000 tempore
1741 1960 1923 2001 praescripto

1180 2009 1356 2046 celebretur,
1380 2013 1412 2039 ut
1434 2009 1462 2039 in
1486 2009 1695 2039 constitutione
1716 2008 1894 2048 disponitur.

1220 2067 1247 2087 v.
1272 2058 1301 2088 Si
1324 2057 1476 2096 contingat
1498 2057 1699 2096 generalatum
1724 2066 1839 2094 vacare,
1859 2057 1922 2088 exi-

1181 2111 1275 2137 stente
1299 2107 1399 2146 aliqua
1417 2116 1451 2136 ex
1474 2107 1569 2136 causis
1591 2107 1621 2136 in
1638 2106 1691 2136 hac
1713 2106 1923 2136 constitutione

1182 2155 1372 2195 praescriptis
1395 2155 1430 2185 ad
1453 2154 1633 2184 dilatandum
1657 2154 1817 2194 capitulum
1836 2163 1922 2193 gene-

1181 2204 1259 2241 rale,
1294 2208 1343 2234 aut
1376 2212 1439 2233 eam
1471 2203 1565 2242 ipsius
1598 2202 1758 2233 vacationis
1792 2206 1922 2242 tempore

1183 2253 1280 2283 taliter
1302 2252 1435 2282 accidere
1451 2252 1527 2291 quod
1550 2251 1624 2282 duae
1646 2251 1748 2281 saltem
1770 2260 1804 2281 ex
1829 2250 1923 2282 trihus

1183 2301 1314 2340 partibus
1333 2301 1491 2330 electorum
1516 2309 1568 2339 pro
1591 2300 1720 2339 capitulo
1749 2299 1924 2330 intermedio

1183 2350 1400 2388 designatorum
1415 2371 1423 2386 ‚
1451 2349 1545 2379 eidem
1568 2349 1710 2379 interesse
1742 2348 1922 2387 debentium,

1183 2398 1268 2428 citari
1291 2402 1318 2428 et
1341 2397 1509 2435 convocari,
1527 2397 1562 2427 ad
1577 2397 1746 2436 dictumque
1762 2397 1923 2436 capitulum

1184 2447 1227 2477 vel
1251 2457 1302 2486 per
1326 2456 1357 2477 se
1379 2447 1425 2477 vel
1448 2456 1498 2487 per
1520 2456 1588 2477 suos
1617 2450 1823 2486 procuratores
1845 2454 1923 2476 com-

1184 2496 1267 2526 mode
1287 2496 1425 2526 accedere
1448 2500 1613 2535 nequeant3
1630 2499 1711 2535 pater
1734 2494 1860 2525 vicarius
1875 2503 1924 2533 ge-

1183 2544 1290 2575 neralis
1322 2545 1412 2583 possit
1435 2544 1599 2585 capitulum
1627 2544 1771 2584 privatum
1802 2552 1924 2582 congre-

1954 2070 1983 2091 De
1994 2071 2116 2096 generatam

1934 2099 2029 2118 vacante.
