2182 3137
163 205 211 229 Απ.
228 204 258 229 C.
280 203 344 228 1731

186 582 275 611 Statuit,
284 584 306 602 ut
323 588 343 602 in

160 610 252 630 rubrica.

396 195 459 227 ᾖδε)
949 206 1128 229 acmantum
1154 207 1307 231 ROMANUM

359 252 533 295 praecipue
563 255 733 296 pastoralis
765 255 994 288 sollicitudinis
1020 255 1100 297 vigi-

358 305 455 337 lantia
481 306 714 346 incumbimus,
741 313 773 340 ut
800 309 877 340 tanti
910 314 942 341 et
964 314 1025 341 tam
1053 319 1100 340 sa-

358 358 460 390 lubris
486 360 626 402 mysterii
652 369 874 401 monumenta,
894 373 976 405 quae
1002 362 1034 394 in
1061 362 1099 394 ci-

355 411 452 444 vitate
478 413 679 446 Hierusalem
705 419 737 446 et
761 415 842 447 loeis
861 415 1098 447 circumvicinis

355 471 440 503 sunt,
465 472 722 506 conserventur,
755 472 786 499 et
807 468 915 506 omni,
941 478 1004 510 qua
1029 468 1096 501 sieri

355 518 485 559 poterit,
501 519 611 551 maiori
632 519 881 553 honorificentia
900 521 1094 553 recolantur.

400 570 457 612 §l
474 571 551 603 Cum
568 571 677 614 itaque
691 573 771 605 alias
788 573 888 605 felicis
904 574 1099 606 recordatio-

355 623 405 655 nis
421 623 548 657 Urbano
560 625 644 666 Papa
656 625 717 657 VIII
729 627 969 668 praedecessori
985 632 1096 659 nostro

356 677 511 719 exposito,
531 679 616 720 quod
640 680 795 712 ecclesiae
817 686 848 712 et
865 680 927 713 alia
946 681 1016 712 loca
1035 680 1095 722 pia,

355 729 387 761 in
413 730 538 763 civitate
561 731 760 764 Ilierusalem
787 738 819 765 et
844 733 914 766 aliis
932 734 1009 766 locis
1027 733 1098 765 Ter-

355 789 542 816 raesanctae
569 785 746 823 existentia,
768 786 832 818 sere
859 787 964 819 diruta
991 793 1094 826 erant,

355 840 402 875 et,
425 847 507 878 quae
530 836 637 869 adhuc
662 837 705 869 ibi
728 838 910 870 existebant
935 844 1097 872 monaste-

353 889 411 925 ria,
437 900 511 921 aere
538 890 652 928 alieno,
681 891 722 923 ob
748 891 878 934 impiam
904 891 1095 930 Turcarum,

356 942 598 976 baereticorum
624 950 655 976 et
680 945 963 978 schismaticorum
993 951 1098 988 tyran-

356 995 465 1028 nidem
483 1023 490 1035 ,
517 1001 549 1029 et
574 1007 633 1039 pro
659 1003 788 1030 sanctae
815 998 890 1030 fidei
916 999 1095 1030 catholicae

355 1048 385 1079 in
413 1049 458 1080 eis
485 1049 565 1081 locis
583 1051 828 1083 conservatione
847 1056 1026 1087 contracto,
1048 1052 1096 1083 ad-

354 1101 485 1134 modum
527 1107 657 1144 gravata
700 1103 967 1146 reperiebantur,
1010 1105 1094 1136 Ideni

353 1154 502 1186 Urbanus
534 1156 767 1197 praedecessor
796 1157 1011 1199 patriarchis,
1040 1168 1092 1189 ar-

353 1207 583 1251 chiepiscopis,
607 1209 769 1253 episcopis
795 1216 826 1242 et
851 1211 922 1243 aliis
947 1211 1094 1243 locorum

352 1260 542 1300 Ordinariis‚
567 1272 693 1294 necnon
724 1263 875 1295 omnibus
901 1269 933 1295 et
958 1263 1095 1305 singulis

354 1315 541 1356 quorumvis
581 1314 761 1355 Ordinum,
800 1317 1092 1359 congregationum

352 1372 384 1399 et
409 1367 632 1400 institutorum
660 1369 858 1410 regularium
885 1370 1094 1411 generalibus

353 1420 555 1453 commiserit
577 1427 607 1453 et
635 1422 844 1463 mandaverit,
864 1429 898 1455 ut
923 1423 962 1455 ad
988 1424 1093 1455 miuus

352 1473 480 1505 duabus
497 1474 620 1507 vicibus
642 1476 789 1518 quolibet
815 1486 910 1515 anno,
930 1477 1092 1509 Adventus

352 1531 382 1557 et
408 1525 679 1569 Quadragesimae
706 1529 919 1571 temporibus,
946 1534 1008 1562 tam
1035 1541 1094 1573 per

350 1580 440 1611 verbi
467 1580 522 1612 Dei
552 1581 797 1624 praedicatores
829 1582 862 1614 in
895 1583 960 1615 suis
993 1584 1093 1616 sacris

353 1633 576 1672 concionibus,
600 1645 694 1676 quam
714 1635 744 1667 in
764 1636 944 1668 actionibus
971 1642 1002 1668 et
1028 1637 1093 1669 sun-

350 1686 511 1719 ctionibus
544 1688 702 1729 publicis,
727 1689 939 1722 necessitates
965 1701 1093 1723 eorum-

348 1739 421 1771 dem
447 1749 613 1772 sacrorum
647 1747 932 1774 monumentorum
966 1745 1114 1786 populo*

346 1793 493 1835 proponi
519 1799 550 1825 et
574 1795 798 1827 commendari
825 1802 978 1828 curarent
1003 1802 1033 1828 et
1053 1797 1092 1829 sa-

347 1851 468 1885 cerem,
494 1851 525 1878 et
550 1846 641 1886 alias,
667 1852 765 1889 prout
791 1847 821 1879 iu
848 1848 949 1890 ipsius
973 1849 1090 1881 Urbani

346 1899 611 1940 praedecessoris
637 1900 755 1933 litteris
779 1901 920 1944 desuper
945 1903 1089 1936 insimili

347 1951 451 1984 forma
476 1953 586 1985 Brevis
613 1953 664 1986 die
690 1964 725 1987 ul
750 1954 905 1987 februarii
931 1966 1090 1990 nncxxxtv

348 2005 520 2047 expeditis,
535 2017 670 2049 quarum
691 2012 838 2040 tenorem
853 2019 914 2051 pro
932 2019 1090 2052 expresso

346 2058 461 2090 haberi
487 2060 648 2099 volumus,
671 2060 804 2093 uberius
831 2062 1028 2103 eontinetur;
1048 2069 1090 2102 et,

347 2111 431 2143 sicut
467 2122 526 2155 pro
562 2118 653 2155 parte
690 2113 799 2146 dilecti
822 2113 878 2147 filii
904 2115 1089 2149 Emanuelis

347 2163 536 2197 Fernandez
562 2165 613 2197 del
639 2165 698 2198 Rio
725 2167 856 2199 lectoris
880 2168 1016 2208 iubilati,
1038 2179 1091 2201 ex-

348 2217 515 2250 secretarii
543 2218 705 2260 generalis
731 2218 859 2251 Ordinis
887 2220 1018 2253 fratrum
1036 2221 1090 2252 Mi-

348 2281 465 2303 norum
492 2271 594 2303 sancti
620 2271 780 2304 Francisci
815 2273 854 2304 de
879 2273 1089 2306 Observantia
1110 2278 1112 2304 t

349 2330 612 2366 nuncupatorum
639 2330 671 2356 et
686 2324 717 2356 in
737 2325 878 2357 Romana
895 2325 989 2358 Curia
1007 2337 1090 2359 com-

347 2377 484 2409 missarii
502 2383 534 2409 et
547 2378 770 2420 procuratoris
782 2379 943 2420 generalis
955 2379 1089 2411 Terrae—

345 2435 491 2468 sanetae,
529 2430 624 2462 nobis
661 2441 766 2474 nuper
801 2431 983 2474 expositum
1010 2432 1110 2472 suit„

347 2483 430 2524 ipse,
458 2493 523 2525 quo
550 2484 717 2526 praefatae
744 2484 863 2516 Urbani
897 2486 1090 2527 praedeees-

348 2536 430 2568 soris
457 2537 595 2576 litterae,
616 2547 697 2579 quae
715 2547 732 2569 a
752 2538 948 2571 recolendae
970 2549 1091 2571 memo-

348 2589 414 2621 riae
447 2588 637 2622 Innocentio
664 2590 706 2627 X,
732 2590 898 2624 Clemente
924 2591 968 2632 X,
996 2591 1089 2625 Inno-

1143 256 1250 288 centio
1265 256 1315 296 xt,
1333 257 1516 290 Alexandro
1531 259 1603 299 VIII,
1617 259 1803 293 Innocentio
1817 261 1881 299 XII,

1142 308 1307 341 Clemente
1333 310 1390 347 xt,
1415 310 1607 345 Innocentio
1632 313 1698 346 XIII
1724 319 1755 346 et
1780 314 1882 346 Bene-

1143 360 1228 393 dicto
1262 362 1327 394 XIII
1361 362 1515 396 Romanis
1550 365 1759 398 Pontificibus
1795 367 1882 409 pari-

1143 418 1191 444 ter
1204 415 1514 457 praedecessoribus
1530 418 1648 451 nostris
1667 418 1880 452 confirmatae

1143 465 1282 506 suerunt,
1309 469 1450 501 exactius
1477 470 1701 510 observentur,
1726 472 1797 504 illas
1821 482 1882 515 per

1141 528 1199 550 nos
1227 520 1322 552 etiarn
1349 521 1531 554 confirmari
1559 529 1588 555 et
1615 523 1761 557 innovari
1795 524 1881 557 desi-

1142 571 1249 604 deret:
1268 584 1335 613 nos,
1363 576 1551 608 eorumdem
1577 587 1740 609 sacrorum
1766 588 1882 610 monu-

1142 631 1324 658 mentorum
1344 629 1582 661 conservationi
1599 635 1629 662 et
1644 631 1881 663 manutentioni

1142 678 1315 711 consulere
1356 681 1522 720 volentes,
1565 683 1724 725 praefatas
1762 683 1880 715 Urbani

1142 732 1404 773 praedecessoris
1429 735 1564 773 litteras,
1585 736 1763 778 apostolica
1779 741 1881 768 aucto-

1142 784 1245 823 ritate,
1267 791 1379 818 tenore
1398 788 1633 830 praesentium,
1653 789 1880 822 confirmamus

1142 838 1263 879 pariter
1288 844 1319 870 et
1344 840 1570 882 approbamus,
1597 841 1733 884 illasque
1755 842 1883 875 innova-

1141 900 1211 922 mus
1240 896 1272 923 et
1297 892 1462 925 observari
1489 894 1693 927 mandamus.
1726 895 1881 928 Volumus

1141 947 1258 980 autem,
1283 949 1318 975 ut
1342 946 1558 987 patriarchae,
1586 948 1824 991 archiepiscopi
1850 953 1882 981 et

1141 996 1284 1039 episcopi
1318 999 1477 1040 praedicti
1518 1000 1549 1031 in
1590 1001 1748 1034 relatione
1779 1007 1881 1035 status

1141 1049 1354 1082 ecclesiarum
1379 1060 1525 1091 suarum,
1553 1054 1681 1095 quando
1706 1054 1882 1088 visitabunt

1141 1100 1251 1134 limina
1284 1105 1506 1145 apostolorum
1545 1106 1709 1146 facienda,
1736 1107 1881 1139 reserant

1139 1164 1173 1186 se
1208 1156 1361 1197 praefatis
1394 1157 1513 1190 Urbani
1552 1160 1814 1201 praedecessoris
1850 1166 1882 1193 et

1138 1209 1369 1249 praesentibus
1401 1211 1520 1243 nostris
1557 1212 1672 1244 litteris
1709 1213 1880 1255 paruisse;

1138 1262 1308 1295 contrariis
1342 1274 1407 1296 non
1442 1265 1645 1297 obstantibus
1672 1267 1882 1309 quibuscum-

1138 1325 1215 1357 que.

1181 1368 1195 1410 ἕ
1221 1368 1252 1401 02.
1281 1369 1433 1402 Volumus
1454 1371 1589 1414 insuper
1620 1378 1655 1404 ut
1691 1374 1879 1407 earumdem

1138 1422 1360 1463 praesentium
1388 1425 1611 1467 transumptis,
1632 1427 1726 1458 etiam
1749 1426 1881 1470 impres·

1137 1473 1200 1512 sis,
1228 1486 1325 1508 manu
1353 1477 1488 1510 alicuius
1513 1479 1632 1510 notarii
1658 1479 1779 1522 publici
1805 1481 1881 1513 sub-

1137 1528 1276 1571 scriptis,
1299 1533 1330 1562 et
1350 1529 1458 1572 sigillo
1484 1541 1643 1574 personae
1669 1532 1702 1565 in
1729 1534 1880 1566 ecclesia-

1136 1581 1213 1613 stica
1241 1582 1397 1624 dignitate
1423 1584 1619 1617 constitutae
1646 1586 1799 1625 munitis,
1831 1597 1881 1620 ea-

1136 1633 1208 1666 dem
1223 1645 1356 1677 prorsus
1372 1636 1450 1669 sides
1466 1637 1669 1677 adhibeatur,
1684 1649 1767 1681 quae
1784 1650 1879 1682 prae-

1135 1687 1279 1719 sentibus
1306 1688 1384 1730 ipsis
1407 1689 1620 1722 adhiberetur
1644 1691 1668 1722 si
1694 1691 1801 1724 forent
1827 1703 1880 1725 ex-

1137 1740 1259 1772 hibitae
1280 1742 1327 1773 vel
1353 1747 1514 1774 ostensae.

1179 1792 1291 1825 Datum
1319 1794 1450 1829 Romae.
1471 1795 1556 1836 apud
1574 1795 1605 1828 S.
1629 1795 1759 1829 Mariam
1781 1796 1880 1830 Maio-

1135 1855 1216 1882 rem,
1242 1846 1302 1877 sub
1328 1847 1449 1879 annulo
1477 1848 1661 1888 piscatoris,
1688 1849 1738 1882 die
1765 1861 1809 1883 ΧΠ
1834 1861 1881 1883 se-

1134 1899 1293 1940 ptembris
1325 1910 1507 1939 mcccxxxl,
1535 1901 1742 1943 pontificatus
1775 1904 1877 1936 nostri

1134 1961 1218 1984 anno
1244 1962 1278 1984 11.

1169 2012 1231 2038 Dat.
1251 2013 1296 2038 die
1313 2013 1344 2039 4⁶2
1360 2014 1526 2048 septembris
1547 2016 1625 2049 1731,
1643 2017 1741 2051 pontif.
1759 2025 1832 2043 anno
1849 2024 1877 2045 u.

1387 2069 1419 2101 F.
1445 2070 1620 2103 cardinalis
1646 2071 1830 2105 Ottventus.

1441 2240 1570 2272 XLVIII.

1132 2327 1303 2360 Nonnulla

1175 2391 1233 2422 pro
1258 2381 1419 2422 reglimiue
1453 2382 1599 2414 nationis
1625 2382 1876 2416 Germano-Bel-

1174 2433 1284 2474 qicae,
1311 2444 1579 2477 nummorumque
1605 2436 1872 2478 provinciarum,

1177 2486 1314 2519 Ordinis
1327 2487 1468 2529 fratrum
1481 2487 1645 2520 Miuorum
1658 2489 1765 2521 saneti
1771 2489 1875 2522 Fran-

1176 2540 1253 2571 εἰδοί
1274 2541 1432 2582 regularis
1453 2540 1684 2580 observantiae,
1703 2541 1878 2574 nonnullis

1175 2596 1340 2635 praetcrea
1371 2593 1533 2634 sublatis,
1564 2604 1647 2637 quae
1678 2595 1715 2627 in
1735 2594 1875 2627 Benedi-

1885 213 1937 238 An.
1954 213 1983 239 C.
2007 213 2074 240 1732

1942 1385 2005 1406 Fides
2021 1388 2081 1408 tran-

1892 1414 2031 1438 sumptorum.

1354 2327 1568 2361 declarantur
1606 2340 1643 2361 oc
1683 2334 1881 2364 statuuntur
