2182 3137
227 167 279 194 An.
294 166 322 194 c.
344 167 412 194 1730
458 158 522 191 130

418 226 481 245 cum
502 217 707 246 continuatione
725 216 835 245 dierum
857 216 1031 254 sequentium
1053 216 1088 244 ad
1109 216 1164 245 ele-

418 265 534 294 ctionem
552 264 743 293 celebrandam
765 264 858 301 futuri
884 264 1001 302 prioris.
1034 262 1088 299 Qui
1110 268 1164 293 ter-

419 313 511 342 minus
539 315 574 341 sit
603 313 641 341 ita
669 317 831 351 competens,
863 313 933 350 quod
962 312 1092 347 absentes,
1116 313 1164 351 qui

418 371 510 390 vocem
533 361 630 390 liabent
653 363 683 389 in
705 360 875 395 elertionem,
894 361 968 390 ultra
983 361 1165 400 vigintiquin-

418 420 469 448 que
490 410 581 438 leucas
603 409 635 439 ab
656 410 714 448 ipso
742 410 907 439 monasterio
936 419 989 438 non
1019 410 1160 446 distantes,

419 459 502 487 citari
523 463 547 487 ct
570 459 664 487 venire
685 458 821 487 commode
842 458 962 495 valeant,
990 459 1164 487 consideratii

417 517 602 546 personarum
623 511 647 535 et
671 508 801 546 temporis
825 507 969 546 qualitate.
988 507 1078 536 Dictos
1100 517 1164 537 vero

418 557 540 585 absentes
555 565 673 594 conyruo
687 560 807 594 tempore
823 557 855 585 de
877 556 939 592 ipsa
960 557 1111 591 vacatione,
1133 566 1164 585 ac

420 605 455 634 ad
476 605 665 634 celebrandam
687 604 845 633 electionem
875 606 988 634 termini
1015 605 1164 643 praefixio-

420 664 464 692 ne,
487 655 608 683 vicarius
639 658 664 682 et
697 654 747 682 ulii
778 653 906 683 electores
934 659 1093 693 praesentes
1112 663 1164 692 per

419 714 482 733 suas
504 704 609 733 litteras
628 708 752 742 patentes
782 704 932 742 certificent
958 708 1038 742 atque
1067 704 1161 740 citent,

420 755 449 782 ut
471 753 515 782 die
542 753 662 791 hortique
692 752 826 791 praeficis
857 761 920 780 eum
953 753 991 781 eis
1023 751 1164 780 collectori

418 803 603 835 conveniant,·
637 801 817 839 certificantes
851 800 928 834 illos,
954 800 1022 838 quod
1055 801 1078 829 si
1110 809 1164 828 non

419 850 565 885 venerint,
590 850 711 887 ipsorum
734 848 855 877 absentia
886 858 937 877 non
962 848 1082 877 obstante
1098 871 1105 885 ,
1130 858 1161 876 ae

419 899 458 928 cis
481 899 598 927 ulterius
621 908 673 926 non
695 898 807 931 vocatis,
832 898 940 926 etiamsi
958 898 992 926 ad
1008 897 1095 925 alium
1110 901 1164 925 ter-

420 949 526 977 minum
561 948 649 985 suerit
684 946 778 975 electio
814 951 962 984 proroyatu
977 969 983 981 ‚
1005 948 1164 984 praesentes

418 997 563 1035 procedent
596 996 630 1023 ad
662 995 841 1028 electionem,
865 999 889 1023 et
912 995 974 1023 inde
1007 994 1041 1023 ud
1073 1003 1163 1022 omncs

419 1049 495 1074 actus
517 1044 711 1076 consoeutieos,
736 1052 873 1081 quousque
898 1044 932 1070 sit
961 1042 1054 1070 electio
1083 1051 1164 1070 cano-

420 1095 480 1122 nice
511 1093 686 1131 confirmata.
722 1091 821 1119 Habita
854 1101 916 1119 vcro
947 1090 1080 1119 relatione
1111 1090 1164 1129 fide

420 1142 514 1179 digna,
533 1140 651 1178 qztaliter
668 1139 824 1168 huiusmodi
839 1139 947 1167 litterae
962 1139 1069 1177 fuerint
1082 1148 1163 1176 prae-

420 1190 501 1218 dietis
522 1188 676 1217 absentibus
696 1187 853 1226 publicatae
876 1191 901 1215 et
923 1187 1017 1220 lectae,
1041 1187 1164 1224 dictoque

420 1239 536 1267 termino
558 1240 710 1270 transacto,
736 1239 760 1265 et
780 1236 970 1274 praesentibus
993 1236 1164 1274 confirmato-

420 1287 497 1316 ribus
518 1286 695 1325 supradietis,
713 1289 858 1323 antequam
881 1285 915 1313 acl
937 1284 1112 1313 tractandum
1132 1284 1164 1312 de

420 1336 482 1375 ipsa.
513 1335 643 1364 electione
673 1334 842 1372 procedant,
868 1334 951 1362 missa
982 1332 1111 1361 solemnis
1133 1332 1165 1360 de

420 1384 531 1423 Spiritu
553 1383 652 1413 Sancto
683 1382 899 1411 conventualiter
931 1381 1105 1415 celebretur,·
1133 1381 1164 1409 in

420 1443 473 1472 qua
504 1433 613 1471 quidem
644 1432 739 1467 missd,
763 1435 787 1460 et
808 1431 873 1459 dum
906 1430 1059 1459 celebratur
1091 1430 1162 1468 ipsa,

420 1492 511 1511 omnes
534 1491 564 1510 ac
592 1480 697 1518 singuli
728 1484 887 1519 praesentes
919 1480 1045 1508 inomcclii
1077 1479 1165 1508 Deum

421 1531 564 1560 humiliter
602 1530 805 1568 deprecentur,
847 1532 980 1566 quatenus
1016 1528 1165 1557 secundum

421 1589 547 1618 magnam
572 1578 791 1607 misericordiam
813 1586 890 1605 suam
913 1578 952 1606 sic
974 1587 1016 1605 eos
1038 1578 1165 1615 dignetur

421 1629 595 1665 illuminare,
617 1631 697 1664 atque
719 1625 813 1655 taliter
834 1626 1009 1663 concordare,
1034 1626 1104 1664 quod
1126 1630 1166 1655 ta-

421 1677 473 1706 lem
507 1676 558 1705 sibi
588 1679 725 1714 pastorem
756 1674 873 1712 eligant,
905 1675 952 1712 qui
984 1675 1013 1703 in
1042 1675 1166 1704 omnibus

421 1729 509 1755 teneat
531 1725 603 1753 viam
622 1723 684 1752 Dei.
719 1722 867 1751 Praedictti
898 1723 989 1760 itaque
1018 1724 1112 1760 missa,
1137 1727 1167 1752 ut

418 1775 619 1814 praemittitur,
644 1772 791 1809 celebratti,
815 1776 839 1800 et
862 1773 892 1800 in
914 1781 961 1800 suo
976 1771 1098 1810 capitulo
1124 1772 1165 1801 uel

423 1823 478 1852 alio
501 1822 606 1852 decenti
629 1821 684 1850 loco
701 1822 841 1850 uniuersis
858 1821 997 1850 monachis
1013 1822 1166 1850 constitutis

422 1873 451 1901 in
473 1873 561 1900 sacris
592 1870 789 1909 capitulariter
821 1871 991 1909 conqreqatis
1006 1893 1013 1906 ,
1033 1880 1065 1899 ac
1084 1881 1167 1909 prae-

422 1921 542 1950 sentibus
564 1919 800 1958 confirmatoribus
822 1920 991 1957 saepedicti&
1010 1929 1081 1948 unus
1102 1929 1165 1948 eon-

421 1970 593 2008 firmalorum
615 1972 677 1997 ante
700 1969 790 1997 omnia
822 1969 939 2006 incipiat
960 1968 1101 2006 psalmum
1123 1968 1165 1998 Ad

423 2022 451 2048 te
473 2018 590 2054 levavi,
615 2027 693 2056 quem
726 2026 817 2045 omnes
847 2017 975 2046 monachi
1006 2018 1041 2046 ad
1072 2018 1166 2047 choros

420 2068 568 2106 perficiant
600 2075 661 2094 cum
684 2065 780 2095 Gloria
804 2065 900 2103 Patri,
924 2065 1011 2104 Kyrie
1034 2066 1163 2104 eleyson,

421 2115 536 2145 Christe
558 2114 688 2153 eleyson,
712 2114 799 2143 Pater
820 2118 940 2150 nostem
968 2114 1064 2143 deinde
1084 2125 1166 2153 prae-

421 2165 510 2193 dictus
531 2164 706 2202 confirmator
728 2163 811 2199 dicat,
831 2163 864 2192 Et
881 2172 916 2192 ne
932 2172 1005 2200 nos3
1027 2165 1163 2202 monaehi,

423 2212 478 2243 Sed
504 2212 608 2241 libera.
632 2211 666 2251 ψ.
690 2212 790 2241 Salvos
813 2212 857 2240 fac
885 2221 994 2241 servos,
1026 2213 1058 2251 15¹.
1090 2213 1164 2242 Deus

423 2271 517 2291 meus.
536 2260 567 2300 ᾖ.
581 2261 661 2290 Mitte
677 2260 772 2298 nobis,
787 2260 919 2290 Domine.
938 2262 971 2300 η’.
989 2261 1022 2290 Et
1036 2262 1070 2291 de
1086 2261 1163 2291 Sion.

424 2310 457 2349 μί’.
482 2310 558 2339 Nihil
586 2309 729 2348 proficiat.
758 2311 791 2348 η’.
819 2309 853 2338 Et
879 2309 956 2339 silius
986 2309 1161 2349 iniquitati&

424 2358 607 2398 yl.I)0n1ine,
625 2358 741 2387 exaudi.
760 2358 898 2387 Dominus
914 2357 1075 2387 vobiscum.
1096 2358 1164 2389 Ore-

421 2416 498 2436 mus.
514 2407 687 2444 Praetende,
703 2406 835 2444 Domine,
853 2406 969 2436 famulis
993 2406 1048 2436 tuis
1066 2407 1165 2438 dexte-

423 2463 485 2484 ram
508 2455 623 2484 celestis
645 2455 769 2493 auxilii,
794 2459 826 2484 ut
848 2459 875 2484 te
898 2459 959 2484 toto
986 2456 1073 2485 corde
1100 2466 1164 2495 per-

423 2503 551 2542 quirant,
581 2507 609 2533 et
639 2513 713 2542 quae
735 2504 822 2541 digne
850 2504 998 2543 postulant
1020 2506 1162 2544 consequi

423 2556 600 2582 mereantur.
617 2552 671 2582 Per
686 2553 832 2583 Christum
848 2553 999 2583 dominum
1018 2558 1162 2584 nostrum.

1001 168 1182 191 BULLARIUM
1207 168 1363 192 ROMANL'M

1205 216 1241 245 Et
1262 217 1338 246 illico
1361 227 1432 247 unus
1453 218 1486 247 de
1507 219 1755 257 confirmatoribus,
1772 219 1797 248 si
1813 219 1866 247 sibi
1884 218 1948 257 pla-

1206 266 1305 302 cuerit,
1329 269 1377 295 aut
1408 267 1509 296 viderit
1542 268 1683 305 expedire,
1707 268 1794 306 faciat
1825 266 1949 305 aliquam

1206 314 1421 343 exhortationem
1444 314 1593 351 salubrem,
1611 315 1797 344 interserendo
1819 315 1948 354 quomodo

1206 362 1301 391 electio
1328 363 1391 402 fieri
1417 367 1504 402 potest
1525 367 1550 392 et
1572 363 1647 392 debet
1670 368 1699 392 ut
1720 364 1850 392 canonice
1879 362 1949 392 cele-

1207 411 1311 449 bretur,
1335 416 1359 440 et
1380 412 1410 440 in
1436 413 1495 440 eius
1523 411 1701 441 celebratione
1729 411 1761 441 ab
1789 411 1950 440 electoribus

1204 460 1379 498 procedatur.
1404 459 1521 498 Moxque
1543 461 1627 489 iidem
1646 460 1851 498 confirmatores
1867 469 1950 498 prae-

1205 508 1291 537 dictos
1312 508 1440 537 electores
1457 508 1599 537 hortentur
1615 509 1644 537 in
1660 508 1776 538 Domino
1786 520 1796 542 ,·
1813 512 1838 537 et
1855 508 1947 542 etiam,

1206 558 1230 586 si
1253 559 1415 596 oportuerit,
1439 558 1540 586 eisdem
1568 558 1730 586 auctoritate
1759 556 1877 596 capituli
1903 566 1949 594 ye-

1208 606 1314 635 neralis
1334 607 1519 644 praecipiant,
1544 610 1572 635 ut
1594 606 1742 635 secundum
1759 606 1848 635 Deum
1869 605 1951 635 talem

1204 664 1352 694 personam
1375 655 1477 692 eliqant
1493 655 1522 683 in
1535 655 1673 693 priorem,
1688 664 1768 692 quae,
1791 655 1869 683 iaxta
1890 655 1950 692 fra-

1204 704 1341 741 yilitalem
1372 704 1520 732 humanam
1535 727 1541 737 ‚
1565 705 1639 737 vitei,
1664 703 1781 732 scientici
1813 705 1837 731 et
1864 706 1951 732 aetate

1207 753 1281 791 apud
1313 762 1404 781 omncs
1436 753 1519 789 digna
1550 755 1575 780 et
1608 752 1706 780 idonea
1737 754 1881 790 reputetur
1916 752 1952 780 ad

1204 803 1363 840 prioratum
1393 801 1549 830 huiusmodi
1576 801 1797 838 qubernandum.
1821 798 1952 829 Ser-vent-

1184 878 1186 892 ,
1207 860 1258 888 que
1279 851 1389 878 omnino
1418 849 1546 878 electores
1567 850 1599 878 de
1621 850 1779 877 necessitate
1809 858 1892 877 unum
1919 849 1951 877 de

1206 899 1304 937 formis
1327 900 1405 937 infra
1429 900 1458 926 ln
1480 898 1672 926 constitutione
1694 898 1819 935 sequenti
1841 898 1951 926 notatis.

1212 947 1302 976 Talem
1336 947 1418 975 etiam
1449 956 1596 985 personam
1628 946 1659 974 de
1692 956 1719 974 se
1748 946 1828 984 ipsis,
1851 949 1899 974 aut
1920 945 1952 974 de

1209 995 1313 1025 Ordine
1346 999 1436 1024 nostro
1468 995 1496 1023 in
1527 995 1647 1033 priorem
1670 994 1794 1032 eliquat,
1818 1004 1886 1032 quae
1916 994 1951 1023 sit

1207 1044 1332 1073 sacerdos
1353 1043 1397 1072 rel
1420 1044 1449 1072 in.
1471 1043 1545 1072 brevi
1566 1052 1623 1072 esse
1643 1044 1740 1081 possit,
1758 1046 1782 1071 et
1804 1052 1873 1081 quae
1895 1043 1952 1071 iam.

1208 1093 1237 1121 in
1270 1096 1359 1120 nostro
1389 1091 1493 1121 Ordine
1524 1100 1576 1129 per
1609 1092 1761 1120 triennium
1793 1091 1827 1119 ad
1859 1092 1952 1121 minus

1205 1144 1347 1181 professus
1369 1142 1504 1170 ea‘titerit.

1248 1190 1335 1220 Porro
1357 1190 1381 1218 si
1403 1189 1531 1218 electores
1550 1199 1602 1227 per
1630 1190 1703 1218 viam
1732 1189 1872 1223 scrutinii,
1895 1189 1953 1217 siae

1205 1249 1257 1278 per
1282 1241 1355 1267 uiam
1376 1239 1491 1267 nzictam
1514 1247 1547 1266 eos
1569 1238 1761 1276 compromisso
1779 1242 1804 1266 et
1818 1237 1953 1266 scrutinio

1207 1288 1294 1317 velint
1322 1289 1352 1316 in
1379 1287 1508 1316 electione
1535 1287 1690 1325 procedere,
1720 1286 1857 1322 volumus,
1882 1286 1953 1324 quod

1208 1338 1237 1366 in
1270 1336 1447 1375 inquisitione
1477 1339 1600 1364 votorum
1630 1336 1837 1374 confirmatores
1869 1334 1953 1363 simul

1208 1395 1269 1415 cum
1301 1384 1500 1413 scrutatoribus
1530 1384 1586 1412 sint
1615 1387 1785 1422 praesentes.
1820 1381 1897 1418 Quod
1928 1384 1954 1412 si

1209 1434 1293 1463 iidem
1315 1433 1522 1472 confirmatores
1540 1433 1668 1466 viderint,
1693 1432 1763 1470 quod
1783 1431 1878 1460 electio
1899 1441 1953 1460 non

1208 1483 1296 1511 debito
1317 1482 1395 1510 modo
1415 1481 1549 1520 procedit,
1567 1481 1673 1519 possint
1695 1481 1720 1509 ei
1743 1480 1825 1509 libere
1843 1485 1953 1509 contra-

1208 1531 1308 1564 dicere,
1344 1529 1559 1567 electoribusque
1592 1529 1737 1562 mandare,
1763 1532 1792 1557 ut
1823 1528 1953 1557 electione

1208 1579 1259 1607 illa
1285 1579 1384 1607 omissa
1412 1578 1497 1606 aliam
1525 1578 1685 1606 canonicam
1707 1576 1859 1614 celebrent,
1881 1577 1952 1606 sicut

1209 1628 1314 1657 debent.
1337 1627 1479 1657 Celebrate
1497 1636 1559 1656 vero
1582 1626 1713 1655 electione
1734 1626 1875 1662 canonice,
1891 1635 1954 1655 mox

1209 1687 1243 1706 exv
1262 1681 1344 1716 parte
1365 1676 1560 1705 monachorum
1592 1685 1684 1704 coram
1716 1674 1953 1714 confirmatoribus

1209 1726 1302 1760 eleeto,
1327 1726 1351 1754 si
1371 1734 1502 1764 praesens
1524 1725 1622 1762 fuerit,
1647 1723 1831 1762 supplicetur,
1849 1727 1879 1752 ut
1899 1723 1954 1752 ele-

1209 1775 1294 1803 ctioni
1314 1774 1474 1812 praedictae
1495 1773 1657 1802 consentiat.
1685 1772 1783 1801 Habito
1811 1776 1903 1801 autem
1923 1773 1954 1801 in

1211 1823 1332 1861 capitulo
1354 1822 1388 1851 ad
1411 1822 1458 1851 lioc
1472 1826 1632 1859 conqreyato
1646 1821 1725 1851 electi
1738 1831 1883 1858 consensu,
1900 1825 1954 1850 sta-

1209 1873 1258 1901 tim
1281 1872 1382 1901 electus
1414 1872 1448 1900 ad
1479 1871 1593 1900 eliorum
1625 1871 1765 1900 monachis
1793 1870 1833 1900 Te
1862 1870 1954 1900 Deum

1209 1921 1363 1951 laudamus
1391 1920 1554 1949 alternatim
1585 1920 1773 1954 cantantibus,
1797 1919 1955 1949 solemniter

1207 1970 1328 2008 pluviali
1351 1970 1465 1998 indutus
1487 1969 1637 1998 deducatur
1665 1974 1690 1998 et
1718 1969 1902 1998 ‘intronizetur
1924 1970 1955 1998 in

1209 2020 1270 2048 sede
1289 2020 1405 2057 prioris.
1438 2017 1514 2053 Quod
1545 2019 1570 2047 si
1601 2020 1698 2057 forsan
1728 2017 1829 2047 electus
1854 2021 1955 2047 renuat

1209 2069 1371 2102 consentire,
1395 2068 1419 2096 si
1441 2068 1550 2106 quidem
1572 2068 1666 2096 domus
1694 2068 1783 2106 ipsius
1810 2069 1954 2106 professus

1209 2118 1341 2154 estiterit,
1362 2117 1567 2155 confirmatores
1579 2126 1631 2154 per
1646 2116 1767 2155 aliquem
1781 2116 1826 2146 vel
1848 2116 1954 2156 aliquos

1208 2167 1359 2204 deputatos,
1383 2165 1543 2202 eligentium
1559 2166 1667 2193 nomine
1682 2165 1821 2203 requisiti,
1835 2167 1951 2204 possint,

1208 2217 1233 2244 si
1259 2214 1388 2253 expedire
1410 2214 1547 2251 viderint,
1571 2223 1623 2252 per
1646 2214 1815 2244 obedientiae
1839 2224 1954 2253 praece-

1205 2267 1297 2301 ptum,
1321 2266 1369 2291 aut
1389 2263 1680 2291 eccommunieationis
1701 2263 1881 2301 sententiam,
1906 2269 1953 2293 aut

1208 2311 1265 2340 alia
1291 2312 1414 2340 remedia
1446 2315 1600 2350 opportuna
1631 2311 1746 2341 electum
1776 2312 1950 2351 compellere,

1208 2365 1237 2389 ut
1252 2370 1332 2389 suum
1346 2364 1467 2399 praestet
1482 2360 1610 2389 electioni
1624 2369 1796 2390 consensum.
1816 2360 1848 2390 Si
1861 2365 1953 2392 tamen

1207 2409 1307 2438 electus
1330 2409 1446 2438 alterius
1467 2409 1628 2438 monasterii
1656 2410 1692 2438 sit
1714 2411 1867 2448 professus,
1889 2419 1953 2448 pos-

1206 2462 1270 2487 sunt
1301 2458 1505 2497 confirmatores
1537 2458 1695 2487 huiusmodi
1726 2458 1809 2487 electo
1840 2468 1952 2488 consen-

1206 2507 1293 2536 tiendi
1314 2511 1339 2536 et
1361 2507 1523 2536 transeundi
1545 2507 1661 2536 liberam
1689 2507 1811 2536 tribuere
1832 2507 1952 2546 faculta-

1205 2559 1267 2594 tem,
1288 2555 1344 2585 nisi
1366 2555 1431 2584 talis
1453 2555 1554 2585 electus
1576 2556 1606 2585 in
1628 2556 1814 2593 monasterio,
1838 2555 1885 2585 ubi
1907 2565 1950 2586 re-

1951 170 2006 196 An.
2021 169 2052 197 c.
2073 170 2141 204 1730

2161 971 2175 981 α,

2168 994 2174 1006 h

2156 1023 2176 1072 εἰ

2158 1080 2175 1127 b

2147 1134 2182 1243 ὲ.

1971 1203 2144 1226 Gonfirmatorum

1963 1230 2083 1251 facultates.
2180 1234 2182 1239 ·

2153 1238 2179 1367 t

2152 1369 2173 1417 ἐ
