2182 3137
64 212 122 240 An.
133 210 165 238 C.
187 208 256 236 ¹730

898 207 1039 230 CLEMENS
1067 208 1112 231 ΧΠ
1137 209 1187 231 ΡΡ.

259 257 368 295 gentius
388 256 429 286 vel
450 266 574 286 excessus
594 256 718 294 publicos
740 255 781 284 vel
804 254 930 289 occultos,
946 263 1011 291 gra-

262 315 309 335 ves
330 310 378 335 aut
410 305 503 342 leves,
537 304 624 333 ullam
644 313 791 343 personam
819 304 848 332 in
875 302 1011 340 singulari

263 355 390 390 notando,
412 358 605 393 praeterquam
622 352 744 385 illorum,
764 352 811 390 qui
827 352 931 389 reperti
949 352 1012 388 fue-

263 405 323 432 rint
338 401 537 440 incorrigibiles
552 401 583 429 de
598 400 774 438 negligentiis
793 399 836 428 rel
858 399 1012 428 excessibus

263 461 318 481 non
338 450 462 485 occultis,
495 449 527 478 de
559 449 656 487 quibus
688 448 860 485 scandalum,
892 447 1012 477 turbatio

264 503 312 528 aut
338 498 443 527 malum
470 497 627 536 exemplum
655 496 795 525 monacbis
816 497 851 525 sit
874 500 1010 525 exortum.

263 547 379 577 Possunt
400 547 483 575 etiam
501 547 534 578 in
560 546 653 575 eadem
683 547 759 574 carta
787 546 817 574 in
844 554 944 582 genere
966 553 1010 573 re-

260 595 431 635 prehendere
452 594 548 633 culpas
570 594 652 630 leues,
681 604 735 623 non
764 594 928 622 nominando
948 602 1012 631 per-

263 654 342 674 sonas
364 654 433 683 quae
456 643 524 673 talia
539 644 745 679 commiserunt,
764 647 793 672 ut
810 642 887 672 verbi
900 643 1010 679 gratia:

265 692 511 732 reprehendimus
541 691 618 731 quod
645 691 737 730 aliqui
766 691 906 728 frangunt
925 689 1013 718 silen-

265 741 358 778 tium3
383 740 473 780 aliqui
496 749 555 769 non
578 743 742 778 sequuntur
769 739 891 768 chorum
911 742 942 767 ut
963 737 1012 767 de-

265 789 346 827 bent,
371 789 448 829 quod
470 798 635 823 monemus,
653 793 684 818 ut
699 788 734 818 de
756 792 853 818 cetero
868 797 899 817 se
914 796 1013 816 emen-

265 839 345 875 dent,
368 843 393 868 et
414 839 454 868 sic
475 839 507 867 de
528 838 666 867 similibus
679 849 689 872 ,·
722 841 747 866 et
778 837 898 866 maxime
925 836 1013 874 negli-

263 888 370 926 gentias
402 891 427 916 et
458 896 582 916 accessus
615 888 644 915 in
676 896 730 915 non
761 886 895 915 servando
928 886 1013 914 nostri

267 934 380 965 Ordinis
401 936 609 964 eonsuetudines
631 939 656 964 et
677 939 789 971 stat-uta,
813 935 936 973 quamvis
960 944 1012 964 non

266 994 356 1014 omnes
379 985 408 1014 in
431 984 479 1013 hoc
501 984 680 1022 deliquerint,
704 984 799 1013 debent
828 983 904 1012 modo
929 992 1012 1021 prae-

265 1034 346 1063 misso
367 1034 397 1062 in
418 1034 480 1072 ipsa
501 1034 579 1061 cartzi
600 1036 705 1061 notare.
734 1031 850 1061 Possunt
872 1036 962 1060 tamen
984 1032 1014 1060 in

265 1084 298 1111 eci
314 1083 436 1121 priorem
459 1082 491 1110 de
514 1081 686 1119 negligentiis
709 1085 734 1110 et
756 1080 910 1109 accessibus
924 1081 1015 1109 mani-

266 1132 355 1170 festiS‚
376 1131 540 1169 praesertim
563 1131 587 1159 si
612 1131 711 1159 cedunt
740 1130 769 1159 in
797 1130 840 1158 sni
869 1129 1015 1167 regiminis

265 1180 400 1219 damn*
417 1189 465 1209 seu
487 1179 692 1216 detrimentum,
716 1189 833 1217 arguere
846 1189 855 1207 :
872 1182 896 1207 et
913 1179 944 1207 de
961 1178 1012 1212 his,

265 1229 363 1268 quibus
384 1229 458 1258 eirca
480 1238 560 1257 suum
582 1228 703 1265 regimen
735 1227 885 1265 invigilare
917 1227 1012 1261 debet,

266 1279 297 1307 in
316 1282 457 1316 posterum
478 1278 631 1306 exhortari.
661 1276 789 1307 Scribant
816 1280 962 1315 praeterea
984 1276 1014 1304 in

265 1329 344 1357 carta
365 1327 457 1356 omnia
478 1326 529 1355 illa
553 1336 622 1364 quac
644 1326 679 1354 ad
700 1326 929 1355 conservationem
945 1334 1016 1354 com-

266 1377 359 1405 munis
380 1380 466 1405 status
488 1379 513 1404 et
544 1376 689 1413 regiminis
722 1375 817 1404 domus
849 1375 969 1403 eiusdem
991 1378 1016 1402 et

267 1434 362 1454 sacrae
379 1424 524 1461 religionis
546 1424 749 1452 observantiam
766 1424 907 1462 pertinere
922 1432 1017 1461 cogno-

267 1474 369 1503 verint.
395 1473 498 1511 Calpas
520 1482 581 1501 nero
601 1482 711 1510 grares,
735 1483 803 1511 quas
831 1482 882 1511 per
909 1472 1015 1511 aliquos

267 1522 423 1551 commissas
455 1521 623 1557 invenerint,
655 1525 796 1558 poterunt,
829 1521 852 1549 si
885 1521 1016 1559 erpedire

268 1570 418 1606 videbitur,
436 1570 465 1598 in
488 1570 604 1608 quadam
627 1569 685 1598 [ilia
708 1569 800 1598 littera
824 1571 930 1598 secreta
953 1578 1016 1598 con-

268 1619 409 1657 scribere,
438 1619 554 1648 notando
585 1620 614 1646 in
647 1621 678 1647 ea
700 1618 864 1656 singillatim
884 1628 1015 1657 personas

268 1678 337 1708 quae
358 1668 454 1707 culpas
477 1667 633 1696 huiusmodi
655 1668 860 1704 commiserunt,
878 1671 902 1696 et
922 1668 1017 1706 poeni-

269 1718 368 1747 tentias
389 1718 457 1756 ipsis
479 1717 640 1750 iniunctas‚·
671 1720 700 1745 ut
721 1717 760 1745 sic
781 1716 955 1754 sequentibus
976 1717 1017 1745 vi-

269 1767 428 1796 sitatoribus
460 1769 559 1795 constet
589 1765 716 1804 facilius,
740 1775 773 1794 an
805 1765 931 1794 monachi
962 1765 1017 1803 ipsi

266 1815 349 1854 prius
370 1815 474 1853 reperti
495 1813 646 1853 culpabiles
666 1814 848 1852 poenitentias
861 1814 1018 1852 praedictas

270 1863 459 1902 impleverint,
483 1867 508 1892 et
530 1863 562 1891 de
584 1863 740 1892 huiusmodi
769 1863 824 1891 sint
847 1863 874 1892 in
898 1863 1018 1892 moribus

270 1913 417 1942 emendati.
440 1910 528 1947 Quam
550 1912 643 1949 utique
665 1916 796 1940 secretam
815 1915 921 1940 cartam
942 1911 1019 1940 clau-

271 1971 330 1990 sam
352 1966 376 1990 et
398 1960 550 1998 sigillatam
569 1961 660 1999 priori
678 1960 718 1988 vel
740 1961 844 1989 vicario
866 1964 913 1989 aut
934 1961 1019 1989 sacri-

272 2014 329 2039 stae
351 2009 548 2045 commendent,
580 2013 760 2047 praeceptum
792 2010 822 2037 in
855 2009 913 2037 cias
942 2009 1019 2037 dorso

272 2058 429 2094 scribentes,
447 2067 480 2087 ne
503 2058 563 2096 quis
583 2061 696 2095 praeter
710 2057 864 2086 visitatores
879 2062 1019 2096 sequentes

273 2107 395 2136 litteram
426 2107 515 2145 ipsam
544 2106 642 2135 audeat
664 2107 775 2145 aperire
796 2106 837 2134 vel
861 2106 947 2144 legere
961 2118 971 2140 ,·
994 2111 1019 2136 et

273 2157 343 2195 quod
363 2166 414 2195 per
437 2155 529 2191 illum,
553 2156 598 2184 cui
625 2155 800 2184 custodienda
828 2156 1016 2190 committitur,

273 2205 459 2235 visitatoribus
482 2205 609 2234 tradatur
627 2205 810 2243 sequentibus.
830 2205 946 2233 lienium
959 2210 1019 2244 post

275 2255 338 2283 haee
368 2255 464 2293 priore
497 2263 528 2282 ac
560 2253 699 2282 monachis
731 2253 815 2282 simul
847 2254 876 2282 in
898 2253 1019 2292 capitulo

274 2304 459 2341 congregatis,
483 2306 545 2332 ante
567 2303 658 2331 omnia
682 2303 760 2332 verbo
790 2307 867 2331 tenus
887 2313 1019 2341 personas

274 2352 425 2391 culpabiles
448 2353 476 2381 in
497 2351 603 2381 casibus
637 2361 684 2380 scu
715 2352 805 2390 culpis
835 2352 967 2389 gravibus
994 2357 1019 2381 et

275 2401 430 2437 manifestis
452 2401 613 2429 nominatim
635 2403 663 2429 in
680 2400 789 2439 publico
805 2401 1017 2439 reprehendant,

275 2451 314 2479 cis
335 2450 369 2478 ad
391 2450 435 2477 sui
456 2449 604 2478 arbitrium
633 2449 814 2487 poenitentias
843 2451 1017 2488 imponendo.

277 2499 331 2529 Hoc
348 2499 420 2528 idem
440 2500 544 2537 possint
566 2500 667 2537 facere,
687 2500 711 2527 si
733 2499 862 2538 erpedire
886 2500 1016 2535 sitierint,

275 2549 306 2578 in
327 2548 433 2577 casibus
454 2557 501 2576 seu
523 2547 612 2586 culpis
628 2547 742 2582 levibus,
760 2558 827 2586 quas
841 2550 1021 2578 communiter

1054 246 1133 284 casus
1170 256 1328 286 huiusmodi
1358 258 1414 286 sint
1446 252 1557 287 occulti.
1593 257 1712 296 Insuper
1745 254 1802 285 tani

1053 305 1145 341 priori
1167 314 1248 342 quam
1271 306 1420 340 monachis,
1436 309 1521 345 prout
1535 315 1679 344 quemque·
1687 305 1802 335 illorum

1054 356 1143 389 tanget
1166 354 1321 391 negotium,
1346 355 1469 383 districte
1489 355 1684 393 praecipient,
1708 358 1802 393 quate-

1055 409 1107 428 nus
1125 401 1219 429 nullus
1241 411 1362 440 unquam
1382 402 1492 440 publice
1507 403 1548 432 vel
1562 403 1673 437 occulte,
1697 403 1802 432 directe

1056 447 1097 476 vel
1118 449 1261 486 indirecte,
1284 450 1316 478 de
1338 459 1505 489 quocumque
1527 451 1592 486 alio,
1616 461 1694 489 quem
1716 452 1803 480 scive-

1056 497 1093 525 rit
1119 502 1166 526 aut
1195 501 1416 536 praesumpserit
1437 499 1544 537 aliquid
1571 504 1665 528 contra
1687 509 1749 528 eum
1770 500 1800 528 in

1054 546 1148 574 effidem
1172 547 1326 575 visitatione
1349 547 1462 585 dixisse,
1486 548 1634 577 vindictam
1655 551 1799 585 assumat,

1056 594 1253 623 humanitatem
1287 605 1333 623 seu
1363 595 1575 624 consolationem
1606 597 1635 625 in
1663 597 1801 625 communi

1055 643 1163 672 solitam
1185 645 1283 673 ceteris
1305 644 1438 681 exbiberi,
1459 644 1499 673 vel
1519 654 1570 683 pro
1592 645 1801 683 infirmitatibus

1055 692 1192 721 debilitate
1213 693 1269 721 sive
1292 692 1422 730 languore
1444 692 1571 727 debitam,
1596 693 1777 722 subtrahendo
1789 706 1800 727 ,-

1055 750 1104 769 nee
1124 741 1176 770 sibi
1198 750 1321 779 unquam
1342 741 1372 769 ob
1395 741 1443 770 hoc
1464 741 1554 770 verbis
1579 741 1620 770 vel
1641 743 1724 780 factis
1746 751 1802 770 mo-

1056 789 1139 818 lestus
1161 791 1260 818 existat
1276 801 1287 823 ‚·
1310 799 1344 817 em
1365 790 1487 828 opposito
1508 791 1581 818 enim
1602 790 1686 828 facile
1708 800 1803 829 seque—

1056 843 1133 867 retur
1154 838 1251 867 celatia
1272 839 1410 875 veritatis,
1436 842 1462 867 et
1482 843 1657 867 remanerent
1678 848 1804 867 excessus

1055 891 1080 915 ct
1098 887 1279 925 negligentiae
1295 887 1429 925 impuniti
1442 896 1450 915 :
1467 887 1612 924 statimque
1627 895 1718 915 coram
1734 887 1804 925 ipsis

1054 936 1226 974 praedictam
1249 945 1328 964 suam
1350 939 1455 964 cartam
1474 935 1615 974 publicam
1644 934 1734 973 legant
1755 945 1804 964 seu

1058 985 1110 1023 legi
1142 986 1265 1024 saciant,
1290 986 1401 1023 suisque
1433 984 1587 1013 nominibus
1609 983 1754 1021 roborent,
1779 988 1804 1013 ei

1057 1034 1149 1072 aliquo
1164 1033 1255 1071 sigillo
1271 1037 1331 1062 noto
1347 1033 1534 1062 communiant
1546 1045 1556 1066 ,-
1570 1037 1595 1061 et
1610 1034 1698 1071 ipsam
1712 1033 1805 1071 priori

1058 1083 1099 1112 vel
1121 1084 1252 1112 sacristae
1274 1083 1396 1120 tradant,
1418 1083 1521 1122 primis
1541 1082 1716 1121 sequentibus
1737 1083 1806 1112 risi-

1057 1132 1188 1161 tatoribus
1210 1132 1400 1161 erhibendum.
1427 1130 1502 1167 Quae
1535 1132 1645 1170 quidem
1671 1136 1747 1160 carta
1772 1132 1801 1160 in

1059 1181 1180 1209 omnium
1203 1180 1397 1210 monachorum
1416 1181 1577 1219 praesentiae
1606 1180 1646 1208 bis
1675 1181 1705 1208 in
1733 1189 1804 1208 anno

1059 1229 1175 1267 legatur,
1199 1229 1342 1265 videlicet,
1366 1230 1445 1267 infra
1473 1233 1578 1258 octavas
1600 1228 1758 1259 Natiuitatis
1780 1233 1805 1258 et

1058 1279 1211 1307 dominicae
1234 1277 1464 1307 Resurrectionis.
1482 1277 1661 1316 Summopere
1680 1287 1743 1306 vero
1765 1278 1806 1307 ri-

1058 1328 1183 1356 sitatores
1203 1327 1377 1366 provideant,
1396 1331 1425 1356 ut
1441 1328 1470 1355 in
1493 1327 1665 1355 monasteriis
1682 1327 1805 1355 visitatis

1055 1386 1163 1415 pacem,
1187 1376 1265 1405 saled
1289 1375 1402 1405 Ordinis
1424 1375 1584 1414 disciplina,
1600 1385 1652 1414 pro
1666 1385 1714 1404 suo
1726 1384 1805 1414 posse

1057 1426 1217 1464 relinquant
1231 1437 1241 1460 ;
1266 1435 1315 1454 nec
1337 1426 1499 1464 qiiestiorie3‚
1520 1435 1587 1463 quas
1609 1435 1656 1454 suo
1677 1429 1806 1464 poterunt

1059 1476 1209 1504 terminare
1232 1475 1345 1511 iudicio,
1367 1475 1444 1513 patri
1469 1474 1595 1512 generali
1617 1478 1664 1503 aut
1685 1473 1806 1513 capitulo

1056 1524 1182 1562 generali
1198 1528 1346 1553 reservent.
1361 1523 1466 1553 Deinde
1479 1523 1617 1552 monachis
1630 1523 1805 1559 vuleclicluri,

1059 1573 1189 1611 quoniam
1210 1573 1239 1601 in
1261 1571 1434 1609 multiloquio
1469 1581 1521 1600 non
1552 1572 1624 1600 deest
1642 1575 1805 1610 peccatum,

1059 1625 1129 1650 totus
1158 1625 1306 1650 concentus
1334 1621 1407 1649 (licat
1429 1620 1575 1650 Confiteor
1597 1620 1667 1657 Deo,
1690 1624 1758 1657 cte„
1781 1625 1807 1650 et

1060 1679 1132 1699 unus
1150 1670 1324 1698 visitatorum
1345 1669 1541 1698 absolutionem
1559 1670 1645 1707 faciat
1667 1673 1691 1698 et
1713 1670 1807 1698 statim

1059 1719 1196 1748 recedant.
1220 1718 1252 1748 Si
1274 1722 1364 1747 tamen
1394 1722 1455 1757 post
1489 1718 1553 1747 baec
1578 1718 1680 1756 -aliqua
1711 1720 1807 1757 forsan

1059 1767 1228 1797 emendanda
1248 1767 1459 1805 perspexerint,
1485 1771 1547 1795 ante
1568 1776 1649 1795 suum
1670 1776 1808 1796 recessum

1061 1817 1111 1846 illa
1132 1817 1272 1854 corrigant
1294 1820 1319 1844 et
1342 1815 1495 1845 emendent.
1527 1815 1626 1844 Adhuc
1653 1815 1804 1850 sciendum,

1061 1866 1227 1900 visitatores,
1252 1865 1369 1893 dinume
1391 1874 1456 1893 suae
1479 1864 1642 1893 visitationis
1674 1869 1806 1904 tempore,

1061 1915 1182 1943 triennio
1203 1913 1329 1942 videlicet
1351 1914 1380 1941 in
1402 1922 1453 1951 quo
1474 1917 1537 1941 sunt
1562 1913 1696 1950 deputati,
1730 1923 1808 1941 exer-

1062 1964 1175 1993 cendam
1196 1973 1247 2002 per
1269 1972 1295 1991 se
1320 1966 1419 2001 (quam
1448 1962 1512 1991 aliis
1540 1962 1664 2000 delegare
1687 1972 1740 1991 non
1762 1972 1808 1991 va-

1063 2013 1117 2041 lent
1138 2015 1149 2048 )
1188 2012 1286 2040 habere
1322 2013 1349 2040 in
1387 2012 1556 2049 corrigendis
1592 2011 1746 2040 cau-essibus
1782 2016 1807 2040 et

1062 2062 1258 2101 resmmarulis,
1284 2071 1352 2100 quae
1375 2062 1570 2100 reformatione
1593 2060 1728 2098 indigent,
1746 2060 1807 2099 ple-

1061 2120 1125 2139 nam
1144 2114 1326 2149 potestatem:
1351 2119 1404 2147 qua
1423 2113 1555 2148 potestate
1576 2110 1604 2137 in
1628 2118 1692 2137 snae
1714 2109 1807 2138 visita-

1062 2160 1145 2188 tionis
1175 2159 1298 2188 domibus
1320 2160 1360 2187 uti
1386 2162 1515 2197 possunt,
1540 2158 1638 2186 nedum
1671 2167 1732 2186 cum
1763 2167 1808 2186 eas

1061 2208 1145 2237 semel
1177 2208 1255 2246 infra
1286 2208 1389 2236 dictum
1421 2208 1575 2236 triennium
1606 2207 1729 2243 visitant,
1762 2208 1808 2236 sed

1062 2259 1146 2286 etiam
1167 2257 1232 2285 dum
1252 2266 1304 2295 per
1326 2255 1449 2294 aliquam
1470 2265 1577 2292 earum,
1607 2256 1638 2283 dc
1667 2255 1805 2293 aliquibus

1063 2305 1185 2334 domibus
1208 2306 1326 2334 visitatis
1358 2305 1393 2333 (ui
1424 2305 1493 2334 alias
1526 2304 1674 2333 visitandas
1706 2304 1804 2342 cundo,

1062 2359 1109 2383 aut
1132 2355 1166 2383 ad
1183 2364 1233 2382 sua
1255 2354 1421 2382 monasteria
1443 2354 1610 2389 revertendo,
1628 2354 1805 2388 transierint,-

1062 2407 1127 2432 tunc
1148 2403 1221 2431 enim
1244 2403 1333 2431 domos
1350 2401 1423 2437 illas,
1442 2402 1566 2439 quamvis
1590 2402 1723 2435 risitutas,
1746 2412 1808 2441 pos<

1061 2456 1124 2480 sunt
1158 2452 1284 2487 intrare,
1318 2454 1343 2479 et
1373 2460 1424 2488 per
1453 2451 1577 2488 priorem
1609 2456 1655 2480 aut
1687 2451 1809 2491 aliquem

1062 2502 1150 2540 ipsius
1166 2501 1259 2529 domus
1276 2500 1437 2528 monachum
1453 2500 1592 2538 requisiti,
1615 2501 1639 2529 si
1660 2502 1809 2537 expediens

1062 2550 1113 2578 sibi
1136 2550 1278 2585 ridebitur,
1307 2552 1435 2587 poterunt
1464 2558 1491 2578 se
1519 2559 1603 2589 super
1626 2550 1668 2578 llis
1690 2560 1759 2589 quae
1781 2553 1807 2580 in

277 2597 308 2625 de
330 2596 410 2635 sacili
436 2595 522 2625 solent
550 2596 676 2624 monachi
705 2597 888 2635 committere,
912 2598 1020 2627 etiamsi
1040 2618 1042 2631 e
1061 2599 1111 2626 suri
1134 2599 1211 2627 cartd
1236 2598 1442 2629 mandaverant.
1459 2608 1495 2627 an.
1510 2598 1596 2627 debite
1612 2600 1807 2635 observentur,

1689 199 1754 232 125
1801 211 1853 236 An.
1873 207 1903 236 C.
1927 205 2003 236 ¹730
