2182 3137
39 215 41 218 ⁴
61 234 114 261 An.
134 231 163 259 c.
181 231 249 259 1732

106 1520 241 1551 mutantium

59 1550 178 1575 derogatio.

870 230 1009 255 CLEMENS

252 280 504 313 controversiam
533 280 650 320 vocari,
676 284 730 312 aut,
748 279 899 312 atlrcrsus
917 279 988 312 illas
1011 280 1012 309 l

253 334 483 377 quodcumque
509 333 598 373 iuris,
626 333 745 376 gratiae
772 333 820 365 vel
848 333 918 364 sacti
943 343 991 364 re-

253 386 393 420 medium
421 387 571 419 intentari
597 388 646 419 vel
668 385 836 430 impetrari
856 386 991 418 nullate·
1011 409 1013 426 ὲ

253 450 312 472 nus
338 451 448 483 possc;
476 440 529 472 sed
556 440 642 482 ipsas
664 444 852 483 praesentes
870 439 991 471 litteras
1011 429 1013 442 ¹

253 503 382 536 semper
407 493 524 531 sirmas,
551 493 671 525 validas
697 498 728 525 et
755 493 900 525 efficaces
927 492 1013 524 exi-¹

252 548 336 578 stere
362 551 393 577 et
418 545 494 585 sore,
521 556 662 588 suosque
687 545 852 588 plenarios
888 550 919 577 et
944 544 992 576 in-

253 604 361 641 tegros
389 598 520 631 effectus
532 599 641 632 sortiri
662 604 693 632 et
709 599 858 632 obtinere
872 625 879 639 ,
899 609 934 631 ac
952 599 990 631 ab

251 651 338 691 illis,
366 652 406 684 ad
441 662 521 695 quos
558 657 681 695 spectat
705 658 736 685 et
760 662 819 695 pro
848 657 990 694 tempore

252 704 424 746 spectabit,
452 703 484 735 in
511 703 662 736 omnibus
689 709 720 736 et
744 713 801 746 per
819 703 927 735 omnia
945 702 991 735 in-

251 755 446 789 violabiliter
472 757 655 797 observari,
682 757 793 800 sicque
817 760 847 790 ct
872 767 936 789 non
962 767 992 789 a·

251 809 326 842 liter
350 810 380 842 in
408 809 593 853 praemissis
620 820 679 853 per
704 820 925 854 quoscumque
945 810 992 842 iu-

251 863 338 896 dices
373 864 555 897 ordinarios
593 871 623 897 et
659 865 852 907 delegatos,
895 865 989 897 etiam

252 927 420 949 causarum
459 917 567 960 palatii
605 918 776 961 apostolici
812 918 988 957 auditores,

251 979 288 1002 ac
313 970 457 1002 eiusdem
483 971 511 1003 S.
538 970 574 1003 R.
601 971 636 1003 E.
664 971 860 1011 cardinales,
893 971 989 1004 etiam

252 1022 291 1055 de
315 1024 415 1056 latere
443 1024 577 1066 legatos
604 1024 774 1068 dictaeque
799 1025 890 1058 Sedis
911 1035 992 1057 nun-

250 1075 329 1116 cios,
357 1083 388 1109 et
412 1077 493 1110 alios
519 1078 684 1121 quoslibet
704 1079 812 1122 quavis
833 1079 992 1123 praeemi-

250 1130 361 1163 nentia
386 1136 416 1162 et
441 1136 601 1174 potestate
627 1132 797 1175 iungentes
818 1139 846 1166 et
868 1133 991 1165 sunctu-

251 1194 315 1222 ros,
342 1184 468 1217 sublata
493 1184 538 1217 eis
564 1191 595 1218 et
616 1197 729 1219 eorum
747 1186 881 1219 cuilibet
899 1187 992 1219 aliter

251 1237 414 1271 iudicandi
450 1244 480 1272 et
516 1239 749 1283 interpretandi
787 1241 934 1273 facultate
962 1246 992 1272 et

252 1292 461 1332 auctoritate,
488 1292 624 1325 iudicari
651 1299 682 1326 et
706 1293 833 1326 deliniri
860 1294 990 1332 debere,

253 1354 288 1377 ac
312 1344 442 1378 irritum
469 1350 499 1378 et
524 1345 621 1378 inane
647 1346 673 1378 si
699 1356 791 1379 secus
817 1357 914 1390 super
942 1347 992 1379 bis

253 1408 270 1429 a
296 1408 469 1441 quoquam,
495 1399 605 1442 quavis
631 1399 832 1439 auctoritate,
852 1399 993 1432 scienter

252 1451 302 1484 vel
327 1450 523 1493 ignoranter,
539 1453 715 1495 contigerit
740 1453 901 1486 attentari.

297 1505 312 1548 ἓ
336 1504 368 1538 8.
394 1504 466 1539 Non
491 1506 697 1540 obstantibus
724 1507 931 1550 praemissis,
958 1517 993 1540 ac

254 1558 421 1603 quibusvis
449 1560 731 1593 constitutionibus
758 1566 789 1594 et
818 1561 993 1594 ordinatio-

253 1612 347 1645 nibus
362 1613 561 1656 apostoliciS‚
583 1624 719 1653 necnon,
738 1619 897 1657 quatenus
915 1625 993 1658 opus

252 1665 307 1707 sit,
334 1667 554 1709 quarumlibet
579 1667 802 1707 ecclesiarum,
823 1667 993 1706 Ordhuun,

252 1720 555 1763 congregationum,
573 1720 770 1760 militiarum,
789 1721 882 1754 etiarn
901 1721 932 1754 S.
949 1722 995 1754 Io-

252 1773 344 1806 annis
370 1773 667 1817 IIierosolymitani,
692 1773 925 1815 institutorum,
949 1786 997 1808 so-

252 1826 405 1859 cietatum
421 1854 428 1867 ‚
454 1827 550 1860 etiam
576 1827 669 1870 Iesu,
702 1828 969 1862 communitatum
987 1856 994 1869 ,

252 1879 509 1921 universitatum,
526 1881 755 1924 capitulorum,
768 1882 994 1925 collegiorum,

254 1934 578 1974 confraternitatum,
611 1940 830 1968 conventuum
868 1941 899 1968 et
930 1946 997 1968 mo-

254 1987 496 2028 nasteriorum,
525 1988 620 2021 etiam
650 1988 852 2029 iuramento,
881 1989 997 2022 contir-

254 2040 396 2074 matione
422 2041 610 2085 apostolica,
635 2043 686 2075 vel
712 2043 823 2086 quavis
844 2043 995 2076 firmitate

254 2095 317 2128 alia
343 2095 526 2136 roboratis,
551 2095 698 2136 statutis,
723 2096 836 2129 usibus
863 2102 894 2129 ct
919 2107 996 2130 con-

254 2149 481 2182 suetudinibus
497 2176 504 2190 ,
530 2149 624 2182 etiam
654 2149 968 2184 immemorabilibus
987 2179 992 2192 ‚

253 2202 430 2246 privilegiis
457 2213 609 2247 quoque,
643 2203 776 2237 indultis
813 2210 844 2237 et
880 2204 995 2237 litteris

254 2257 451 2301 apostolicis,
469 2257 528 2290 sub
544 2257 803 2301 quibuscumque
819 2259 993 2291 verborum

254 2311 418 2346 tenoribus
446 2317 477 2345 et
509 2311 638 2352 formis,
665 2323 701 2345 ac
733 2323 804 2345 cum
831 2312 995 2356 quibusvis

255 2365 350 2398 etiarn
388 2365 666 2407 derogatoriarum
703 2366 938 2409 derogatoriis‚
967 2378 995 2399 a-

254 2419 372 2462 liisque
392 2418 636 2459 efficacioribus,
651 2419 879 2452 efficacissimis
899 2426 931 2453 et
948 2420 996 2452 iu-

255 2471 361 2504 solitis
387 2471 548 2511 clausulis,
575 2471 840 2515 irritantibusque
869 2478 900 2505 et
925 2472 995 2505 aliis

257 2525 406 2565 decretis,
421 2525 452 2557 in
479 2535 597 2567 genere
624 2526 671 2558 vel
699 2525 729 2557 in
756 2526 876 2568 specie,
902 2526 996 2559 etiam

256 2585 355 2620 motu,
380 2578 516 2612 scientia
542 2583 572 2612 et
598 2578 766 2622 potcstatis
791 2579 994 2622 plenitudine

255 2633 397 2677 paribus,
416 2643 452 2667 ac
470 2632 754 2674 consistorialiter,
772 2637 803 2666 et
821 2632 897 2666 alias
916 2644 993 2676 quo-

1035 230 1080 254 xn
1106 231 1154 255 pp,
1667 221 1731 255 317

1033 280 1211 313 modolibet
1235 281 1267 313 in
1294 281 1488 314 contrarium
1522 279 1771 323 praemissorum

1034 334 1211 375 concessis,
1238 335 1438 368 confirmatis
1464 341 1493 368 ct
1518 334 1716 377 approbatis,
1737 344 1773 366 ac

1034 387 1157 428 pluries
1183 393 1214 420 ct
1240 389 1509 432 quantiscumque
1535 389 1656 421 vicibus
1682 387 1773 420 inno-

1035 440 1136 480 vatis;
1165 440 1281 483 quibus
1314 442 1463 474 omnibus
1491 448 1522 474 et
1547 442 1702 483 singulis,
1730 446 1773 472 et-

1035 491 1123 525 iamsi
1144 504 1203 535 pro
1226 493 1354 526 illorum
1374 495 1541 527 sufficienti
1561 493 1772 536 derogatione

1035 545 1074 578 de
1100 545 1163 578 illis
1189 556 1363 589 eortunquc
1391 547 1462 580 totis
1499 548 1666 580 tenoribus
1701 557 1774 590 spe-

1035 598 1141 639 cialis,
1163 600 1333 642 specifica,
1361 611 1515 642 expressa
1540 606 1570 633 et
1595 600 1771 640 individua,

1036 663 1072 684 ac
1098 652 1136 684 dc
1162 653 1260 685 verbo
1286 653 1324 685 ad
1345 653 1489 691 verbum,
1511 664 1575 685 non
1595 659 1699 686 autem
1718 664 1775 696 per

1036 705 1194 738 clausulas
1232 706 1402 748 generales
1440 706 1523 738 idem
1550 706 1772 749 imponantes,

1037 758 1158 791 mentio
1196 768 1251 790 seu
1278 758 1408 801 quaevis
1435 759 1497 791 alia
1522 759 1689 801 expressio
1719 759 1775 791 ba-

1036 811 1154 851 benda,
1191 816 1244 844 aiu
1271 812 1377 855 aliqua
1403 811 1465 844 alia
1491 811 1648 854 exquisita
1674 812 1775 844 forma

1036 865 1074 897 ad
1102 865 1164 898 hoe
1189 865 1347 897 servanda
1374 865 1474 906 soret,
1509 871 1636 898 tenores
1663 865 1776 897 huius-

1037 919 1140 958 modi,
1167 929 1202 951 ac
1227 919 1251 951 si
1278 918 1317 951 de
1343 918 1439 951 verbo
1462 919 1499 951 ad
1522 918 1666 957 verbum,
1694 918 1774 950 nibil

1037 972 1164 1015 penitus
1186 973 1304 1006 omisso
1331 978 1360 1006 et
1385 973 1488 1005 forma
1514 972 1545 1005 in
1568 972 1632 1005 illis
1662 972 1776 1004 tradita

1036 1025 1219 1065 observata,
1246 1027 1508 1070 exprimerentur
1533 1032 1564 1059 et
1595 1026 1776 1058 insereren-

1037 1084 1109 1119 tur,
1137 1079 1365 1122 pracsentibus
1404 1091 1462 1122 pro
1499 1081 1596 1123 plene
1633 1085 1665 1112 et
1689 1079 1776 1111 sufli-

1036 1133 1159 1165 cieuter
1185 1133 1343 1176 expressis
1379 1139 1410 1166 et
1434 1132 1564 1165 insertis
1592 1133 1749 1165 babentes
1767 1159 1774 1173 ‚

1036 1186 1098 1219 illis
1124 1186 1202 1219 alias
1240 1187 1271 1218 in
1308 1197 1365 1219 suo
1392 1187 1507 1219 robore
1533 1186 1774 1229 permansuris,

1036 1240 1073 1272 ad
1110 1240 1365 1283 praemissorum
1403 1239 1574 1281 ellectum,
1612 1240 1671 1272 bac
1708 1239 1776 1273 vice

1036 1293 1221 1332 dumtaxat,
1259 1293 1446 1336 specialiter
1483 1299 1513 1326 et
1549 1303 1701 1336 expresse
1739 1304 1775 1326 ac

1037 1346 1224 1390 plenissime
1243 1353 1275 1379 et
1291 1346 1489 1389 amplissime
1513 1346 1722 1389 derogamus,
1745 1352 1776 1379 et.

1037 1401 1226 1443 derogatum
1242 1410 1311 1433 esse
1326 1401 1488 1440 volumus,
1508 1400 1686 1444 ceterisque
1705 1411 1776 1434 con-

1038 1454 1142 1486 trariis
1168 1454 1437 1498 quibuscumque.

1080 1509 1095 1551 ἓ
1129 1507 1160 1541 9.
1200 1507 1238 1540 Ut
1274 1513 1380 1540 autem
1419 1507 1551 1541 caedem
1591 1513 1777 1551 praesentes

1037 1562 1163 1594 litterae
1203 1562 1241 1594 ad
1282 1561 1426 1595 omnium
1463 1562 1609 1595 notitiam
1652 1562 1776 1595 facilius

1038 1615 1231 1655 deveniant,
1270 1616 1418 1649 volumus
1454 1616 1526 1649 illas
1572 1627 1628 1648 seu
1665 1627 1776 1649 earum

1038 1669 1184 1712 exempla
1224 1669 1260 1702 ad
1288 1670 1391 1702 valvas
1409 1670 1566 1703 ecclesiae
1586 1670 1778 1703 Lateranen-

1039 1722 1080 1756 sis
1106 1729 1137 1756 et
1161 1723 1315 1757 basilicae
1341 1724 1498 1768 Principis
1524 1725 1776 1768 Apostolorum,

1040 1787 1166 1810 necnon
1184 1777 1402 1811 Cancellariac
1419 1778 1635 1821 Apostolicae‚
1653 1778 1779 1812 Curiae-

1041 1841 1102 1873 que
1139 1831 1301 1873 generalis
1332 1832 1364 1864 in
1401 1831 1507 1864 Monte
1540 1832 1720 1873 Cibum-io,
1748 1838 1779 1866 et

1041 1884 1108 1917 acie
1134 1884 1346 1927 Cainpissorae
1373 1885 1412 1918 de
1439 1885 1522 1918 Urbe
1549 1886 1714 1928 praefata,
1745 1892 1779 1918 ut

1040 1937 1140 1969 moris
1178 1943 1247 1977 est,
1273 1938 1357 1980 affigi
1396 1943 1426 1971 et
1461 1938 1642 1981 publicari;
1668 1938 1778 1982 sicque

1041 1991 1220 2033 publicatas
1246 1997 1276 2023 et
1302 1991 1409 2024 affixas
1436 2003 1547 2025 omnes
1572 1997 1603 2024 et
1620 1992 1778 2035 singulos,

1040 2054 1118 2087 quos
1143 2044 1219 2077 illac
1245 2051 1455 2085 concernunt,
1482 2045 1619 2088 perinde
1653 2051 1778 2078 arctare

1041 2102 1071 2129 et
1095 2097 1232 2138 afficere,
1260 2109 1294 2130 ac
1308 2098 1332 2131 si
1352 2098 1528 2141 unicuique
1545 2109 1656 2132 eorum
1673 2098 1778 2131 nomi-

1040 2151 1138 2184 natim
1158 2156 1189 2184 et
1206 2152 1423 2195 personaliter
1441 2152 1606 2185 intimatae
1626 2152 1776 2188 fuissentz

1083 2205 1097 2248 ξ
1122 2204 1175 2237 10.
1197 2205 1299 2249 thue
1321 2205 1464 2249 ipsarum
1491 2206 1671 2238 litterarum
1698 2210 1779 2238 tran-

1039 2258 1184 2301 sumptis,
1211 2269 1269 2292 scu
1295 2259 1459 2303 exemplis,
1479 2259 1575 2292 etlam
1600 2259 1778 2302 impressis,

1038 2324 1136 2345 manu
1155 2313 1291 2346 alicuius
1312 2314 1428 2346 notarii
1448 2313 1567 2357 publici
1589 2313 1779 2356 subscriptis

1039 2371 1070 2399 ct
1088 2366 1195 2409 sigillo
1214 2377 1374 2410 personae
1393 2367 1424 2399 in
1443 2366 1661 2399 ecclesiastica
1679 2366 1779 2408 digni-

1041 2425 1104 2452 tate
1137 2420 1332 2452 corstitutae
1365 2420 1516 2459 munitis,
1544 2420 1656 2452 eadem
1688 2430 1780 2462 pror—

1039 2483 1092 2505 sus
1125 2472 1205 2506 iidcs
1242 2479 1303 2505 tam
1341 2473 1372 2504 iu
1407 2473 1525 2506 iudicio
1559 2483 1656 2515 quam
1691 2478 1779 2506 extra

1040 2526 1118 2559 illud
1156 2526 1278 2568 unique
1309 2525 1522 2565 atttiitmatur,
1550 2537 1631 2569 quae
1657 2526 1779 2559 eisdem

1039 2579 1267 2622 praesentibus
1300 2579 1511 2612 adhiberetur
1537 2579 1562 2612 si
1591 2580 1698 2613 forent
1725 2590 1778 2614 cx-

1039 2632 1160 2666 bibitac
1189 2632 1236 2665 vel
1264 2636 1425 2666 ostensae.

1779 229 1831 256 An.
1852 229 1967 256 &1732

1813 1518 1972 1539 Constantianus

1790 1546 1877 1566 huiusce
1903 1546 1972 1571 publi-

1791 1576 1854 1593 saltu,
