2182 3137
193 212 243 237 An.
259 210 289 238 C.
311 210 373 237 1731

242 643 374 667 Obstantium

193 668 310 694 derogatio.

424 200 489 234 ⁰246
951 210 1136 234 nummum
1162 209 1319 234 nomana
1913 209 1965 235 An.
1987 208 2016 236 c.
2034 208 2100 236 ¹731

386 258 573 302 praemissis
598 268 657 302 per
684 269 911 301 quoscumque
929 258 1055 291 iudices
1074 268 1125 290 or-

387 311 530 343 dinarios
555 316 586 343 et
611 311 798 353 delegatos,
826 311 923 343 etiam
955 320 1122 343 causarum

385 364 496 406 palatii
522 364 693 407 apostolici
723 364 907 403 auditores,
933 363 1069 396 iudicari
1094 369 1125 396 et

386 416 515 449 definiri
553 417 692 454 debere,
731 427 767 448 ac
798 416 924 449 irritum
961 421 993 448 et
1028 416 1124 449 inane

386 470 412 502 si
445 480 538 502 secus
562 480 660 513 super
685 470 736 502 bis
762 480 779 501 a
807 479 985 512 quoquam,
1013 468 1124 511 quavis

386 523 595 562 auctoritate,
612 522 753 555 scienter
771 523 820 554 vel
836 522 1034 564 ignoranter,
1049 532 1124 553 con-

385 575 496 617 tigerit
520 575 682 608 attentari.

429 628 444 670 ᾖ
467 628 500 660 4.
519 628 589 660 Non
615 628 818 661 obstantibus
839 627 1123 660 constitutionibus

387 686 420 713 et
454 681 713 714 ordinationibus
748 681 958 723 apostolicis,
984 691 1122 719 necnon,

388 741 547 778 quatenus
575 745 658 777 opus
684 735 736 773 sit,
762 734 838 767 dicti
864 734 1000 773 Ordinis
1028 735 1123 766 etiam

385 787 582 826 iuramento,
603 787 850 820 confirmatione
870 787 1055 829 apostolica,
1076 787 1124 818 rel

385 842 499 883 quavis
531 841 684 873 firmitate
710 841 772 873 alia
798 840 971 879 roboratis,
998 840 1125 872 statutis

385 899 418 925 et
441 894 733 926 consuetudinibus
750 921 757 933 ‚
783 893 963 936 privilegiis
982 903 1123 934 quoque,

384 946 520 979 indultis
551 951 583 978 et
614 945 731 978 litteris
756 944 964 987 apostolicis,
989 945 1022 976 in
1047 955 1124 976 con-

386 999 522 1030 trarium
570 998 825 1040 praemissorum
873 997 1125 1039 quomodolibet

385 1050 563 1088 concessis,
581 1050 782 1082 confirmatis
801 1055 833 1081 et
850 1049 1033 1087 innovatis·‚
1059 1049 1125 1091 qui-

384 1103 444 1135 bus
480 1104 632 1136 omnibus
658 1108 689 1135 et
714 1102 873 1144 singulis,
913 1102 1045 1133 illorum
1073 1107 1122 1133 te-

385 1166 481 1188 nores
515 1154 743 1198 praesentibus
780 1166 839 1197 pro
866 1156 961 1197 plene
988 1160 1017 1186 et
1043 1155 1125 1186 suffi-

385 1209 511 1243 cienter
536 1208 701 1251 expressis
726 1218 762 1240 ac
787 1208 826 1240 ad
856 1208 988 1239 verbum
1021 1208 1124 1239 inscr-

385 1261 424 1294 tis
451 1262 621 1301 habentes,
653 1262 717 1294 illis
742 1262 822 1293 alias
854 1261 885 1292 in
923 1272 982 1294 suo
1008 1262 1124 1293 robore

385 1314 608 1357 permansuris
631 1341 637 1354 ,
677 1315 714 1346 ad
752 1315 1005 1356 praemissorum
1042 1314 1121 1346 effe—

385 1373 490 1407 ctum,
516 1368 577 1399 hac
601 1367 669 1399 vice
696 1368 867 1407 dumtaxat,
886 1367 1074 1410 specialiter
1094 1373 1125 1399 et

384 1430 538 1462 expresse
565 1421 780 1462 derogamus3
799 1420 978 1462 ceterisque
997 1426 1123 1452 eontra-

384 1472 439 1504 riis
466 1473 738 1515 quibuscumque.

426 1524 541 1557 Datum
560 1525 699 1564 Romae,
722 1525 807 1567 apud
831 1524 862 1556 S.
882 1525 1014 1557 Mariam
1033 1525 1125 1557 Maio-

382 1588 466 1617 rem,
482 1578 541 1609 sub
559 1579 681 1610 annulo
699 1578 882 1617 Piscatoris,
898 1578 950 1609 die
970 1587 1020 1610 xtx
1040 1578 1124 1619 apri-

382 1631 423 1662 lis
442 1640 621 1668 MDccxxxt,
641 1630 854 1672 pontificatus
873 1630 975 1662 nostri
997 1640 1083 1662 anno
1100 1641 1122 1662 1.

418 1691 479 1717 Dat.
495 1692 540 1718 die
560 1692 590 1718 19
605 1692 698 1726 aprilis
714 1692 793 1724 1731,
815 1691 919 1725 pontif.
940 1700 1015 1717 anno
1034 1697 1052 1717 1.

671 1744 705 1776 F.
733 1745 821 1777 card.
849 1744 1033 1777 Omvssnms.

698 1949 806 1981 XXXI.

384 2057 578 2091 Constantio
594 2083 604 2096 ,
640 2066 708 2098 qua
753 2054 879 2086 clericis
915 2053 1124 2095 reqularibus

427 2109 629 2153 pauperibus
644 2108 763 2140 Matris
780 2107 859 2146 Dei,
879 2117 899 2138 a
915 2106 1043 2138 Scholis
1063 2107 1124 2148 piis

425 2162 635 2204 nuncupatis,
650 2160 790 2203 facultas
803 2159 961 2190 asseritur
976 2159 1126 2191 tradendi

423 2216 536 2258 prima
559 2213 748 2246 rudimenta
773 2212 959 2243 litterarum
983 2211 1126 2254 discipli-

426 2278 551 2311 nasque
577 2266 727 2299 liberales
758 2265 881 2297 latinas
910 2269 938 2296 ec
967 2275 1121 2306 ςινίιεεαε,

426 2325 525 2364 alque
549 2321 648 2352 eliam
672 2319 809 2350 maiores
839 2317 1013 2355 scientias,
1041 2317 1125 2348 ado—

428 2374 637 2412 lescentibus,
657 2373 756 2404 eliam
776 2370 957 2409 nobilibus,
978 2380 1125 2412 novaque

428 2426 588 2459 condendi
603 2426 757 2457 iuvenum
777 2423 924 2464 colleqia,
943 2422 1124 2454 seminaria

428 2485 457 2512 ee
491 2479 653 2511 convictus
672 2504 680 2517 ,
712 2488 749 2509 ac
779 2476 947 2519 reyulares
984 2475 1092 2507 domos
1114 2501 1121 2514 ‚

426 2532 559 2575 praevio
579 2531 751 2564 dumtaaeac
769 2527 1024 2563 Ordinariorum
1045 2536 1121 2560 con-

429 2594 537 2616 sensu.

1376 258 1513 285 clemens
1535 258 1710 291 episeopus,

1349 309 1455 328 servus
1476 308 1633 328 servorum
1654 301 1723 333 Dei,

1282 347 1318 373 ad
1340 349 1518 379 perpetuam
1539 347 1584 373 rei
1604 345 1790 373 memoriam.

1210 416 1307 450 Nobis
1323 444 1330 456 ,
1357 417 1475 459 quibus
1501 428 1517 448 a
1543 416 1671 449 Christo
1696 416 1832 449 Domino
1858 421 1908 450 to·
1945 426 2088 447 Prooemium.

1168 470 1231 501 tius
1250 469 1411 502 Ecclesiae
1437 480 1514 501 eura
1539 470 1710 502 commissa
1731 475 1788 508 est,
1804 470 1908 512 proba

1168 528 1199 554 et
1224 528 1310 554 recta
1336 522 1498 553 institutio
1525 522 1695 560 iuvenilis,
1721 521 1751 553 in
1777 528 1908 555 sanctae

1168 574 1336 616 religionis
1369 574 1552 616 praeceptis
1589 574 1799 617 honestisque
1834 575 1920 607 arti·-

1169 628 1226 658 bus
1262 633 1391 659 teneros
1416 627 1672 659 adolescentium
1699 628 1822 660 animos
1856 628 1910 660 im-

1169 680 1282 717 buens,
1301 680 1388 712 coruli
1409 690 1478 712 esse
1497 680 1611 719 deber,
1631 681 1715 713 unde
1734 681 1771 712 ad
1791 681 1908 712 summi

1170 732 1223 763 Dei
1250 733 1384 774 gloriam
1410 733 1548 774 plrwima
1573 739 1604 765 et
1623 733 1760 765 maxima
1773 733 1859 765 bona
1876 733 1909 765 in

1170 784 1345 817 Ecclesiam
1375 792 1537 828 totamque
1565 785 1799 828 rempublicam
1821 785 1908 818 chri-

1169 839 1302 871 stianam
1329 839 1500 880 provenire
1526 844 1713 871 noscuntur.
1745 838 1848 875 Quare
1881 838 1907 870 si

1168 891 1240 933 pios
1266 897 1298 923 et
1322 892 1434 924 doctos
1459 892 1558 928 viros,
1586 892 1616 923 in
1642 892 1804 923 laudando
1823 891 1909 923 eius·
1926 896 1933 903 '

1170 944 1255 975 modi
1283 944 1387 976 offa-io
1422 945 1628 983 laborantes,
1655 944 1810 987 peculiari
1833 945 1910 976 ctia-

1170 997 1262 1028 ritate
1290 998 1551 1039 complectimur,
1576 1009 1632 1030 eos
1651 998 1763 1040 gratiis
1780 1003 1909 1040 aposto-

1169 1049 1239 1081 licis
1266 1050 1365 1082 soveri
1394 1056 1425 1082 et
1457 1051 1565 1083 ornari
1602 1055 1810 1091 satagentes,
1848 1060 1909 1082 nos

1170 1101 1199 1132 id
1226 1112 1321 1142 agere
1348 1108 1497 1144 putamus
1524 1103 1610 1145 quod
1639 1102 1766 1134 muneri
1796 1107 1908 1135 nostro

1169 1153 1299 1195 Deoque
1342 1155 1586 1196 omnipotenti,
1621 1155 1713 1187 cuius
1751 1155 1908 1187 bonorem

1169 1216 1246 1247 prae
1273 1206 1374 1238 oculis
1394 1207 1566 1246 babemus,
1585 1207 1721 1239 maxime
1740 1207 1905 1239 convenit.

1212 1259 1226 1300 ἓ
1262 1258 1292 1290 1.
1320 1259 1424 1296 Quum
1461 1270 1539 1301 ergo
1577 1259 1670 1291 nobis
1708 1259 2014 1312 innotue=·it‚hc÷msae
2031 1265 2102 1311 εᾱῑῑῗβ

1170 1310 1271 1342 varias
1311 1311 1461 1354 interque
1500 1322 1533 1344 se
1573 1312 1793 1354 discrepantes
1831 1297 2106 1354 opi-ttilt'iffiss-cow’

1169 1363 1284 1395 niones
1309 1375 1344 1396 ac
1370 1375 1465 1396 voces
1482 1365 1521 1397 de
1541 1365 1674 1408 proprio
1694 1365 1801 1397 officio
1816 1375 1909 1408 prae-

1169 1416 1331 1459 cipuoque
1357 1417 1505 1449 instituto
1531 1417 1802 1460 congregationis
1829 1418 1909 1450 dile-

1168 1474 1292 1501 ctorum
1320 1469 1459 1502 liliorum
1492 1471 1684 1503 clericorum
1712 1471 1911 1511 regularium

1169 1532 1349 1565 pauperum
1376 1523 1483 1554 Matris
1509 1523 1582 1562 Dei,
1600 1525 1654 1566 qui
1673 1535 1690 1555 a
1704 1523 1829 1556 Sclzolz's
1842 1524 1910 1566 piis

1169 1575 1443 1615 denominantur,
1471 1576 1502 1607 iu
1530 1577 1627 1609 modo
1654 1582 1686 1609 et
1710 1577 1834 1609 ratione
1860 1576 1910 1609 in-

1168 1627 1316 1660 stituendi
1364 1629 1589 1661 adolescentes
1644 1629 1773 1661 illorum
1814 1640 1909 1662 curae

1169 1681 1380 1720 commissos,
1406 1682 1603 1724 cosdemque
1629 1682 1660 1713 in
1692 1682 1823 1714 scholas
1859 1693 1909 1715 re-

1168 1732 1333 1775 cipiendi,
1360 1734 1614 1776 percrebuisse3
1642 1735 1746 1776 deque
1783 1735 1910 1767 statutis

1168 1796 1184 1816 a
1211 1786 1313 1818 felicis
1341 1787 1579 1819 recordationis
1605 1787 1762 1829 Gregorio
1781 1788 1840 1820 Pr.
1859 1787 1910 1820 XV

1169 1839 1426 1879 praedecessore
1452 1845 1563 1872 nostro
1589 1839 1694 1872 eidem
1729 1840 1911 1882 Congrega-

1170 1890 1247 1922 tioni
1275 1892 1454 1933 apostolica
1480 1892 1675 1924 auctoritate
1702 1893 1910 1932 confirmatis,

1169 1953 1204 1975 ac
1230 1944 1269 1975 de
1295 1945 1511 1987 complurium
1532 1945 1671 1977 aliorum
1690 1945 1908 1977 Romanorum

1168 1995 1360 2028 Pontificum
1386 2003 1447 2029 tam
1473 1998 1535 2029 sul)
1560 1998 1694 2040 plumbo
1721 2008 1817 2040 quam
1847 1998 1908 2030 sub

1168 2050 1287 2080 annulo
1312 2049 1485 2082 Piscatoris
1512 2050 1541 2081 in
1568 2051 1670 2083 forma
1703 2050 1812 2083 Brevis
1849 2061 1908 2093 pro

1169 2103 1253 2134 dicta
1288 2102 1548 2145 Congregationc
1585 2105 1679 2136 editis
1716 2103 1907 2147 apostolicis

1168 2156 1306 2194 litteris,
1332 2157 1506 2199 praecipue
1531 2167 1607 2189 vero
1634 2157 1706 2199 piae
1730 2157 1906 2190 memoriae

1170 2208 1258 2240 Pauli
1284 2209 1318 2248 V,
1345 2209 1408 2241 iam
1434 2210 1511 2241 dicti
1536 2209 1683 2251 Gregorii
1716 2210 1777 2249 XV,
1805 2209 1907 2242 Urha-

1168 2261 1199 2293 ni
1224 2261 1308 2301 tht,
1337 2262 1511 2294 Alexandri
1548 2262 1621 2301 vlt,
1658 2272 1694 2294 ac
1731 2262 1905 2304 utriusque

1167 2312 1342 2346 Clementis
1366 2314 1406 2346 tx
1431 2319 1463 2346 et
1488 2314 1534 2352 X,
1566 2324 1630 2346 non
1656 2324 1720 2346 una
1744 2315 1906 2347 sententia

1167 2365 1353 2398 audiretur:
1380 2376 1449 2407 nos,
1475 2377 1693 2408 quascumque
1719 2372 1905 2398 controver-

1167 2418 1231 2450 sias
1252 2424 1284 2450 et
1301 2419 1531 2458 dissensiones
1551 2430 1588 2451 ex
1607 2420 1667 2451 hac
1685 2419 1905 2461 discrepantia

1167 2471 1357 2513 opinionum
1394 2472 1621 2514 dictorumque
1646 2476 1836 2504 statutorum
1868 2481 1906 2503 ac

1167 2525 1346 2557 litterarum
1371 2525 1459 2557 vario
1482 2534 1578 2557 sensu
1604 2529 1691 2557 ortas
1716 2529 1748 2556 et.
1765 2524 1904 2556 sortasse

1168 2579 1316 2618 orituras‚
1343 2588 1402 2621 pro
1427 2578 1529 2610 nostri
1548 2578 1751 2620 apostolatus
1771 2585 1904 2608 munere
