2182 3137
60 242 107 268 An.
125 241 153 266 C.
174 239 241 266 1734

872 244 1012 267 CLEMENS

252 290 353 323 males
379 289 575 323 habentibus
616 290 871 331 indulserimus,
897 297 933 324 ut
957 292 988 325 in

251 353 360 375 earum
398 343 511 376 diaetis
551 342 704 376 definitor
741 349 773 377 et
808 345 917 377 socius
952 346 989 378 ad

251 396 430 439 capitulum
455 396 607 438 generale
634 396 782 429 mittendi
809 396 883 439 eligi
919 407 991 440 pos-

250 454 340 482 sent:
368 447 417 482 et¹
444 449 503 492 ipsi
526 454 729 492 exponentes
747 450 840 483 dictis
866 450 989 483 duabus

250 503 560 545 congregationibus
588 509 651 536 tres
678 514 787 536 earum
820 504 991 547 religiosos

250 555 386 588 idoneos
413 556 452 589 ad
477 556 663 589 vicariatum
691 559 877 599 generalem
896 568 989 600 prae-

251 609 350 641 satum
375 615 555 642 memorato
581 610 734 652 magistro
756 610 917 652 generali,
938 611 989 653 qui

249 672 349 695 unum
376 672 411 695 ex
440 663 486 695 eis
512 663 572 696 sibi
609 663 799 696 benevisum
838 664 991 707 deputare

250 720 408 756 teneatur,
425 716 615 749 nominandi
642 727 696 749 seu
722 717 928 760 proponendi
949 717 992 750 sa-

251 770 402 802 cultatem
422 770 579 813 impertiri
599 769 771 813 plurimum
790 770 991 811 desiderent,

250 823 331 856 itaut
356 824 536 857 nominatio
564 823 617 856 fiat
641 824 672 856 in
703 823 877 867 praedietis
904 824 992 858 diae-

249 877 290 909 tis
316 888 333 909 a
358 887 417 920 pro
443 882 589 920 tempore
624 877 837 910 existentibus
873 877 990 911 vicario

249 930 421 973 generali,
450 930 612 973 prioribus
639 936 856 964 conventuum
884 937 916 964 et
940 942 991 965 ex-

248 983 373 1017 vicariis
393 984 599 1026 generalibus
631 985 715 1028 (quo
741 991 835 1028 paeto
868 985 989 1019 eisdem

249 1037 558 1081 congregationibus
600 1038 761 1071 salubrius
805 1040 989 1072 consultum

250 1091 332 1131 erit,
353 1101 529 1134 earumque
554 1090 739 1125 immediata
764 1092 922 1126 subiectio
949 1093 990 1126 di-

249 1151 299 1178 cto
324 1145 478 1188 magistro
514 1145 658 1188 generali
696 1145 918 1186 retinebitur,
955 1158 990 1180 ac

248 1199 402 1242 persistet
426 1199 568 1239 arctius,
595 1210 691 1243 quarn
719 1199 750 1232 in
776 1200 920 1243 praefata
938 1211 990 1233 an-

250 1253 338 1297 tiqua
363 1253 616 1296 congregatione
634 1253 858 1294 Lombardiae,
877 1260 990 1297 utpote

249 1317 330 1349 quae
355 1306 483 1339 unicum
511 1307 702 1349 religiosum
728 1307 766 1339 ab
792 1307 861 1350 ipso
890 1308 991 1351 magi-

249 1366 316 1393 stro
342 1360 486 1403 generali
512 1361 767 1394 confirmandum
794 1362 988 1405 postulabat,

249 1414 303 1447 ubi
330 1413 412 1446 istae
438 1418 503 1447 tres
527 1413 696 1456 religiosos
721 1420 935 1458 proponent,
973 1425 989 1448 e

249 1466 366 1511 quibus
403 1466 431 1499 ei
463 1477 586 1507 unum,
612 1478 707 1510 quem
745 1468 922 1508 maluerit,
957 1469 989 1501 in

248 1520 402 1555 vicarium
428 1522 613 1563 generalem
639 1521 851 1565 praeficiendi
886 1522 989 1556 libera

250 1574 310 1607 erit
333 1574 513 1618 potestas):
540 1574 633 1607 nobis
658 1580 834 1618 propterea
859 1575 989 1609 humili-

249 1634 297 1661 ter
337 1627 515 1671 supplicari
555 1628 724 1668 fecerunt,
761 1634 921 1672 quatenus
957 1629 987 1661 in

248 1680 435 1725 praemissis
472 1687 657 1725 opportune
694 1682 863 1725 providere
899 1688 931 1715 et
955 1689 989 1716 ut

249 1735 332 1769 insra
356 1736 528 1778 indulgere
555 1736 595 1768 de
627 1736 830 1779 benignitate
863 1742 989 1780 aposto-

247 1790 311 1822 liea
335 1789 551 1831 dignaremur.
570 1788 632 1822 Nos
653 1789 758 1831 igitur,
776 1790 814 1822 ad
837 1800 885 1830 ea,
906 1801 987 1833 quae

249 1843 335 1876 felici
360 1852 587 1886 prosperoque
613 1843 781 1886 utriusque
810 1853 988 1887 congrega-

249 1896 345 1930 tionis
371 1896 536 1939 praefatae
562 1895 711 1939 regimini
738 1907 774 1930 ae
798 1897 986 1939 progressui

249 1949 467 1984 conducibilia
491 1955 586 1990 sunt,
613 1949 754 1983 libenter
771 1950 985 1991 intendentes,

250 2003 422 2047 dictosque
440 2008 637 2047 exponentes
656 2003 853 2046 specialibus
874 2004 987 2037 favori-

248 2057 307 2091 bus
333 2063 364 2091 et
390 2056 501 2100 gratiis
526 2056 683 2101 prosequi
704 2059 858 2099 volentes,
881 2064 912 2091 et
932 2069 987 2092 eo-

248 2122 319 2145 rum
355 2110 540 2154 singulares
576 2121 733 2158 personas
775 2122 791 2144 a
820 2112 987 2155 quibusvis

248 2163 607 2204 excommunicationis,
633 2164 857 2208 suspensionis
889 2172 920 2199 et
945 2166 988 2199 in-

248 2218 385 2259 terdicti,
406 2217 543 2261 aliisque
561 2218 787 2251 ecclesiasticis
808 2220 985 2260 sententiis,

247 2272 393 2306 censuris
420 2277 450 2306 et
470 2272 599 2315 poenis,
619 2283 636 2305 a
656 2272 725 2305 iure
745 2273 794 2305 vel
820 2273 859 2306 ab
884 2273 987 2306 homi-

248 2338 307 2368 ne,
333 2325 443 2370 quavis
468 2325 637 2359 occasione
663 2326 712 2359 vel
738 2329 833 2359 causa
856 2326 938 2367 latis,
960 2328 985 2360 si

248 2379 367 2424 quibus
385 2378 632 2423 quomodolibet
647 2379 820 2412 innodatae
833 2380 985 2420 existunt,

246 2434 286 2467 ad
308 2432 455 2467 effectum
480 2433 699 2476 praesentium
724 2432 886 2466 dumtaxat
911 2443 986 2466 eon-

248 2487 463 2532 sequendum,
484 2486 598 2519 harum
619 2487 705 2520 serie
723 2486 925 2521 absolventes
955 2493 985 2520 et

248 2541 409 2575 absolutas
428 2540 495 2573 sore
512 2545 691 2581 censentes,
715 2540 900 2574 huiusmodi
914 2550 984 2584 sup-

247 2593 475 2639 plicationibus
501 2593 665 2634 inclinati,
692 2599 727 2626 ut
760 2594 911 2637 deinceps
937 2604 984 2626 su-

284 2659 293 2684 1
317 2655 456 2684 Coniunet.
479 2658 505 2684 el
525 2664 573 2684 nos
594 2655 719 2683 addimus
739 2658 776 2690 (a.
794 2656 842 2692 T.)-

335 2710 419 2740 Ruti.
438 2710 523 2740 Rom.
546 2728 575 2730 —
603 2712 664 2742 Vol.
683 2711 794 2739 XXIII.
939 2709 972 2737 60

1038 245 1081 268 xu
1107 246 1154 269 PF.

1034 293 1199 335 pradictae
1217 295 1296 328 duae
1312 297 1582 339 congregationes
1593 297 1625 331 S.
1637 297 1773 332 Sabinae

1035 352 1066 379 et
1082 347 1112 379 S.
1134 347 1226 381 Marci
1253 348 1284 382 in
1311 360 1420 382 earum
1443 350 1565 390 diaetis,
1585 350 1666 384 sicut
1683 362 1774 395 prac-

1035 399 1180 440 mittitur,
1209 407 1271 434 tres
1297 402 1622 445 religiosos-habiles
1647 410 1677 438 et
1702 405 1773 438 ido-

1034 462 1113 485 neos
1140 455 1178 487 ad
1205 455 1359 489 vicarium
1378 459 1560 499 generalem
1579 459 1772 502 praefatum,

1036 507 1159 539 tametsi
1197 509 1442 552 philosophiam
1469 517 1500 544 et
1525 522 1646 544 sacrani
1679 513 1772 546 theo-

1035 558 1151 599 logiam
1179 568 1248 593 actu
1275 573 1339 594 non
1366 564 1491 605 legant,
1520 575 1578 597 nee
1604 571 1698 600 antea
1725 567 1770 599 le-

1034 613 1164 652 gerint,
1190 614 1344 656 magistro
1370 617 1514 658 generali
1541 618 1683 652 eiusdem
1720 618 1774 651 Or-

1035 665 1118 697 dinis
1142 677 1202 709 pro
1240 673 1385 711 tempore
1418 670 1566 703 existenti
1603 672 1772 706 nominare

1036 729 1090 751 seu
1116 730 1302 762 proponere
1329 723 1507 765 respective
1525 724 1650 767 possint
1667 730 1696 757 et
1719 737 1772 759 va-

1036 772 1139 813 leant,
1160 772 1294 817 ipseque
1313 776 1466 818 magister
1484 777 1645 819 generalis
1664 789 1771 818 unuin,

1036 835 1131 868 quem
1157 827 1325 868 maluerit,
1354 839 1388 861 ex
1417 829 1519 862 tribus
1546 830 1708 873 religiosis
1728 832 1773 865 sic

1035 880 1222 920 nominatis,
1237 891 1292 914 seu
1308 882 1491 926 propositis,
1504 883 1536 916 in
1551 883 1704 917 vicarium
1720 896 1773 928 ge-

1035 933 1178 966 neralem
1204 933 1287 967 infra
1312 945 1458 969 mensem
1477 947 1493 969 a
1511 937 1561 970 die
1587 944 1773 980 praesenta-

1035 985 1129 1019 tionis
1155 986 1215 1019 sibi
1242 987 1410 1022 faciendae
1435 990 1773 1025 nominationiseius-

1033 1039 1119 1072 modi
1152 1041 1405 1084 computandum
1435 1043 1591 1087 deputare
1618 1054 1654 1078 ae
1678 1055 1772 1088 prae-

1033 1092 1131 1127 ficere
1158 1099 1318 1135 teneatur,
1337 1096 1421 1129 dieta
1438 1097 1639 1138 auctoritate,
1659 1104 1772 1132 tenore

1033 1148 1268 1189 praesentium,
1295 1148 1462 1183 statuimus
1488 1156 1520 1183 et
1544 1152 1741 1185 ordinamus.

1077 1201 1091 1244 ἓ
1115 1200 1147 1234 3.
1176 1202 1407 1243 Decernentes,
1429 1205 1558 1238 easdem
1586 1212 1773 1249 praesentes

1033 1254 1156 1288 litteras
1182 1255 1301 1296 firmas,
1329 1258 1450 1291 validas
1475 1263 1507 1291 et
1536 1259 1682 1293 efficaces
1707 1261 1772 1293 exi-

1033 1313 1118 1341 stere
1144 1314 1174 1341 et
1198 1309 1286 1348 sore,
1311 1321 1455 1354 suosque
1482 1312 1649 1355 plenarios
1675 1318 1706 1346 et
1726 1313 1772 1346 in-

1035 1366 1142 1403 tegros
1167 1361 1301 1396 effeetus
1326 1363 1433 1396 sortiri
1468 1370 1499 1397 et
1533 1365 1683 1398 obtinere
1704 1393 1710 1406 ,
1737 1378 1772 1399 ac

1033 1414 1118 1455 illis,
1147 1415 1184 1448 ad
1212 1427 1293 1459 quos
1324 1423 1447 1460 spectat
1477 1424 1508 1451 et
1536 1429 1595 1462 pro
1625 1425 1771 1463 tempore

1033 1469 1303 1513 quandocumque
1335 1472 1517 1514 spectabit,
1553 1472 1585 1505 in
1622 1473 1772 1506 omnibus

1033 1526 1064 1554 et
1089 1532 1146 1564 per
1173 1522 1279 1555 omnia
1306 1524 1495 1566 plenissime
1521 1524 1687 1568 suffragari
1707 1553 1714 1566 ,
1742 1533 1773 1559 et

1032 1574 1071 1608 ab
1083 1575 1129 1608 eis
1149 1576 1330 1619 respective
1347 1576 1582 1612 inviolabiliter
1595 1580 1771 1619 observari,

1031 1628 1143 1671 sieque
1178 1629 1210 1661 in
1246 1630 1431 1672 praemissis
1465 1642 1523 1674 per
1548 1643 1771 1676 quoscumque

1032 1681 1154 1714 iudices
1185 1682 1369 1716 ordinarios
1395 1689 1426 1716 et
1454 1684 1644 1726 delegatos,
1678 1686 1771 1718 etiam

1031 1745 1199 1767 causarum
1231 1736 1344 1779 palatii
1377 1737 1547 1779 apostolici
1585 1737 1772 1776 auditores,

1031 1788 1165 1821 iudicari
1192 1794 1223 1821 et
1247 1789 1372 1822 definiri
1403 1790 1542 1831 debere,
1575 1803 1611 1824 ac
1646 1792 1773 1825 irritum

1032 1847 1064 1875 et
1088 1842 1183 1875 inane
1205 1843 1229 1875 si
1255 1853 1348 1876 secus
1367 1844 1534 1887 superbis
1562 1856 1579 1877 a
1601 1856 1771 1889 quoquam,

1031 1896 1142 1940 quavis
1171 1896 1362 1930 auctoritate
1382 1924 1389 1937 ‚
1416 1897 1559 1931 scienter
1595 1899 1643 1931 vel
1680 1899 1771 1942 igno-

1031 1954 1139 1982 ranter
1158 1977 1165 1989 ,
1193 1949 1366 1992 contigerit
1390 1952 1553 1983 attentari.

1074 2003 1089 2046 ᾗ
1113 2002 1144 2035 4.
1179 2002 1247 2035 Νοη
1273 2003 1478 2036 obstantibus
1501 2004 1706 2047 praemissis,
1734 2017 1769 2039 ae
1805 2012 1899 2031 numm
1918 2018 1960 2031 [ω’]

1796 2042 1896 2063 erogatio.

1031 2056 1313 2090 constitutionibus
1345 2062 1375 2089 et
1405 2057 1664 2091 ordinationibus
1692 2071 1770 2103 apo-

1030 2110 1159 2150 stolicis,
1187 2120 1315 2143 necnon
1341 2110 1630 2153 congregationum
1655 2117 1687 2144 et
1714 2112 1768 2145 Or-

1031 2164 1114 2197 dinis
1150 2163 1394 2206 praesatorum,
1429 2162 1523 2196 etiam
1557 2163 1737 2198 iuramento
1758 2192 1766 2205 ,

1030 2216 1274 2251 confirmatione
1300 2217 1483 2260 apostolica,
1511 2218 1560 2251 vel
1587 2217 1696 2260 quavis
1714 2218 1766 2251 sir-

1029 2271 1137 2304 mitate
1163 2270 1225 2303 alia
1250 2270 1422 2309 roboratis,
1442 2271 1566 2303 statutis
1585 2276 1615 2303 et
1633 2281 1767 2305 eonsue-

1031 2324 1207 2363 tudinibus,
1221 2323 1398 2366 privilegiis
1417 2334 1557 2367 quoque,
1579 2323 1708 2357 indultis
1736 2330 1768 2358 et

1029 2376 1144 2410 litteris
1168 2375 1358 2418 apostolicis
1386 2375 1418 2408 in
1450 2376 1644 2408 contrarium
1675 2387 1765 2420 prae-

1028 2431 1197 2463 missorum
1224 2428 1470 2471 quomodolibet
1497 2429 1669 2468 concessis,
1696 2439 1766 2462 con-

1028 2483 1159 2516 firmatis
1191 2487 1223 2515 et
1254 2481 1437 2522 innovatis,
1467 2482 1584 2524 quibus
1608 2482 1765 2515 Tomnibus

1027 2541 1058 2570 et
1075 2536 1220 2579 singulis,
1238 2534 1366 2567 illorum
1394 2540 1522 2568 tenores
1541 2534 1764 2578 praesentibus

1027 2600 1085 2634 pro
1118 2590 1211 2632 plene
1238 2593 1267 2621 et
1297 2587 1495 2621 sufficienter
1531 2587 1689 2631 expressis
1727 2600 1763 2622 ac

1027 2644 1065 2678 de
1090 2643 1187 2677 verbo
1213 2642 1251 2675 ad
1276 2642 1408 2676 verbum
1434 2642 1562 2676 insertis
1588 2642 1761 2685 habentes,

1668 240 1731 273 6:33
1779 250 1864 277 Aac
1898 250 1966 277 1734

1810 1214 1931 1235 Ctausntae.
