2182 3137
191 228 243 253 nn.
265 226 296 253 c.
319 225 387 252 173»
436 217 501 250 248

384 276 508 307 solutos
535 275 603 307 sore
634 278 804 306 censentes
822 300 829 311 ‚
865 271 1127 315 supradictorum

384 333 580 359 statutorum
600 353 608 365 ,
636 332 666 358 et
693 326 781 359 Pauli
808 325 831 356 V
848 351 855 362 ,
882 323 1030 366 Gregorii
1056 322 1127 362 XV,

385 379 504 412 Urbani
532 379 611 418 Vnt,
638 378 813 411 Alexandri
839 377 888 409 Vll
912 382 943 409 et
959 376 1127 418 utriusque

385 432 558 465 Clementis
584 432 623 464 lx
649 438 680 464 et
698 431 723 464 X
741 436 987 463 antecessorum
1006 435 1128 460 nostro-

386 495 456 516 rum
496 484 687 517 Pontificum
725 483 946 515 Romanorum
980 487 1043 513 tam
1070 481 1127 512 snb

385 537 519 580 plumbo
545 547 642 579 qnam
674 536 705 567 in
744 536 846 567 serina
882 533 992 567 Brevis
1025 533 1128 566 editas

385 591 506 622 litteras
532 590 665 622 eosdem
697 588 834 621 clericos
858 588 1024 629 regulares
1051 596 1128 628 quo-

386 642 567 674 modolibet
592 641 819 684 respicientes,
846 646 878 672 et
901 649 1125 683 quaecumque

385 695 418 726 in
444 694 595 737 capitulis
621 693 828 735 generalibus
856 693 990 725 decreta
1016 691 1054 723 ab
1081 691 1126 723 eis

385 747 535 785 condita,
562 747 757 789 illorumque
783 745 927 778 omnium
954 750 985 777 et
1016 745 1127 785 singn-

385 801 490 832 lornm
519 805 651 832 tenores
669 825 676 838 ,
704 799 799 831 etiam
825 799 988 835 veriores,
1016 808 1051 829 ac
1077 797 1127 828 da-

386 857 433 884 tas
459 852 684 895 praesentibus
710 862 769 894 pro
795 852 890 893 plene
917 855 948 882 et
966 849 1126 882 sufficien-

387 909 435 936 ter
475 904 636 947 expressis
678 904 837 935 habentes
858 929 864 940 ,
907 912 1126 945 quascumque

386 957 634 996 contentiones,
651 956 830 988 discordias
850 960 881 987 ct
895 955 984 992 lites,
1004 955 1125 996 siquae

386 1010 496 1042 forsan
523 1009 774 1051 quomodolibet
799 1008 900 1040 ubivis
919 1009 1061 1040 locorum
1079 1018 1128 1038 su—

386 1072 444 1104 per
469 1061 658 1094 huiusmodi
681 1066 875 1093 statutorum
894 1065 924 1092 et
945 1060 1125 1092 litterarni‘n

386 1114 639 1157 apostolicarum
676 1113 948 1155 interpretatione
986 1118 1016 1144 et
1053 1123 1126 1145 vero

387 1177 482 1199 sensu
506 1172 618 1198 contra
644 1166 776 1198 eosdem
796 1165 937 1197 Clericos
960 1166 1127 1207 regulares

386 1225 519 1252 exortae
546 1225 671 1257 essent,
699 1224 730 1250 et
747 1229 854 1250 corani
870 1218 1127 1260 quibuscumque

387 1271 546 1303 iudicibus
573 1271 774 1303 introductae
801 1276 831 1302 et
857 1270 1022 1303 indecisae
1048 1280 1127 1313 pen-

387 1325 499 1356 dentes
519 1323 730 1360 haberentur,
750 1329 804 1354 aut
821 1322 1035 1365 imposterum
1051 1323 1126 1355 oriri

386 1388 527 1419 nuquam
545 1381 701 1419 possent,
723 1377 761 1408 ad
781 1386 839 1408 nos
859 1381 889 1408 et
906 1376 1022 1408 Sedem
1045 1376 1128 1418 Apo-

386 1430 532 1461 stolicam
559 1434 754 1468 avocantes,
779 1439 815 1460 ac
841 1428 969 1470 penitus
1002 1428 1128 1471 suppri-

385 1489 512 1515 mentes
539 1489 568 1514 et
595 1482 844 1524 extinguentes,
872 1493 908 1514 ac
945 1492 1045 1524 snper
1083 1482 1127 1513 eis

385 1541 580 1578 perpetuum
607 1535 772 1567 silentium
798 1535 1014 1577 imponentes,
1041 1541 1127 1568 motu

385 1588 519 1631 proprio
538 1615 545 1628 ,
572 1598 608 1620 ex
635 1591 722 1620 certa
748 1588 884 1620 scicntia
910 1593 941 1620 et
970 1588 1128 1620 delibera-

385 1641 474 1673 tione
501 1643 637 1680 nostra,
664 1640 769 1682 deque
801 1640 998 1682 apostolicae
1036 1645 1127 1682 pote-

385 1695 475 1726 statis
502 1693 723 1736 plenitudine,
743 1694 782 1725 de
807 1693 942 1725 consilio
969 1704 1127 1727 memora-

386 1752 434 1779 tae
460 1746 730 1788 Congregationis
757 1747 972 1789 particularis,
997 1747 1128 1779 decreta

384 1800 532 1842 superius
558 1810 711 1842 expressa
737 1805 768 1832 et
792 1800 963 1832 enunciata
985 1826 991 1839 ,
1017 1805 1052 1831 ut
1079 1800 1128 1832 de-

384 1854 496 1895 inceps
523 1863 652 1895 semper
677 1864 711 1885 ae
738 1858 900 1895 perpetuo
927 1853 1069 1895 vigeant,
1097 1858 1128 1885 et

385 1907 505 1949 ubique
531 1907 676 1938 locorum
702 1905 742 1937 ab
767 1905 886 1938 iisdem
918 1905 1046 1938 clericis
1078 1915 1128 1937 re-

384 1959 552 2001 gularibus
578 1959 776 2001 illorumque
801 1958 986 2001 praeposito
1005 1963 1036 1990 et
1053 1969 1129 2001 pro-

384 2018 534 2044 curatore
560 2012 767 2053 generalibus
786 2012 966 2054 ceterisque
985 2012 1128 2054 superio-

384 2063 668 2106 ribusetpersonis
679 2063 938 2106 quitmsemnque
954 2063 1128 2096 observen-

386 2122 454 2156 tur,
482 2117 658 2159 apostolica
682 2116 874 2149 auctoritate
901 2116 1128 2149 confirmamus

385 2175 415 2203 et
440 2170 684 2213 approbamus,
712 2170 844 2212 illisque
870 2175 1003 2202 nostrae
1030 2169 1128 2202 firmi-

386 2223 456 2255 tatis
485 2223 586 2255 robur
611 2222 797 2262 adiicimns,
819 2228 850 2254 et
868 2228 1028 2265 quatenns
1047 2233 1128 2265 opus

384 2276 446 2315 sit,
472 2287 556 2318 qnae
581 2276 613 2307 in
639 2275 835 2318 supradictis
862 2276 1001 2308 decretis
1027 2275 1128 2308 conti-

385 2334 526 2368 nentur,
566 2332 630 2360 tam
665 2328 790 2360 scilieet
826 2328 933 2370 quoad
971 2328 1127 2360 maiorum

384 2381 595 2413 scientiarum
624 2381 831 2413 traditionem
849 2407 856 2419 ,
888 2391 982 2423 qnam
1020 2381 1127 2423 quoad

385 2434 617 2466 admissionem
644 2433 804 2466 nobilium
829 2443 864 2465 ac
893 2433 1028 2465 divitum
1048 2443 1128 2476 pue-

385 2497 493 2519 rorum
519 2487 558 2519 ad
585 2496 696 2519 eorum
714 2487 851 2526 scholas,
872 2497 967 2529 quam
988 2486 1128 2528 denique

386 2540 494 2582 quoad
521 2550 630 2572 curam
656 2544 687 2572 et
712 2539 858 2581 regimen
890 2539 1126 2580 collegiorum,

385 2591 633 2624 seminariorum
659 2595 691 2624 et
715 2591 938 2631 convictuum,
973 2591 1011 2623 de
1044 2600 1128 2623 novo

984 223 1170 247 BULLARtUM
1197 223 1356 247 Romanum

1927 224 1974 250 An·
1995 223 2025 250 C.
2045 223 2101 250 173

1174 271 1395 311 concedimus,
1422 276 1455 304 et
1479 271 1566 303 omni
1589 271 1717 304 meliori
1743 271 1841 304 modo
1865 281 1918 303 su-

1174 325 1286 365 prema
1316 334 1352 356 ac
1389 323 1570 366 apostoliea
1606 327 1768 366 potestate
1805 325 1918 356 nostra

1173 375 1398 418 impertimur,
1423 386 1535 408 omnes
1560 380 1591 408 et
1615 376 1760 417 singulos
1789 380 1852 408 tam
1872 376 1919 408 iu-

1173 428 1215 460 ris
1242 438 1339 471 quam
1367 428 1440 460 sacti
1466 433 1498 460 et
1522 428 1838 461 circumstantiarum
1865 428 1917 461 de-

1173 480 1274 512 sectus
1291 507 1298 520 ‚
1325 481 1350 512 si
1377 480 1431 523 qui
1459 480 1490 513 in
1516 481 1562 513 eis
1597 481 1844 524 quomodolibet
1868 481 1917 514 in-

1173 533 1412 571 tervenissent,
1438 533 1535 575 plene
1561 534 1765 576 supplentes.

1214 586 1229 628 §
1254 585 1286 617 5.
1312 585 1357 618 Ne
1382 596 1458 618 vero
1484 586 1515 618 in
1541 592 1706 629 posterum
1740 587 1953 630 quisquamst
1968 598 2025 619 nune
2040 599 2117 624 genui-

1172 638 1275 670 ubivis
1299 638 1446 671 locorum
1473 644 1504 671 et
1529 639 1674 680 gentium
1693 645 1807 672 contra
1824 650 1914 682 prae·
1926 631 2015 677 ¹32¹ssqu
2031 652 2116 673 intera-
2157 659 2165 671 -.

1172 691 1267 723 missa
1292 701 1390 723 novas
1415 691 1650 724 controversias
1675 698 1707 725 et
1740 693 1914 727 dissensio·
1926 683 1970 725 {311⁰ss
1983 679 2119 726 ‘'p‘’{ifflsifiiis

1924 730 1989 751 fuisse
2017 732 2038 751 et
2065 737 2117 753 esse*
2156 739 2164 748 ·

1171 754 1228 776 nes
1253 743 1411 783 excitare,
1438 744 1624 786 eisdemque
1658 744 1786 777 clericis
1818 755 2050 788 regu-deciaraia
2078 764 2115 779 ce-

1924 783 1973 803 ieris
2021 784 2117 809 quibus·
2157 797 2165 803 .

1170 796 1293 829 laribus
1309 797 1347 829 de
1364 797 1414 829 his
1433 797 1615 830 molestiam
1634 798 1772 840 aliquam
1791 798 2014 838 inferreenmque
2033 811 2065 830 sic
2082 811 2120 831 in-

1171 849 1295 881 audeat'
1312 859 1393 891 quae
1419 860 1436 881 a
1457 849 1540 882 dicta
1558 850 1816 892 Congregatione
1837 841 1933 893 par-⁸
1957 836 2074 861 'mendum'

1171 901 1295 933 ticulari
1323 902 1483 944 explicata
1508 908 1581 934 sunt
1599 908 1629 935 et
1643 913 1658 934 a
1677 903 1772 935 nobis
1790 914 1910 946 appro-

1170 954 1244 986 bata
1269 966 1304 986 ac
1330 955 1369 986 de
1395 965 1478 987 novo
1504 965 1677 995 concessa,
1705 956 1908 999 decretisque

1170 1007 1346 1049 praedictis
1361 1008 1577 1047 continentur,
1596 1014 1787 1041 statutorum
1808 1014 1839 1041 et
1859 1009 1911 1042 lit-

1172 1065 1312 1092 terarum
1339 1061 1589 1102 apostolicarum
1616 1067 1677 1093 tam
1703 1062 1762 1094 sub
1778 1062 1911 1104 plumbo

1171 1123 1267 1155 quam
1294 1113 1325 1144 in
1351 1113 1455 1146 forma
1481 1113 1589 1146 Brevis
1627 1114 1814 1147 huiusmodi
1840 1125 1913 1147 esse

1171 1176 1302 1204 verum,
1329 1176 1544 1208 germanum,
1569 1166 1729 1200 sincerum
1756 1173 1787 1200 et
1819 1168 1914 1200 indu-

1173 1217 1259 1250 bium
1286 1228 1442 1258 sensnm·‚
1476 1219 1573 1261 idque
1600 1229 1696 1251 omne
1727 1230 1745 1252 a
1778 1220 1914 1262 quibus-

1171 1281 1308 1313 cumque
1334 1271 1429 1303 etiam
1454 1272 1585 1314 speciali
1613 1274 1688 1304 nota
1715 1272 1820 1314 dignis
1839 1299 1847 1313 ,
1883 1279 1915 1306 et

1172 1324 1280 1365 vigore
1299 1323 1566 1356 constitutionum
1585 1324 1834 1366 apostolicarum
1859 1335 1914 1358 no-

1171 1381 1376 1418 strarumque
1402 1381 1434 1408 et
1457 1376 1674 1409 Cancellariae
1706 1377 1914 1419 Apostolicae

1171 1429 1356 1470 regularum
1381 1428 1568 1471 specialiter
1601 1435 1632 1461 et
1665 1430 1828 1462 individue
1860 1441 1914 1463 ex-

1172 1481 1368 1523 primendis,
1394 1481 1489 1513 etiam
1514 1482 1545 1514 S.
1566 1482 1602 1514 R.
1624 1482 1658 1514 E.
1678 1483 1909 1522 cardinalibus,

1171 1534 1317 1566 locorum
1343 1533 1532 1572 Ordinariis,
1559 1539 1589 1566 et
1614 1535 1800 1577 quorumvis
1819 1535 1913 1568 Ordi-

1171 1597 1258 1626 nnm,
1278 1586 1373 1618 etiam
1392 1586 1647 1619 mendicantium
1663 1593 1695 1619 et
1711 1587 1912 1629 militarium,

1171 1650 1300 1672 necnon
1327 1640 1423 1672 etiam
1449 1641 1740 1682 congregationum
1762 1651 1913 1683 quorum-

1171 1703 1309 1735 cumque
1336 1693 1473 1725 aliorum
1493 1693 1686 1725 clericorum
1705 1693 1911 1735 regularium,

1173 1745 1267 1777 etiam
1294 1745 1463 1777 Societatis
1489 1745 1559 1777 Iesu
1578 1771 1585 1783 ,
1612 1751 1642 1778 et
1668 1746 1809 1778 cuiusvis
1834 1747 1914 1779 alte-

1172 1798 1239 1830 rius
1265 1798 1424 1840 regularis
1449 1797 1582 1831 instituti
1609 1798 1759 1841 personis
1785 1800 1914 1841 regula-

1172 1851 1281 1891 ribus,
1309 1852 1443 1884 omnino
1470 1852 1663 1884 servandum
1691 1863 1780 1891 esse;
1807 1863 1913 1895 neque

1172 1904 1297 1937 eisdem
1323 1904 1451 1936 statutis
1477 1909 1508 1936 et
1524 1904 1642 1937 litteris
1660 1905 1848 1947 apostolicis
1866 1916 1915 1938 su-

1171 1957 1281 2000 perius
1307 1957 1471 2000 expressis
1503 1958 1601 1989 ullam
1628 1958 1723 1990 aliam
1753 1958 1914 2000 interpre-

1173 2010 1327 2042 tationem
1362 2010 1458 2042 tribui
1492 2020 1610 2052 posse;
1647 2021 1752 2053 neque
1790 2011 1913 2043 eisdem

1172 2063 1299 2096 clericis
1332 2063 1538 2105 regularibus
1572 2063 1681 2096 Matris
1707 2063 1787 2102 Dei,
1814 2063 1869 2106 qui
1895 2074 1913 2096 a

1171 2116 1296 2149 Sclzolis
1316 2116 1381 2159 piis
1399 2116 1666 2153 denominantur,
1682 2127 1717 2148 ex
1733 2116 1799 2148 suis
1816 2122 1913 2149 statu-

1173 2170 1211 2201 tis
1235 2168 1418 2211 litterisque
1444 2169 1629 2211 apostolicis
1648 2169 1764 2201 iisdem
1783 2179 1913 2201 conces-

1171 2222 1229 2261 sis,
1250 2221 1443 2264 praescrtim
1462 2221 1548 2254 Pauli
1568 2221 1589 2253 V
1610 2221 1842 2264 incipientibus
1859 2221 1914 2255 Ad

1171 2285 1216 2314 en,
1232 2274 1384 2307 scientias
1401 2274 1538 2306 maiores
1552 2274 1696 2316 profiteri
1713 2284 1853 2316 unquam
1867 2274 1913 2306 in-

1173 2326 1343 2359 terdictum
1362 2331 1392 2358 et
1409 2326 1540 2359 vetitum
1562 2326 1676 2366 l'uisse;
1696 2327 1796 2358 immo
1815 2326 1912 2359 etiam

1171 2379 1203 2411 in
1224 2379 1289 2411 suis
1315 2379 1453 2421 publicis
1470 2379 1592 2411 scholis
1612 2379 1740 2412 easdem
1758 2379 1911 2412 scientias

1171 2432 1308 2464 maiores
1325 2431 1591 2464 adolescentibus
1606 2432 1841 2475 cuiuscumque
1859 2441 1911 2465 or-

1172 2483 1256 2517 dinis
1279 2489 1310 2517 et
1335 2484 1529 2517 conditionis
1548 2484 1673 2517 tradere
1691 2490 1722 2517 et
1739 2485 1910 2527 perlegere

1171 2537 1301 2569 licuisse
1327 2542 1359 2569 et
1383 2537 1498 2577 licere,
1523 2537 1698 2579 apostolica
1715 2537 1909 2570 auctoritate

1171 2587 1282 2623 nostra
1308 2589 1512 2623 decernimus
1537 2595 1568 2622 et
1592 2589 1803 2623 declaramus.

2014 631 2117 651 quarum·
2159 639 2162 644 .
2174 636 2175 644 i
