2182 3137
168 299 174 309 ’
209 298 258 322 An.
276 297 304 323 C.
329 296 393 323 ¹734

249 506 324 524 Contra
345 509 364 528 p·
373 509 391 522 r·

210 537 315 550 missine&

229 794 290 813 Arma
307 799 342 818 per
359 799 391 812 rn—

210 819 292 844 haimos
302 827 342 840 uun
351 826 393 840 »er-

211 847 285 866 iuml-1.

250 1191 324 1212 Forma
344 1198 392 1217 pro-

210 1224 305 1238 cessuum
355 1225 392 1243 per

211 1246 291 1265 iudices
329 1246 391 1266 eden-

211 1272 290 1292 donum.

237 1589 328 1608 'si-stium
345 1595 394 1615 qum

214 1615 290 1635 insu—s.

225 2120 319 2139 Assessnr
329 2128 338 2139 a
351 2126 397 2139 <ae-

214 2146 261 2164 rulo
298 2151 394 2173 compluti*

214 2172 259 2192 dus.

262 2506 289 2524 lte
306 2512 338 2532 ap,
349 2507 397 2526 ella-

217 2534 315 2552 innotuis.

441 285 503 317 5713

402 343 474 372 seria
496 343 574 371 sexta
595 350 644 380 per
658 350 784 370 mensem
805 339 917 369 cibetur
937 337 1137 368 tautummodo

402 400 473 431 pane
496 395 522 419 et
545 391 631 429 aqua,
656 394 680 418 et
707 389 836 428 privetur
870 390 990 427 utraque
1014 396 1081 417 voce
1104 387 1137 416 ad

402 439 570 468 triennium.

441 497 470 517 n.
494 487 522 516 Si
545 487 610 526 quis
633 496 719 516 manu
744 486 911 524 religiosum
936 485 1136 525 percusserit,

401 540 567 565 carceretur
591 544 640 574 pro
664 539 727 564 octo
750 535 827 573 dies3
852 534 875 564 si
902 534 1005 563 baculo
1028 538 1053 562 et
1077 543 1138 571 gra·

403 585 476 614 viter
493 608 500 621 ,
526 593 576 623 per
611 593 658 613 sex
690 593 825 619 mensem
850 583 872 613 si
897 592 965 612 vero
994 583 1068 612 ferro
1091 586 1140 611 aut

403 633 513 672 selopO,
532 642 582 672 per
604 641 724 662 annum.
750 634 856 661 Secuta
878 636 973 661 autem
999 630 1139 660 membro-

403 691 465 711 rum
491 681 672 711 mutilatione
688 690 720 710 ex
746 681 865 710 vulnere
889 685 1006 719 accepto
1030 680 1057 709 in
1081 679 1140 708 vul-

402 735 524 768 nerato,
550 731 705 760 vulnerans
736 740 856 769 poenam
884 729 986 759 subeat
1015 729 1140 759 carceris

402 781 436 810 ad
461 780 637 817 triennium,
661 781 782 819 sequuta
807 789 872 809 vero
897 784 1000 816 morte,
1025 779 1052 807 iu
1078 786 1140 816 per-

403 835 532 869 petuum.
558 829 625 859 lude
641 829 675 859 ad
694 828 888 867 praecavenda
907 827 934 856 in
949 827 1055 857 nostris
1071 827 1140 856 haec

404 878 498 913 mala,
523 877 636 907 cunctis
669 877 722 906 sub
753 878 844 916 poena
878 875 1004 905 carceris
1033 877 1068 904 ad
1092 884 1140 904 sex

404 936 517 957 menses
540 926 740 965 prohibemns,
759 935 793 954 ne
814 924 927 964 propria
952 924 994 953 vel
1018 923 1140 952 aliorum

402 985 481 1006 arma
505 977 544 1005 et¹
568 975 700 1005 instituto
725 974 865 1003 ostensiva
890 975 983 1002 serant
1006 972 1049 1001 vel
1073 982 1140 1001 cou-

403 1027 528 1054 servent.

443 1074 511 1103 Car.
530 1072 653 1102 xxxin.
670 1090 708 1095 —-
723 1071 814 1107 Quoad
831 1070 943 1108 iudices,
963 1073 1139 1103 accusatores,

596 1126 674 1151 testes
696 1125 720 1151 et
742 1120 949 1159 appellationes.

444 1182 462 1201 1.
486 1171 598 1201 ludices
620 1171 648 1200 iu
673 1174 771 1199 nostro
790 1169 909 1202 Ordine,
925 1168 984 1197 sive
1001 1166 1141 1196 ordinarii

403 1221 463 1250 sive
486 1219 620 1257 delegati,
646 1228 798 1258 processus
820 1218 905 1247 edere
936 1220 1093 1255 nequeant,
1117 1215 1140 1244 si

403 1274 588 1300 accusatores
612 1278 669 1298 non
693 1278 722 1297 se
745 1267 798 1297 sub
825 1267 941 1296 initium
964 1265 1142 1304 subscripse-

403 1320 461 1349 rint
484 1319 517 1348 ad
542 1327 662 1357 poenam
688 1317 814 1353 talionis,
832 1325 917 1355 quam
941 1314 1059 1345 omnino
1079 1324 1142 1344 sus-

404 1369 497 1399 tinere
519 1367 624 1397 debent
649 1367 673 1396 si
706 1366 884 1396 sufficienter
917 1364 951 1394 tle
984 1364 1142 1394 existentia

404 1417 482 1447 allati
515 1416 647 1446 criminis
679 1425 736 1445 non
770 1414 944 1444 docuerint:
969 1413 1056 1452 idque
1088 1412 1141 1442 sub

406 1467 499 1505 poena
521 1465 663 1495 nullitatis
686 1473 839 1504 processus
854 1488 861 1501 ,
886 1467 913 1493 et
934 1462 1023 1492 iudici
1047 1462 1142 1502 priva-

407 1515 492 1544 tionis
514 1514 602 1544 officii
626 1514 661 1543 ad
685 1513 857 1543 triennium.

445 1573 474 1594 u.
498 1564 599 1594 Testes
623 1572 739 1603 quoque
768 1572 824 1592 non
848 1562 1061 1600 admittantur,
1086 1561 1141 1591 nisi

406 1613 462 1643 tide
485 1613 584 1652 (ligni,
610 1617 637 1643 et
659 1613 683 1642 si
706 1612 769 1642 salsi
792 1611 1069 1650 deprehendantur,
1093 1615 1142 1640 aut

408 1662 492 1702 positi
516 1663 593 1692 inter
623 1661 679 1691 duo
713 1661 875 1691 iuramenta
891 1684 898 1698 ,
922 1660 995 1689 arcti
1017 1659 1143 1689 carceris

407 1713 501 1751 poena
525 1711 684 1750 puniantur
706 1710 740 1740 ad
764 1719 813 1739 sex
836 1718 962 1747 menses,
980 1718 1034 1738 nee
1052 1708 1144 1747 impo-

406 1765 516 1790 sterum
540 1764 570 1790 ut
599 1760 654 1789 iam
686 1759 808 1789 infames
835 1759 863 1788 in
893 1758 1032 1788 iudicium
1062 1767 1144 1787 revo-

406 1814 521 1840 centur.

445 1859 486 1881 111.
512 1849 580 1879 lieis
603 1848 689 1879 etiam
708 1848 875 1878 constitutis
891 1847 974 1877 detur
986 1857 1020 1877 ex
1036 1848 1143 1878 nostris

407 1899 450 1929 vir
472 1899 584 1934 doctus,
602 1898 650 1937 qui
675 1907 723 1927 cos
746 1897 823 1927 intra
846 1906 1006 1934 congruum
1031 1900 1144 1936 tempus

406 1947 560 1978 defendere
584 1947 693 1986 possit:
719 1956 803 1986 quem
828 1946 851 1976 si
874 1946 963 1976 iudex
985 1946 1145 1984 denegave-

407 1997 455 2035 rit,
480 1996 581 2036 privus
596 1996 761 2025 declaretur
778 1995 873 2026 officio
892 1999 919 2025 et
938 1997 1059 2035 utraque
1077 2005 1144 2026 voce

407 2046 440 2075 ad
467 2045 637 2075 triennium.

447 2104 484 2124 iv.
509 2094 628 2124 Domum
663 2103 836 2133 processus,
860 2098 982 2132 urgente
1013 2093 1143 2130 iustitia,

407 2143 587 2179 conficiatur,
603 2142 654 2172 sed
678 2151 692 2171 a
716 2142 856 2172 fratribus
872 2146 900 2172 et
915 2142 989 2172 intra
1007 2142 1143 2172 Ordinem

409 2196 464 2221 tam
489 2191 523 2221 ad
546 2191 720 2221 servandum
744 2191 836 2230 ipsius
859 2191 975 2221 Ordinis
998 2192 1142 2226 decorem,

407 2250 492 2280 quam
516 2240 550 2269 ad
574 2240 724 2270 evitandas
747 2249 899 2279 expensas.
918 2241 954 2270 Ut
969 2244 1065 2270 autem
1090 2241 1144 2270 rite

407 2294 510 2320 cuncta
542 2289 752 2329 perficiantur,
777 2290 868 2329 possit
896 2289 980 2319 iudex
1004 2290 1144 2328 regularis

407 2348 554 2369 assumere
570 2349 584 2368 e
603 2339 717 2369 saeculo
731 2339 760 2369 in
777 2349 954 2379 assessorem
969 2339 1061 2369 virum
1080 2349 1145 2379 pru-

407 2387 506 2418 dentia
531 2387 720 2427 praeditum,
745 2391 773 2417 et
795 2387 824 2417 in
856 2393 980 2427 utroque
1010 2388 1074 2418 iure
1097 2397 1146 2428 pe-

408 2436 507 2466 ritum.

447 2491 474 2511 v.
498 2482 659 2522 Appellatio
675 2492 689 2512 a
709 2483 892 2513 correctione
912 2493 968 2514 non
985 2484 1022 2515 sit
1038 2485 1145 2516 nostris

409 2530 498 2569 licita,
516 2532 593 2561 seda
610 2532 779 2569 gravamine
796 2532 875 2562 illato
893 2542 943 2572 per
959 2534 1143 2571 seutentiam,

410 2589 495 2618 quam
512 2580 534 2609 si
558 2580 655 2618 iudex,
669 2590 683 2610 a
701 2590 757 2620 quo
776 2581 949 2620 appellatur,
966 2584 1146 2613 recusaverit

411 2628 585 2667 admittere,
609 2629 759 2668 appellans
790 2634 988 2669 protestetur,
1013 2641 1042 2661 se
1065 2632 1145 2662 adire

449 2683 457 2711 1
482 2681 581 2711 Forsan
603 2691 637 2710 ea:
656 2691 705 2718 pro
725 2686 750 2711 el
769 2682 915 2718 legendum
936 2685 972 2721 (a.
990 2686 1037 2722 T.).

980 290 1157 314 nULLMuUM
1183 289 1335 314 ROMANUM

1919 289 1968 315 Λη.
1985 288 2012 315 C.
2037 287 2103 315 ¹731

1180 338 1251 368 velle
1273 338 1452 377 superiorem
1488 338 1650 374 maiorem,
1675 346 1770 367 coram
1802 336 1914 367 duobus

1179 387 1391 425 sacerdotibus,
1409 387 1456 426 qui
1474 387 1507 416 de
1526 389 1557 416 ea
1580 387 1786 426 protestatione
1803 396 1832 416 se
1848 386 1915 417 sub-

1180 436 1318 466 scribant.

1206 485 1275 514 (IAr.
1300 484 1393 514 xxiv.
1410 502 1447 506 —
1465 484 1557 519 Quoad
1581 484 1700 513 advenas
1715 488 1739 513 et
1762 484 1887 523 hospites.

1220 543 1239 564 1.
1265 534 1398 567 Advena,
1424 532 1472 562 ubi
1496 532 1700 572 praevenerit,
1725 532 1802 562 illico
1826 531 1915 571 priori
1953 548 2011 571 ΟΜ
2029 547 2055 568 ab
2071 547 2108 568 ad-

1182 583 1292 612 litteras
1312 582 1521 612 obedientiales
1536 581 1683 617 exhibeat,
1701 581 1784 620 eiqne
1800 590 1916 611 causam
1927 577 2108 626 ‘'jz''“ssssxssfflssjjffi

1181 632 1224 661 sni
1239 632 1379 661 adventus
1392 635 1527 670 exponat.
1541 630 1620 666 Quod
1635 630 1658 660 si
1674 630 1709 660 ob
1723 630 1840 668 negocia
1855 639 1918 669 per·
1929 628 2026 648 ¹¹¹¹¹¹¹⁰¹¹¹·

1183 680 1352 717 tractanda,
1377 680 1420 709 vel
1445 680 1582 709 honestae
1607 678 1796 709 recreationis
1818 679 1916 715 causa,

1182 729 1230 758 diu
1255 728 1293 758 ibi
1323 729 1427 768 hospes
1461 737 1631 768 permanere
1665 727 1802 765 debebit,
1826 726 1918 757 tribus

1183 778 1287 817 elapsis
1309 778 1422 813 diebus,
1439 778 1512 807 sicut
1530 787 1605 807 unus
1620 786 1653 806 ex
1676 775 1919 806 conventualibus

1185 831 1345 862 tractetur;
1370 826 1495 856 celebret
1528 835 1630 865 nempe
1653 835 1703 864 pro
1725 824 1862 854 oneribus
1885 824 1919 854 il-

1184 875 1240 904 lius
1262 875 1413 911 eeclesiae,
1431 885 1462 904 ac
1479 875 1567 904 choro
1584 874 1710 911 intersit,
1731 873 1786 903 nisi
1802 883 1866 903 cum
1886 883 1919 904 eo

1183 923 1355 962 quandoque
1378 923 1456 962 prior
1479 923 1603 961 benigne
1626 922 1847 962 dispensaverit.

1226 981 1254 1001 n.
1286 972 1338 1001 Ubi
1365 977 1464 1002 noster
1490 972 1571 1002 adest
1597 975 1773 1009 conventus,
1801 971 1916 1010 hospes,

1184 1020 1237 1050 sub
1254 1022 1344 1060 poena
1365 1020 1535 1060 privationis
1552 1020 1704 1060 utriusque
1721 1020 1799 1050 vocis
1816 1019 1850 1049 ad
1867 1028 1920 1049 sex

1185 1078 1310 1106 menseS,
1336 1073 1459 1108 nequeat
1480 1068 1508 1098 in
1532 1068 1677 1105 domibus,
1694 1068 1781 1098 etiam
1797 1076 1921 1098 consan-

1184 1117 1357 1155 guineorum
1382 1117 1425 1146 vel
1447 1117 1570 1147 aliorum
1590 1126 1705 1156 quoque
1727 1116 1917 1155 regularium,

1185 1170 1360 1205 pernoctare
1383 1165 1490 1205 absque
1513 1165 1621 1204 prioris
1644 1165 1772 1195 licentia.

1223 1224 1262 1244 iu.
1287 1214 1368 1244 Prior
1390 1218 1417 1244 et
1441 1214 1626 1254 provincialis
1649 1214 1773 1244 habeant
1790 1213 1818 1243 in
1834 1213 1921 1243 adve-
1970 1234 2048 1255 raons
2065 1239 2113 1260 pro·
2144 1231 2154 1256 N

1185 1272 1235 1292 nas
1252 1268 1279 1292 et
1298 1263 1424 1302 hospites
1447 1263 1576 1292 eamdem
1601 1272 1718 1302 prorsus
1741 1261 2113 1308 iurisdictiO·3;*,'},‘2;';,''⁶,„⁸,¹,¹,¹',fi{
2141 1259 2158 1290 7¹⁴

1186 1322 1250 1341 nem
1274 1312 1462 1348 ordinariam,
1480 1321 1512 1341 ac
1531 1312 1560 1342 in
1580 1321 1646 1341 suos
1668 1311 1832 1341 immediate
1855 1303 1982 1342 sub-et'flo·
2143 1298 2157 1330 5⁹

1185 1361 1281 1397 ditos,
1306 1366 1334 1391 et
1357 1361 1423 1391 inde
1455 1362 1478 1390 si
1511 1361 1709 1401 delinquunt,
1734 1360 1769 1390 ab
1797 1365 1921 1400 utroque

1185 1410 1347 1449 respective
1370 1410 1467 1449 puniri
1497 1414 1618 1449 possunt
1640 1409 1674 1439 ad
1706 1409 1919 1449 praescriptum

1186 1459 1302 1496 regulae
1325 1462 1353 1487 et
1376 1459 1477 1488 harum
1500 1458 1753 1488 constitutionum.

1226 1516 1262 1537 iv.
1295 1508 1429 1537 Advenae
1465 1507 1641 1537 divertentes
1676 1507 1710 1537 ad
1745 1510 1920 1537 conventum
1971 1526 2000 1547 n„
2020 1527 2112 1552 nass-mo
2139 1539 2153 1547 ,-

1185 1556 1229 1587 Ss.
1253 1556 1372 1587 Cosmae
1395 1561 1422 1586 et
1444 1556 1575 1586 Damiani
1605 1557 1639 1586 de
1661 1556 1737 1587 Urbe
1769 1553 1965 1600 teneanturffl·
1983 1557 2116 1601 gfjssss'g'ffl',
2142 1562 2157 1578 '=

1187 1610 1250 1645 post
1274 1607 1386 1635 tertiam
1410 1606 1484 1636 diem
1508 1605 1543 1635 ab
1566 1615 1683 1636 accessu
1706 1605 1855 1636 celebrare
1871 1615 1922 1645 pro
1934 1607 2037 1629 ”mumu-

1186 1654 1322 1684 oneribus
1344 1654 1423 1684 illius
1446 1654 1585 1684 ecclesiae
1607 1654 1753 1694 quotidie,
1777 1654 1861 1694 eique
1882 1654 1924 1684 ul-

1187 1703 1277 1732 terius
1300 1703 1412 1733 solvere
1444 1703 1546 1733 iulium
1580 1712 1691 1740 unum,
1715 1703 1787 1732 duos
1811 1711 1879 1732 vero
1900 1702 1924 1732 si

1187 1760 1243 1780 non
1267 1751 1414 1781 celebrent
1438 1752 1481 1781 vel
1504 1752 1562 1781 sint
1584 1751 1662 1780 laici.
1679 1751 1808 1790 Cumque
1830 1750 1923 1780 nostri

1187 1810 1218 1829 ex
1243 1809 1426 1840 quacumque
1450 1800 1612 1840 provincia,
1632 1810 1705 1840 quae
1728 1800 1835 1830 Romae
1857 1809 1926 1830 con-

1189 1854 1308 1879 ventum
1333 1850 1482 1889 proprium
1506 1859 1562 1878 non
1589 1849 1713 1886 habeat,
1737 1849 1771 1878 ad
1794 1858 1856 1878 eam
1880 1857 1927 1878 ac-

1187 1898 1348 1936 cedentes,
1386 1898 1526 1938 hospitari
1563 1898 1687 1928 debeant
1719 1898 1747 1928 in
1781 1901 1926 1928 conventu

1188 1948 1232 1977 ss.
1258 1948 1375 1977 Cosmae
1408 1952 1435 1977 et
1457 1947 1587 1977 Damiani
1608 1971 1615 1985 ,
1639 1946 1835 1986 praecipimus
1858 1946 1926 1976 inde

1188 1997 1249 2027 eius
1273 1996 1376 2036 priori,
1394 1996 1447 2026 sub
1465 1998 1556 2035 poena
1576 1996 1751 2035 privationis
1773 1995 1873 2032 officii,
1892 1999 1923 2025 ut

1189 2051 1336 2086 tamquam
1360 2045 1490 2085 hospites
1513 2055 1568 2074 non
1587 2045 1717 2084 recipiat,
1738 2045 1843 2075 nedum
1867 2049 1925 2075 ter-

1189 2095 1288 2125 tiarios
1311 2095 1460 2133 regulares
1483 2093 1596 2130 Gallos,
1620 2094 1669 2123 sed
1694 2103 1788 2133 neque
1809 2097 1924 2124 nostros

1189 2153 1221 2173 ex
1245 2143 1395 2183 provincia
1413 2143 1531 2180 Siculst3
1552 2152 1617 2172 cuin
1640 2147 1668 2172 et
1699 2143 1768 2172 haec
1796 2142 1824 2172 in
1848 2141 1925 2172 Urbe

1187 2202 1271 2223 suum
1288 2192 1392 2222 habeat
1415 2192 1562 2232 proprium
1580 2195 1754 2221 conventum
1772 2191 1824 2221 sub
1842 2191 1925 2222 titulo

1188 2243 1217 2271 S.
1242 2241 1322 2271 Pauli
1345 2241 1378 2270 ad
1402 2240 1568 2270 Arenulam.

1306 2290 1373 2319 Gir.
1398 2289 1479 2319 XXV.
1497 2306 1535 2311 —
1549 2288 1643 2325 Quoad
1657 2288 1808 2318 visitatores

1433 2342 1457 2367 et
1480 2338 1687 2367 commissarios.

1228 2398 1246 2418 1.
1270 2388 1403 2418 Minister
1425 2387 1568 2426 generalis
1590 2396 1647 2416 non
1665 2390 1758 2426 potest
1773 2395 1825 2416 nec
1840 2385 1926 2417 debet
1962 2403 2061 2424 amun„
2078 2401 2104 2424 mi

1188 2438 1326 2477 deputare
1339 2436 1571 2466 commissarium
1585 2435 1748 2473 generalem
1762 2444 1850 2474 super
1866 2436 1925 2465 una.
1934 2431 1992 2450 ”⁵⁵¹⁶
2012 2429 2102 2455 mummi*

1964 2463 1975 2476 :i
2002 2457 2058 2476 sitin

1189 2486 1339 2526 provincia
1361 2486 1405 2515 vel
1427 2488 1571 2515 conventu
1593 2484 1627 2514 ad
1652 2489 1764 2523 tempus
1793 2483 1854 2514 sive
1880 2456 2114 2531 ἰη-Ξὲῥξέξωῗωὶὲὶ

1188 2535 1339 2565 definitum
1362 2535 1422 2564 sive
1445 2534 1596 2564 definitum
1613 2533 1647 2563 ad
1664 2542 1779 2562 causam
1800 2533 1842 2563 vel
1858 2538 2025 2563 caudunum&
2107 2532 2110 2533 ⁷
2154 2527 2155 2534 ¹

1189 2594 1235 2614 sas
1258 2584 1353 2614 forsan
1376 2587 1547 2621 eventura53
1564 2591 1658 2622 neque
1681 2591 1771 2612 unum
1787 2591 1820 2611 ex
1837 2591 1925 2620 gene·

1189 2633 1310 2671 rabbus,
1335 2632 1391 2663 nisi
1415 2635 1528 2662 tantum
1555 2631 1669 2671 quando
1691 2631 1753 2671 ipse
1775 2631 1924 2670 egreditur

1191 2682 1261 2712 sines
1284 2681 1383 2712 Italiae
1398 2704 1406 2719 ,
1429 2685 1457 2712 et
1480 2690 1532 2722 pro
1553 2690 1586 2711 eo
1609 2681 1759 2712 dumtaxat
1783 2684 1921 2721 tempore,

2147 1108 2158 1122 ,ν’

2145 1126 2159 1185 ἕ.

2141 1202 2153 1212 o
