2182 3137
180 272 232 298 An.
248 270 278 298 c.
296 269 363 298 1732
408 259 472 295 [118

210 756 330 776 bjx-tntum.

205 1234 249 1254 lloc
263 1232 371 1259 hospitale

185 1261 240 1281 lulio
265 1266 288 1279 111

188 1288 293 1307 Attici-ono
304 1293 322 1306 in
334 1288 371 1306 ad»

187 1316 364 1334 liiiiiistrutionrm

202 1346 320 1361 uncezzunl.

294 1259 369 1280 rdinati

693 316 822 351 LXVIII.

374 397 544 441 Ilospi'tnle
568 397 599 431 S.
629 397 767 433 Lazari,
794 400 887 429 extra
911 407 1020 430 muros
1040 398 1119 430 Pla-

418 451 542 483 centiae
564 451 706 494 positum
724 478 731 489 ,
759 450 993 493 supprimitur,
1021 451 1119 493 erigi-

422 508 540 548 turque.
558 504 593 536 in
611 504 785 547 colleqium
809 504 867 536 sub
885 503 991 536 eodem
1010 503 1116 536 tilulo.

580 582 719 609 Clemens
741 581 918 616 episcopus,

569 633 676 653 servus
693 633 849 653 servorum
866 626 930 659 Dei,

492 671 528 698 ad
549 674 729 705 perpetuam
748 671 795 698 rei
815 670 999 697 memoriam.

423 743 611 777 Clericalem
634 743 730 775 vitam
753 742 965 785 eligentibus,
990 742 1121 775 sanctis-

379 808 441 841 que
463 797 625 830 Ecclesiae
648 796 769 840 regulis
791 801 822 829 et
842 795 998 828 doctrinis
1019 806 1035 828 a
1056 796 1121 839 pri-

380 862 432 884 mo
461 850 576 883 aetatis
609 850 688 883 11010
722 848 928 888 imbuendis,
959 859 1054 892 opem
1087 859 1122 881 ac

381 910 547 937 strenuam
564 915 693 937 manum
709 903 879 936 admovere
896 902 1122 945 cogitantibus,

381 958 596 1001 apostolicum
622 957 735 989 adesse
761 956 959 999 praesidium
985 956 1121 988 maxime

381 1011 553 1051 convenit,
581 1021 622 1043 ne
649 1011 734 1043 ullus
756 1009 1123 1042 adversitatisincursus

331 1063 333 1065 ’
383 1065 507 1097 futuros
518 1064 572 1096 Dei
589 1063 755 1096 ministros
769 1073 785 1095 a
798 1062 968 1106 proposito
984 1066 1125 1101 revocet,

382 1128 464 1150 neve
479 1127 622 1160 unquam
643 1116 674 1148 in
692 1126 805 1149 eorum
823 1115 949 1155 animis,
968 1115 1053 1158 quod
1073 1114 1125 1148 ab·

382 1169 453 1211 sit¹‚
477 1169 579 1202 robur
597 1179 706 1202 sacrae
725 1168 938 1201 institutionis
955 1168 1122 1211 infringat.

427 1225 441 1267 ξ
463 1223 494 1256 ’1.
522 1223 631 1267 ltaque
647 1222 811 1266 hospitale
826 1232 1006 1265 pauperum
1023 1222 1124 1254 sancti

384 1277 495 1310 Lazari
522 1287 624 1320 prope
662 1281 693 1309 et
725 1281 814 1308 extra
838 1275 967 1308 moenia
992 1275 1125 1308 civitatis

385 1330 578 1369 Placentiae,
594 1329 782 1373 provinciae
799 1328 1023 1369 Bononiensis,
1040 1329 1125 1372 quod

386 1384 520 1423 dudum,
534 1389 621 1416 certo
638 1389 713 1415 111110
731 1393 884 1426 expresso
903 1383 1011 1422 modo,
1030 1383 1127 1415 admi-

386 1437 562 1470 nistratore
589 1447 643 1469 seu
671 1441 796 1469 rectore
823 1435 968 1476 cai¹ens²,
993 1446 1051 1468 nos
1074 1435 1125 1468 di-

386 1491 472 1523 lecto
499 1490 564 1523 tilio
591 1494 704 1523 nostro
731 1489 812 1522 Iulio
840 1489 923 1522 tituli
941 1489 970 1522 S.
989 1489 1128 1532 Chryso-

386 1543 462 1585 goni
483 1543 673 1587 presbytero
694 1542 850 1575 cardinali
872 1542 1036 1575 Alberono
1053 1552 1128 1574 nun-

387 1602 523 1640 cupato,
548 1607 608 1639 per
633 1607 725 1635 eum,
754 1596 860 1639 quoad
886 1595 1018 1635 vixerit,
1045 1595 1128 1628 iuxta

387 1650 651 1684 constitutionem
678 1650 780 1683 felicis
807 1649 1042 1683 recordationis
1064 1649 1128 1682 Cle-

389 1704 505 1736 mentis
531 1704 636 1746 Papae
654 1703 677 1735 Y
695 1703 955 1746 praedecessoris
977 1702 1078 1735 nostri
1098 1702 1128 1734 111

389 1756 533 1789 Concilio
557 1755 734 1788 Viennensi
772 1755 908 1793 editam,
935 1755 1126 1795 tenendum,

390 1810 569 1852 regendum
603 1815 635 1842 et
668 1808 977 1848 administrandum,
1005 1813 1129 1851 aposto-

389 1863 449 1895 lica
488 1862 678 1895 auctoritate
714 1861 958 1901 commisimus,
997 1861 1029 1893 in
1066 1872 1129 1904 quo

389 1916 464 1949 olim
485 1925 643 1959 pauperes
660 1914 781 1958 leprosi
804 1925 839 1947 ex
859 1914 1037 1947 christiana
1054 1915 1129 1947 clia-

390 1971 483 2004 ritate
510 1970 632 2013 recepti
652 1970 867 2010 curabantur,
891 1975 1036 2003 cessante
1054 1980 1130 2002 vero

390 2024 597 2067 postmodum
625 2024 735 2066 leprae
761 2023 888 2062 morbo,
908 2033 968 2055 1100
994 2033 1051 2065 per
1076 2022 1131 2055 Ita-

390 2078 464 2111 liam
491 2076 629 2119 amplius
656 2081 833 2118 grassante,
857 2086 928 2108 cum
947 2087 964 2108 a
983 2075 1059 2109 dicti
1078 2076 1130 2109 lio-

391 2130 514 2174 spitalis
549 2129 730 2162 rectoribus
757 2134 788 2161 et
813 2128 1130 2162 administratoribus

391 2184 464 2216 loco
491 2183 698 2226 leprosorum
731 2192 893 2225 pauperes
925 2192 1020 2214 senes
1046 2181 1132 2214 inva-

393 2236 448 2269 lidi
481 2246 518 2268 ac
550 2235 646 2268 etiam
680 2235 810 2268 iuvenes
844 2234 1012 2278 utriusque
1038 2245 1131 2268 sexus

392 2289 514 2321 ibidem
552 2288 822 2329 admitterentur,
857 2288 934 2321 licet
970 2288 1131 2331 hospitale

389 2343 595 2386 praedictum
622 2353 680 2385 per
705 2342 814 2385 plures
848 2352 946 2375 annos
972 2352 1037 2375 non
1063 2352 1132 2374 mo-

394 2396 499 2429 dicum
542 2395 688 2428 utilitatis
733 2395 932 2439 pauperibus
974 2395 1133 2428 dioecesis

394 2449 598 2482 Placentinae
633 2449 817 2492 provinciae
844 2448 1028 2491 praedictae
1054 2454 1133 2481 attu-

394 2502 479 2543 10111,
499 2507 530 2534 01
554 2501 768 2535 nibilominus
791 2507 891 2534 tractu
919 2501 1070 2544 temporis
1096 2511 1131 2534 ex

431 2583 440 2608 1
464 2581 531 2608 Male
547 2581 589 2609 ed.
608 2582 690 2609 Main.
706 2581 772 2616 legit
786 2581 863 2609 adsit
879 2589 928 2617 pro
944 2581 1019 2608 absit
1033 2582 1072 2614 (R.
1083 2582 1132 2614 τ.).

430 2626 446 2652 2
463 2625 561 2652 Forsan
573 2626 716 2661 legendum
729 2627 863 2660 carebat;
880 2630 1000 2653 ceterum
1012 2625 1133 2661 syntaxin

395 2669 496 2705 huius§
511 2671 518 2697 1
535 2670 692 2698 reordinare
708 2678 879 2709 nequaquam
894 2670 1030 2707 potuimus
1040 2670 1132 2706 (11.1.)-

943 266 1127 294 BULLARIUM
1152 267 1310 293 ROMANUM

1907 267 1960 294 An.
1978 266 2006 294 C.
2023 265 2094 295 1732

1162 316 1345 351 diversitate
1385 316 1416 350 in
1453 326 1491 350 eo
1528 316 1798 350 commorantium
1834 325 1900 350 non

1162 370 1244 403 levia
1269 369 1479 404 incommoda
1503 369 1705 413 prodierint,
1731 368 1901 412 dictusque

1162 422 1259 455 lulius
1285 422 1469 462 cardinalis,
1497 421 1552 466 qui
1578 432 1614 455 ex
1640 421 1806 465 praedicta
1827 421 1902 454 civi-

1165 481 1227 508 tate
1254 476 1439 509 l‘laccntina
1465 468 1589 507 natales
1615 475 1762 518 accepit,
1790 485 1903 518 porre-

1163 529 1221 561 ctis
1242 529 1335 562 nobis
1356 529 1532 562 humilibus
1555 528 1721 571 precibus,
1741 528 1903 572 hospitale

1165 583 1366 626 praedictum
1388 583 1419 615 in
1439 582 1603 615 meliorem
1622 587 1654 615 et
1678 582 1776 625 longe
1798 581 1904 615 utilio-

1166 646 1231 668 rem
1258 635 1395 676 statnm',
1416 636 1454 667 ad
1474 634 1527 668 Dei
1551 634 1699 677 gloriam,
1726 634 1905 678 publicum-

1166 701 1227 733 que
1247 689 1406 723 Ecclesiae
1425 689 1563 728 honum,
1583 699 1619 721 ex
1640 685 1834 721 redditibus¹
1858 687 1905 721 di-

1166 743 1206 775 cti
1229 743 1407 786 hospitalis,
1427 753 1463 775 ac
1481 742 1576 775 etiam
1594 752 1668 774 aere
1689 752 1754 781 suo,
1774 752 1905 775 eonver-

1168 802 1234 829 tere
1256 796 1476 839 proposuerit,
1497 794 1558 835 et‘2‚
1577 805 1636 838 pro
1658 797 1713 828 sua
1733 795 1854 838 pietate
1875 800 1920 837 et¹
1943 806 1980 830 (1.1
2002 807 2100 832 „ia-point

1167 860 1272 882 rerum
1299 849 1515 891 gerendarum
1543 847 1715 892 prudentia
1738 848 1905 892 pristinam
1917 833 1972 885 !-¹.''u'.'.¹.
1993 834 2101 880 '‘loidi-L

1167 902 1197 934 in
1215 902 1377 935 Ecclesiae
1396 901 1549 934 ministris
1571 901 1778 945 disciplinam
1801 906 1830 935 et
1845 890 1970 934 ino-‘⁹¹⁰'

1169 966 1218 989 res
1244 966 1303 998 pro
1331 955 1488 998 dignitate
1504 965 1657 998 reparare
1676 960 1772 998 atque
1792 954 1908 988 instau-

1170 1018 1239 1040 rare
1265 1008 1410 1051 cupiens,
1431 1007 1461 1039 in
1489 1008 1605 1040 eodem
1634 1008 1788 1051 hospitali
1815 1009 1910 1042 colle-

1170 1061 1256 1103 gium
1279 1071 1337 1104 pro
1356 1060 1482 1093 clericis
1499 1061 1722 1094 saecularibus
1740 1061 1908 1095 universae

1170 1113 1330 1147 dioecesis
1371 1114 1557 1157 praedit-‘tae
1595 1119 1669 1147 ante
1707 1115 1836 1148 illorum
1870 1116 1909 1149 ad

1170 1177 1279 1200 sacros
1304 1167 1436 1200 ordines
1460 1167 1700 1210 promotionem
1726 1168 1910 1211 spiritualia

1171 1220 1323 1254 exercitia
1359 1219 1539 1264 peracturis
1558 1247 1566 1260 ,
1602 1220 1698 1254 etiam
1740 1232 1797 1265 pro
1838 1222 1910 1256 aliis

1171 1274 1298 1307 clericis
1321 1274 1441 1317 pariter
1462 1274 1693 1315 saecularibus,
1712 1275 1778 1318 qni,
1797 1276 1910 1309 studiis

1171 1328 1237 1360 suis
1274 1328 1417 1360 nondum
1455 1328 1645 1371 completis,
1672 1339 1707 1362 ex
1734 1328 1910 1363 seminario

1173 1381 1366 1414 dioecesano
1394 1381 1519 1414 dimissi
1547 1380 1684 1422 suerint,
1705 1392 1741 1414 ac
1760 1393 1821 1426 pro
1840 1383 1911 1416 aliis

1173 1434 1322 1474 111111111115,
1340 1445 1396 1467 5011
1416 1434 1673 1475 convictoribus,
1691 1439 1754 1468 tam
1772 1435 1848 1469 dicti
1866 1447 1914 1469 se-

1174 1487 1320 1527 minarii,
1346 1498 1442 1530 quam
1470 1487 1566 1520 totius
1592 1487 1773 1529 dioecesis,
1800 1489 1912 1523 studiis

1173 1540 1309 1584 perinde
1336 1540 1563 1574 ecelesiasticis
1595 1541 1762 1585 sacrisque
1798 1542 1914 1575 ritibus

1174 1595 1381 1635 imbuendis,
1411 1600 1443 1627 ut
1469 1595 1572 1636 intra,
1598 1605 1658 1638 per
1684 1606 1742 1628 nos
1766 1596 1847 1639 erigi
1882 1600 1914 1629 et

1174 1648 1296 1680 institui
1324 1647 1499 1691 plurimum
1526 1648 1712 1681 desideret:

1218 1702 1232 1744 ἓ
1257 1701 1288 1734 ⁶2.
1309 1701 1382 1741 Nos,
1404 1701 1548 1734 ciusdem
1571 1701 1641 1734 Iulii
1661 1701 1834 1735 cardinalis
1852 1702 1914 1735 lau-
1939 1711 2107 1738 nominat-sur·

1175 1756 1280 1789 dabile
1299 1756 1513 1799 propositum,
1534 1755 1685 1799 piumque
1705 1755 1911 1796 desiderium,
1925 1741 2108 1790 ,¹1:22¹›ffssgii'uimni1'ss'2

1176 1809 1349 1851 plurimum
1379 1809 1407 1840 111
1428 1809 1565 1842 Domino
1584 1809 1860 1848 commendantes,
1878 1795 1967 1841 ηοω

1175 1862 1301 1895 clericis
1327 1862 1501 1905 praedictis
1526 1862 1702 1905 specialem
1721 1861 1856 1905 gratiam
1875 1862 1915 1895 sa-

1175 1926 1248 1949 0010
1286 1917 1454 1955 volentes,
1486 1915 1628 1958 dictique
1654 1915 1824 1958 hospitalis
1850 1916 1915 1948 sun·

1176 1969 1340 2002 dationem
1366 1974 1397 2001 et
1423 1968 1668 2009 institutionem,
1695 1969 1819 2002 etiamsi
1841 1969 1915 2002 illae

1176 2023 1356 2066 apostolica
1396 2022 1588 2055 auctoritate
1637 2022 1805 2055 consectae
1843 2022 1916 2056 suis-

1176 2081 1255 2115 sent,
1275 2086 1400 2108 necnon
1422 2075 1591 2118 hospitalis
1608 2075 1765 2119 praedicti
1788 2080 1913 2116 statuta,

1178 2129 1383 2173 apostolicae
1409 2129 1498 2162 Sedis
1524 2129 1715 2162 auctoritate
1734 2129 1828 2162 etiam
1847 2130 1916 2172 plu-

1178 2184 1239 2217 ries
1275 2183 1464 2216 conssru'aua
1501 2189 1531 2215 et
1556 2183 1758 2226 approbata,
1784 2193 1819 2215 ac
1844 2183 1914 2226 pias

1177 2237 1306 2269 ultimas
1327 2237 1508 2269 voluntates
1526 2246 1746 2279 quascumque
1767 2246 1918 2279 quorum·

1178 2300 1314 2333 eiunquo
1342 2290 1392 2332 pie
1421 2290 1629 2329 testantium,
1657 2294 1688 2322 et
1723 2288 1917 2322 donationes

1178 2349 1209 2376 et
1230 2342 1421 2385 largitiones
1440 2341 1699 2375 christifidelium
1718 2342 1750 2375 in
1770 2342 1845 2376 dicti
1864 2342 1918 2376 lio·

1177 2396 1302 2440 spitalis
1327 2395 1447 2428 bonum
1475 2395 1746 2439 quandocumque
1779 2400 1811 2429 et
1844 2407 1916 2430 cum

1178 2450 1344 2493 quibusvis
1369 2449 1524 2482 oneribus
1550 2455 1581 2482 et
1606 2449 1862 2492 obligationibus
1878 2451 1919 2483 sa—

1177 2508 1255 2542 ctas,
1283 2502 1378 2535 etiam
1406 2512 1464 2545 per
1482 2502 1629 2546 quemvis
1648 2507 1847 2536 contractum
1866 2513 1919 2536 no-

1213 2583 1223 2608 1
1249 2581 1318 2607 Edit.
1342 2581 1420 2608 Maia.
1441 2581 1507 2616 legit
1526 2582 1666 2610 reditibus
1686 2588 1727 2613 (R.
1744 2582 1792 2615 τ.).

1212 2626 1228 2651 2
1248 2625 1476 2652 Coniunctiouem
1496 2629 1522 2654 el
1543 2634 1592 2653 nos
1612 2625 1672 2653 heic
1691 2625 1917 2660 desideravimus,

1176 2669 1383 2707 addidimusque
1400 2672 1434 2707 (a.
1455 2670 1504 2706 T.).
