2182 3137
86 277 134 304 Αιι.
156 274 185 302 C.
203 273 269 301 1732

904 269 1046 294 CLEMENS
1073 270 1118 293 ΧΠ
1144 270 1192 294 ΓΡ.

278 322 364 355 inter
388 322 489 355 dictas
516 326 624 365 partes
650 319 870 358 concordatis,
898 319 935 351 ad
963 329 1021 351 nos

279 375 475 414 tt·ansmisit;
509 386 545 408 ex
572 374 688 418 quibus
714 373 790 406 satis
816 372 1019 416 apparebat,

279 429 427 472 exposita
463 429 502 461 ab
541 428 664 460 eisdem
691 427 790 459 Paulo
817 431 848 458 et
874 425 1021 468 Dionysio

279 482 549 526 procuratoriluts
575 480 748 514 maximum
772 479 891 511 babere
914 478 1023 510 sunda-

279 540 433 568 mentum.
450 534 539 566 Unde
555 533 702 571 subinde,
719 542 835 575 nempe
855 531 904 564 dic
924 541 1020 564 xxvru

278 587 465 620 novembris
493 587 588 620 liuius
619 586 717 625 anni,
755 585 901 628 praefata
928 585 1022 616 causa

279 641 310 673 in
337 641 505 684 signatura
537 641 649 673 nostra
682 640 804 682 gratiae
831 648 940 670 coram
969 648 1023 670 no-

278 694 328 727 bis
353 694 464 727 habita
489 693 677 737 proposita,
705 698 735 725 et
761 691 1021 730 contradicente,

279 758 339 792 pro
357 753 450 791 parte
470 747 704 780 monachorum
723 746 879 779 Castellae
902 745 1021 784 Novae,

281 801 447 844 llivogiae‚
466 800 708 834 Asturianorum
731 805 761 832 et
779 800 1022 832 lllontanearum

280 854 509 897 Burgensium,
531 854 651 887 dilecto
678 853 800 896 pariter
819 852 885 885 sitio
907 852 1022 885 Ioanne

280 907 443 940 Guerrero
478 908 639 941 monaclio
666 908 811 940 eiusdem
838 906 1024 949 Congrega-

280 961 386 999 tionis,
402 961 455 1005 (1111
471 972 528 1005 per
543 961 691 994 mandata
706 971 865 1004 procui-ae
881 971 939 1003 per
953 971 1024 992 eum

279 1015 425 1048 exhibita
443 1016 481 1047 ad
499 1016 675 1058 praefatam
691 1014 818 1047 Curiam
838 1015 877 1046 ab
896 1014 958 1046 illis
976 1024 1027 1046 eo-

278 1079 348 1101 rum
365 1074 556 1112 procurator
568 1068 684 1101 missus
700 1069 815 1107 suerat,
830 1068 868 1100 de
882 1067 1024 1100 eiusdem

279 1122 462 1165 signaturae
489 1128 561 1156 voto
588 1122 817 1166 rescripsimus
843 1132 901 1164 pro
921 1121 1027 1165 aperi-

282 1176 369 1209 tione
388 1176 453 1209 oris
476 1176 609 1208 arbitrio
631 1176 775 1209 eiusdem
794 1175 1026 1217 Congregatio-

280 1229 330 1262 nis
361 1230 587 1263 cardinalium.
619 1229 763 1272 Cumque
789 1229 850 1261 ista
881 1229 1027 1261 cardina-

281 1282 361 1316 lium
387 1282 603 1326 Congrcgatio
622 1283 652 1315 in
671 1282 736 1314 suis
763 1282 902 1315 decretis
928 1292 1027 1324 super

283 1337 368 1371 dicto
386 1337 519 1370 arbitrio
538 1338 695 1370 emanatis
715 1337 880 1375 variasset,
899 1336 1025 1369 commi-

282 1391 381 1424 simus
403 1391 509 1424 eidem
528 1391 780 1434 Congregationi
801 1390 1025 1428 cardinalimn,

282 1449 327 1483 ut,
345 1444 453 1488 quoad
475 1445 687 1488 aperitionem
704 1445 779 1483 oris,
799 1455 869 1475 eum
888 1449 1028 1476 10101111-

284 1497 392 1530 ditorii
419 1498 528 1541 palatii
556 1498 748 1541 apostolici,
775 1496 1026 1539 suffragantibus

283 1550 433 1583 omnibus
470 1551 613 1584 eiusdem
654 1550 808 1583 auditorii
850 1549 1027 1593 capellanis

283 1604 400 1637 nostris
426 1604 692 1645 ctauditoril)1iS‚
718 1604 926 1647 procederet.
955 1603 1025 1643 Qui,

284 1657 464 1690 rationibus
501 1668 518 1690 a
553 1658 646 1690 dictis
685 1658 783 1690 Paulo
819 1662 851 1689 ct
877 1656 1027 1699 Dionysio

284 1711 431 1745 adductis
457 1711 553 1752 moti,
570 1711 621 1744 die
635 1721 685 1745 xix
700 1711 885 1744 novembris
902 1720 1027 1744 nocent

285 1775 378 1798 snum
417 1770 524 1799 votum
562 1767 626 1798 una
663 1775 736 1798 cum
770 1763 935 1797 decisione
970 1775 1028 1807 pro

285 1819 465 1862 aperitione
490 1819 554 1852 oris
588 1824 685 1862 atque
711 1818 849 1851 arbitrio
880 1817 1028 1861 publica-

285 1877 373 1904 runt.
400 1872 437 1905 Et
462 1872 612 1912 subinde,
640 1882 758 1915 nempe
784 1871 835 1903 die
862 1881 938 1904 xxtu
958 1881 1030 1914 sep-

287 1925 420 1958 tembris
445 1935 575 1964 ttocciv,
599 1925 713 1958 eadem
736 1927 829 1957 causa
854 1924 883 1957 iu
915 1924 1029 1957 eadem

287 1978 452 2022 signatura
470 1979 592 2022 gratiae
608 1989 717 2012 coram
738 1979 832 2012 nobis
851 1977 961 2010 habita
980 1978 1030 2010 ‹le-

286 2042 350 2066 nuo
377 2032 561 2076 proposit-¹⁴1,
587 2032 809 2065 commisimus
828 2032 931 2064 eidem
950 2031 1031 2065 Con-

288 2086 469 2130 gregationi
495 2086 732 2125 cardinalium,
762 2091 795 2118 ut
817 2085 905 2129 ipsa,
932 2085 1028 2118 etiam

287 2140 393 2184 quoad
419 2139 620 2179 nullitatem,
647 2139 844 2173 validitatem
871 2140 918 2172 vel
946 2140 1031 2171 inva-

288 2193 447 2227 liditatem
474 2193 650 2238 bipartitae
672 2193 833 2226 stabilitae
856 2203 914 2236 per
933 2198 1032 2225 trans-

289 2247 448 2281 actionem
468 2258 524 2280 seu
544 2247 752 2280 concordiam
772 2258 789 2279 a
810 2246 962 2290 praefatis
984 2256 1032 2288 gc-

288 2302 392 2335 nerali
418 2307 448 2335 et
474 2301 699 2334 definitoribus
726 2301 935 2343 generalibus
957 2310 1034 2332 con-

290 2355 406 2389 sectam
444 2360 476 2389 et
509 2355 539 2388 in
577 2355 752 2398 praedictis
787 2354 962 2387 Clementis
995 2353 1033 2386 lX

290 2409 557 2452 praedecessoris
593 2408 710 2441 litteris
748 2408 928 2448 insertam,
960 2419 1056 2440 cum*

291 2469 368 2496 voto
395 2462 588 2496 eorumdem
614 2463 822 2501 auditorum,
850 2461 1033 2503 suin-agan-

292 2516 377 2549 tibus
403 2516 528 2560 pariter
553 2516 719 2556 omnibus,
747 2516 898 2548 similiter
918 2525 1034 2558 proce-

293 2570 396 2604 deret.
432 2569 514 2603 Dicti
547 2579 622 2602 vcro
649 2569 811 2612 capellani
846 2575 876 2601 et
910 2569 1034 2601 audito-

293 2634 345 2657 res
372 2623 424 2656 die
449 2633 492 2656 xu
519 2622 656 2656 ianuarii
681 2631 798 2661 nocer,
826 2622 1034 2655 demostran-

295 2682 341 2711 tes
366 2677 516 2721 pluribus
543 2676 723 2710 rationibus
758 2676 874 2709 dictam
901 2674 1033 2719 biparti-
1055 2706 1058 2715 ,

1702 257 1767 291 4⁶27

1065 324 1127 351 tam
1154 330 1209 351 seu
1226 318 1446 357 concordiam,
1463 318 1528 350 imo
1543 316 1804 352 transactionem.

1065 382 1134 404 esse
1159 373 1304 412 nullam,
1336 372 1486 404 iniustam
1506 398 1513 410 ,
1546 370 1748 414 inaequalem
1775 374 1807 400 et

1065 426 1243 458 enormiter
1268 425 1437 466 laesivam,
1464 425 1515 458 die
1542 434 1571 457 tv
1598 423 1750 456 t'cbruarii
1779 434 1806 455 e-

1067 479 1191 510 iusdem
1223 479 1296 511 anni
1328 479 1422 511 aliam
1458 479 1658 510 decisionem
1690 483 1720 509 et
1752 488 1806 508 vo-

1067 536 1150 571 tum⁷
1177 531 1208 563 in
1237 542 1301 574 quo
1334 532 1457 564 litteras
1491 531 1763 574 compulsoriales
1791 542 1807 561 .·ι

1068 585 1235 627 praedicto
1272 586 1390 617 loanne
1424 586 1660 618 rncmaclujirmu
1687 584 1807 616 Castel-

1069 639 1116 670 lae
1132 637 1239 670 Novae
1259 638 1370 681 eisque
1388 638 1636 670 adhaerentium
1657 648 1809 681 procura—

1069 697 1138 725 tore
1164 692 1283 735 petitas
1309 697 1480 732 negarunt,
1504 692 1690 724 ediderunt.
1719 692 1809 724 Post-

1069 745 1199 778 modum
1220 751 1339 785 autem,
1360 756 1429 777 cum
1450 745 1533 777 dicta
1553 746 1706 788 bipartita
1720 746 1808 777 nulla

1070 805 1100 831 et
1132 799 1252 831 iniusta
1284 798 1448 831 declarata
1479 798 1614 837 suisset,
1641 798 1808 830 memorati

1071 854 1188 886 l'aulus
1228 858 1259 885 et
1297 852 1466 895 Dionysius
1503 858 1735 895 procuratores
1778 851 1809 883 in

1070 907 1182 939 cadem
1221 906 1387 948 signatura
1426 905 1559 948 gratiae,
1586 905 1637 936 die
1670 914 1734 937 xxu
1761 914 1811 935 se·

1072 960 1228 1003 ptembris
1264 969 1372 992 uocet*
1410 970 1517 992 coram
1556 958 1650 991 nobis
1688 957 1811 1000 pariter

1072 1013 1203 1051 habita,
1239 1012 1430 1044 institerunt
1462 1017 1496 1044 ut
1532 1013 1811 1044 committeremus

1071 1067 1178 1099 eidem
1205 1066 1457 1108 congregationi
1485 1065 1713 1104 cardinalium,
1733 1075 1812 1107 qua-

1073 1126 1163 1153 tenus
1190 1120 1259 1164 ipsa
1287 1130 1347 1163 pro
1373 1130 1456 1152 novo
1480 1124 1736 1162 temperamento
1755 1123 1813 1150 sta-

1071 1173 1216 1206 biliendo
1235 1184 1305 1205 cum
1323 1178 1397 1205 roto
1416 1173 1607 1205 corumdem
1627 1171 1811 1204 auditorum

1072 1233 1103 1260 et
1124 1228 1368 1271 capellanorum
1391 1232 1575 1259 nostrorum
1602 1224 1810 1268 procederet.

1070 1283 1186 1315 votum
1207 1287 1313 1314 tamen
1333 1279 1517 1324 praedictae
1537 1279 1723 1321 signatur-ae
1741 1277 1809 1315 suit,

1072 1341 1104 1368 ut
1131 1336 1274 1379 praelata
1301 1344 1395 1366 causa
1427 1331 1680 1375 Congregationi
1714 1331 1813 1375 parti-

1072 1389 1171 1422 culari
1206 1399 1223 1421 a
1255 1388 1351 1420 nobis
1384 1386 1592 1430 deputandae
1631 1385 1814 1418 committe-

1072 1450 1174 1476 retur.
1202 1441 1372 1486 Proposita
1394 1446 1500 1474 autem
1528 1439 1693 1483 praedicta
1719 1442 1814 1472 causa

1071 1497 1121 1530 die
1150 1508 1179 1530 tv
1205 1495 1357 1529 februarii
1384 1505 1518 1529 unceru
1556 1494 1588 1526 in
1629 1493 1815 1536 Congrega-

1073 1552 1161 1584 tione
1180 1550 1411 1583 nonnullorum
1428 1547 1664 1581 venerabilium
1680 1548 1813 1579 fratrum

1073 1609 1260 1637 nostrorum
1296 1602 1439 1635 eiusdem
1472 1602 1503 1633 S.
1532 1601 1567 1633 R.
1596 1600 1631 1633 E.
1667 1600 1814 1632 cardina-

1073 1655 1150 1688 lium
1178 1665 1237 1698 per
1262 1664 1321 1687 nos
1346 1653 1533 1696 specialiter
1555 1652 1719 1695 deputata,
1749 1662 1814 1684 non

1073 1709 1143 1741 sine
1169 1708 1309 1741 scissura
1335 1713 1482 1740 votorum
1509 1706 1707 1748 rescriptum
1734 1705 1788 1737 suit
1805 1731 1813 1743 ,

1073 1762 1167 1795 nobis
1205 1761 1459 1805 supplicandum
1497 1771 1569 1793 esse
1596 1770 1655 1803 pro
1681 1759 1815 1802 capedi-

1074 1816 1162 1849 tione
1187 1815 1325 1848 aliarum
1352 1814 1533 1848 litterarum
1560 1812 1815 1856 apostolicarum

1074 1870 1105 1902 iu
1143 1869 1237 1901 simili
1277 1869 1379 1901 forma
1416 1867 1524 1900 Brevis
1550 1877 1621 1899 cum
1647 1866 1816 1899 sanatione

1074 1923 1260 1955 nullitatuin
1298 1920 1497 1964 bipartitae,
1523 1920 1726 1962 aliorumque
1761 1919 1816 1951 de-

1076 1977 1231 2015 fectuum,
1259 1975 1283 2007 si
1311 1975 1365 2017 (1111
1392 1979 1515 2014 essent,
1533 1973 1722 2006 reducendo
1744 1978 1817 2005 vota

1075 2029 1268 2073 capitularia
1295 2029 1333 2061 ad
1360 2027 1599 2071 aequalitatem,
1627 2026 1724 2059 ctiam
1750 2037 1817 2058 me-

1076 2084 1184 2116 diante
1203 2082 1437 2125 subrogatione
1456 2080 1692 2125 proximiornm
1713 2080 1743 2112 in
1763 2080 1817 2113 dc-

1077 2139 1193 2170 t'eetum
1229 2137 1472 2179 graduatortun.
1500 2134 1636 2174 Verum,
1662 2133 1736 2177 quia
1762 2134 1818 2166 dc-

1077 2192 1177 2225 sectus
1202 2189 1359 2229 sanandi,
1387 2188 1505 2221 detecti
1544 2194 1575 2221 ctv
1601 2187 1757 2231 publicati
1785 2187 1815 2219 iu

1077 2244 1298 2278 decisionibus
1336 2248 1592 2276 memoratorum
1630 2241 1816 2274 auditorum

1077 2300 1324 2343 capellanorum
1346 2302 1546 2337 nostrorum,
1567 2306 1735 2328 enormem
1758 2296 1819 2328 lae-

1077 2352 1200 2385 sionem
1240 2357 1271 2384 et
1309 2349 1520 2389 iniustitiam,
1554 2358 1695 2392 quorum
1727 2358 1819 2380 sana-

1079 2406 1122 2438 tio
1148 2405 1326 2448 praecipue
1353 2409 1426 2447 post
1453 2408 1516 2435 tam
1559 2404 1690 2444 longam
1728 2401 1818 2434 litem

1078 2459 1194 2493 rationi
1222 2464 1252 2492 et
1278 2456 1431 2500 aequitati
1458 2467 1574 2500 parum
1608 2465 1750 2489 consona
1775 2456 1820 2488 vi-

1077 2513 1227 2551 debatur,
1254 2511 1487 2545 ostendebant:
1514 2509 1635 2542 idcirco
1661 2508 1819 2553 praedicti

1079 2567 1195 2600 Paulus
1221 2571 1252 2598 et
1273 2564 1443 2607 Dionysius
1463 2569 1702 2607 procuratores,
1722 2573 1821 2606 super

1079 2618 1163 2653 dicta
1188 2618 1389 2652 resolutione
1415 2617 1685 2660 Congregationis
1720 2617 1821 2660 parti-

1078 2674 1198 2708 cularis
1226 2684 1242 2706 a
1269 2672 1363 2706 nobis
1390 2672 1508 2706 iterum
1535 2671 1639 2705 audiri
1669 2670 1821 2714 impetra—

1815 268 1861 292 An.
1886 267 1913 292 (ἶ.
1935 265 2000 293 1732
