2182 3137
179 225 233 253 An.
254 225 285 254 C.
303 225 373 252 1730
418 216 461 248 lili·

217 1923 362 1944 Praesrnunm

180 1949 299 1970 litterarum
327 1958 337 1970 ii
357 1960 363 1965 -

180 1979 278 1998 ctoriias.

374 275 448 306 sitio
474 272 703 314 subiungebat,
722 271 824 304 dictus
843 270 1000 314 Iosephus
1019 281 1113 314 prae-

375 326 482 364 missa,
503 335 565 368 qiio
583 324 706 356 firmius
732 323 906 356 subsistant
930 328 962 357 et
982 333 1113 356 serven-

375 384 425 410 tiir
450 377 603 416 exactius,
631 376 828 419 apostolicae
853 375 1112 408 confirmationis

374 435 506 463 nostrae
529 429 707 472 patrocinio
725 429 917 462 communiri
936 428 1112 472 plurimum

375 483 553 515 desideret:
575 493 646 521 nos,
666 483 814 516 eumdem
841 482 1014 525 Ioseplium
1039 492 1114 525 spe-

375 536 508 568 cialibus
525 535 687 567 favoribus
703 540 733 568 et
754 535 866 578 gratiis
887 534 1039 578 prosequi
1058 544 1114 567 vo-

375 590 488 628 lentes,
514 593 545 620 et
569 598 586 619 a
611 587 778 630 quibusvis
804 586 1113 620 excommunicatio-

374 641 434 680 nis,
459 640 685 683 suspensionis
718 645 749 673 et
774 640 952 680 interdicti,
979 639 1113 683 aliisque

375 692 601 726 ecclesiasticis
624 692 806 733 sententiis,
824 692 971 725 censuris
989 698 1020 725 et
1037 702 1115 735 poe-

374 746 435 785 nis,
464 757 481 778 a
505 746 574 778 iure
599 747 649 778 vel
675 745 714 778 ab
740 745 890 785 homine,
925 745 1035 788 quavis
1062 755 1115 778 oc-

376 799 504 832 casione
531 800 581 832 vel
614 800 710 831 causa
735 798 818 839 latis,
846 798 870 831 si
896 798 1012 841 quibus
1038 808 1115 841 quo-

374 852 555 885 modolibet
580 852 751 885 innodatus
771 852 888 891 existit,
907 852 946 884 ad
965 850 1114 884 ell'ectum

375 905 595 948 praesentium
634 905 799 937 dumtaxat
832 904 1111 947 consequendum,

375 959 489 990 liariini
520 958 603 991 serie
636 959 841 990 absolventes
872 962 904 990 et
929 958 1113 990 absolutum

376 1012 443 1044 sore
480 1016 674 1051 censentes,
713 1009 1008 1053 supplicationibus
1046 1010 1114 1042 eius

375 1064 505 1097 nomine
531 1063 623 1096 nobis
649 1074 747 1106 super
765 1063 829 1096 boc
847 1062 1016 1095 humiliter
1039 1072 1115 1105 por-

375 1117 473 1150 rectis
498 1115 665 1156 inclinati,
703 1120 917 1148 memoratum
954 1114 1115 1147 indultum

375 1171 436 1213 ipsi
463 1169 712 1212 Congregationi
739 1168 770 1201 S.
798 1168 929 1201 Antonii
954 1168 1116 1201 Viennen-

376 1223 420 1256 sis
445 1234 462 1255 a
479 1223 561 1255 Sede
578 1222 725 1266 praefata
744 1232 945 1262 concessum,
964 1232 1000 1254 ac
1020 1232 1115 1253 usum

376 1276 407 1308 in
434 1278 470 1309 ea
495 1276 656 1318 vigentem
689 1275 847 1308 recitandi
874 1280 905 1308 et
929 1274 1114 1308 celebrandi

375 1330 489 1362 missas
515 1335 547 1362 et
571 1329 676 1362 officia
701 1329 889 1361 Sanctorum
914 1327 1044 1360 Ordinis
1065 1338 1116 1360 ca-

375 1382 566 1415 nonicorum
596 1382 791 1424 regularium
820 1381 851 1413 S.
880 1380 1050 1423 Augustini
1077 1380 1115 1412 ad

377 1436 477 1468 instar
501 1441 670 1468 enarratae
696 1434 918 1467 concessionis
943 1433 982 1466 ab
1000 1433 1114 1466 eodem

376 1489 431 1521 Pio
458 1489 708 1531 praedecessore
734 1488 838 1520 dictae
861 1486 1114 1529 Congregationi

377 1542 585 1574 Lateraiiensi
613 1542 711 1574 sactae
745 1552 781 1572 ac
817 1540 855 1572 ad
891 1539 969 1571 alias
1005 1549 1115 1582 supra-

378 1594 454 1626 dicti
491 1594 620 1626 Ordinis
656 1592 931 1635 Congregationes
965 1597 1114 1624 extensae

378 1652 410 1680 et
433 1647 618 1690 ampliatae,
645 1646 728 1678 sicut
752 1645 982 1689 praemittitur,
1009 1649 1116 1677 aueto-

377 1701 471 1733 ritate
489 1700 643 1744 praefata,
664 1705 775 1732 tenore
793 1698 1023 1742 praesentium,
1042 1708 1116 1731 con-

378 1753 542 1786 firmamus
568 1758 598 1785 et
623 1752 853 1796 approbamus,
872 1751 1000 1795 illisque
1019 1751 1116 1784 invio·

377 1805 482 1839 labilis
507 1806 705 1850 apostolicae
731 1804 888 1837 firmitatis
913 1805 1012 1836 robur
1037 1803 1116 1836 adii-

376 1859 487 1892 cimus.

420 1914 434 1956 ξ
459 1912 489 1945 3.
517 1912 751 1950 Decerncntes,
779 1911 908 1943 easdem
927 1915 1115 1952 praesentes

375 1966 515 2005 litteras,
543 1965 668 2003 sirmas,
695 1964 816 1996 validas
837 1969 867 1995 et
884 1962 1031 1996 efficaces
1052 1962 1115 1995 exi-

375 2025 459 2052 stere
486 2024 517 2051 ct
542 2019 619 2058 sore,
646 2028 788 2061 suosque
814 2016 980 2060 plenarios
1012 2021 1044 2048 et
1070 2016 1115 2048 in-

375 2077 483 2113 tegros
520 2070 651 2103 effeetus
689 2070 799 2102 sortiri
826 2075 857 2102 et
889 2068 1052 2108 obtinere,
1079 2078 1115 2100 ac

375 2125 456 2165 illis,
486 2124 523 2156 ad
554 2134 635 2166 quos
663 2127 789 2166 spectat
817 2127 848 2154 et
877 2131 936 2164 pro
969 2126 1114 2163 tempore

375 2177 547 2220 spectabit,
566 2177 597 2208 in
624 2175 772 2209 omnibus
791 2181 823 2207 et
840 2185 898 2218 per
915 2174 1022 2207 omnia
1047 2173 1115 2216 ple-

375 2230 506 2263 nissime
533 2228 714 2270 suffragari,
740 2233 772 2260 et
797 2229 836 2260 ab
863 2228 908 2260 eis
934 2226 1114 2269 respective

375 2282 604 2316 inviolabiliter
641 2281 831 2322 observari,
859 2279 969 2323 sicque
995 2284 1026 2312 et
1050 2289 1114 2312 non

376 2336 466 2368 aliter
492 2335 522 2368 in
549 2334 733 2378 praemissis
753 2344 810 2377 per
829 2343 1050 2376 quoscumque
1072 2332 1117 2363 iu-

376 2389 462 2421 dices
488 2388 669 2421 ordinarios
688 2392 719 2420 et
736 2387 911 2429 delegatos
931 2385 1027 2418 etiam
1045 2395 1116 2418 eau-

375 2453 481 2474 saruni
521 2441 633 2484 palatii
672 2439 842 2484 apostolici
883 2439 1044 2471 auditores
1084 2442 1117 2470 et

376 2496 479 2527 dictae
505 2494 596 2526 Sedis
623 2494 766 2533 nuncios
786 2492 918 2525 iudicari
940 2497 970 2524 et
988 2491 1116 2524 definiri

375 2547 512 2585 debere,
547 2558 582 2579 ac
615 2547 742 2579 iri-itum
776 2552 807 2579 ct
833 2547 927 2578 inane
961 2545 987 2577 si
1023 2555 1116 2578 secus

375 2612 473 2644 super
492 2600 541 2632 liis
557 2610 573 2632 a
590 2610 763 2643 quoquam,
780 2600 891 2642 quavis
913 2598 1115 2639 auctoriutte,

968 221 1148 246 BULLARIUM
1172 221 1329 246 ROMANUM

1154 271 1296 304 scienter
1328 271 1378 304 vel
1404 271 1609 314 ignoranter,
1642 268 1817 311 contigerit
1848 272 1896 302 at-

1156 324 1284 357 tentari.

1199 377 1214 420 g
1238 377 1268 410 4.
1286 377 1355 410 Non
1377 376 1581 410 obstantibus
1602 374 1895 413 constitutionibus
1935 385 2093 406 Contrariorum

1908 413 2027 438 (I(⁸sssgaI·IO·

1156 435 1188 463 ct
1222 430 1482 463 ordinationibus
1517 429 1723 472 apostolicis,
1754 437 1895 467 necnon,

1157 488 1315 526 quatenus
1334 493 1415 526 opus
1434 483 1484 522 sit,
1503 481 1769 525 Congregationis
1782 481 1813 514 S.
1834 482 1898 513 An—

1157 535 1237 568 tonii
1262 536 1454 568 Viennensis
1478 546 1514 568 ac
1539 535 1667 568 Ordinis
1693 533 1895 574 huiusmodi,

1158 588 1253 621 etiam
1290 588 1494 628 iuramento,
1532 588 1781 621 confirmatione
1817 598 1899 631 apo-

1157 642 1292 681 stolica,
1328 642 1377 674 vel
1415 641 1526 685 quavis
1558 641 1711 674 firmitate
1746 640 1808 674 alia
1847 650 1899 673 ro-

1157 695 1306 734 boratis,
1339 694 1467 727 statutis
1509 699 1540 727 et
1580 693 1897 733 consuetudinibus,

1157 747 1336 790 privilegiis
1371 757 1502 790 quoque
1521 774 1528 787 ‚
1558 746 1694 780 indultis
1719 751 1750 780 et
1780 745 1900 779 litteris

1157 798 1350 843 apostolicis
1374 799 1406 831 in
1425 799 1622 831 contrarium
1640 797 1899 842 praemissorum

1158 852 1408 895 quomodolibet
1437 852 1618 892 concessis,
1639 851 1838 885 confirmatis
1867 856 1900 884 et

1158 905 1345 945 iiinovatis3
1372 905 1492 948 quibus
1518 905 1671 938 omnibus
1697 910 1729 938 et
1748 904 1898 947 singulis,

1157 958 1290 991 illorum
1317 964 1450 991 tenores
1475 957 1707 1001 praesentibus
1725 967 1783 1000 pro
1800 958 1899 1000 plene

1159 1017 1190 1044 et
1219 1010 1420 1043 sufficienter
1450 1010 1614 1053 expressis
1640 1020 1676 1042 ac
1700 1010 1739 1042 ad
1763 1010 1898 1043 verbum

1158 1063 1292 1096 insertis
1313 1063 1490 1103 babentes,
1516 1062 1582 1095 illis
1607 1061 1687 1095 alias
1713 1062 1745 1094 in
1767 1073 1824 1096 suo
1848 1073 1900 1095 ro-

1158 1118 1238 1150 bore
1280 1115 1505 1159 permansuris
1526 1142 1533 1155 ,
1567 1115 1606 1148 ad
1643 1115 1900 1158 praemissorum

1158 1169 1320 1209 effectum,
1335 1170 1396 1202 liae
1415 1168 1485 1202 vice
1511 1169 1689 1208 dumtaxat,
1710 1168 1902 1212 specialiter

1159 1229 1190 1256 et
1205 1232 1361 1266 expresse
1380 1222 1597 1264 derogamus3
1618 1221 1804 1265 ceterisque
1828 1232 1902 1255 con-

1158 1276 1266 1308 trariis
1293 1275 1566 1319 quibuscumque.

1202 1329 1314 1361 Datum
1337 1328 1468 1368 Romae,
1495 1328 1579 1370 apud
1606 1327 1636 1361 S.
1657 1327 1787 1360 Mariam
1809 1326 1900 1361 Maio-

1158 1392 1245 1420 rem,
1270 1381 1329 1414 siib
1355 1381 1474 1413 annulo
1506 1379 1676 1413 Piscatoris
1702 1380 1753 1413 die
1778 1389 1821 1413 xii
1846 1390 1900 1413 au-

1159 1435 1242 1477 gusti
1260 1443 1417 1473 iimccxxx,
1437 1432 1643 1476 pontificatus
1659 1433 1762 1466 nostri
1777 1443 1862 1466 anno
1876 1443 1898 1467 1.

1194 1496 1255 1522 Dat.
1277 1495 1321 1522 die
1342 1495 1374 1521 12
1395 1493 1501 1529 augusti
1522 1493 1599 1528 1730,
1622 1493 1716 1529 pontif.
1737 1502 1807 1521 anno
1826 1501 1845 1521 1.

1488 1547 1521 1579 F.
1549 1547 1639 1580 card.
1666 1547 1851 1581 Omvmuus.

1203 1615 1252 1647 Ex
1277 1614 1335 1647 lib.
1363 1614 1484 1646 vitensis
1508 1624 1598 1656 any„
1626 1617 1699 1646 lass.
1725 1613 1778 1645 16.

1498 1782 1559 1814 vu.

1161 1870 1371 1912 Confirmatio
1395 1869 1615 1913 quorumdam
1632 1869 1830 1902 decretorum
1848 1879 1901 1903 ‹m-

1202 1933 1243 1955 uo
1268 1933 1415 1956 iiinccxxv
1440 1933 1460 1954 a
1477 1923 1678 1955 sanctissimo
1696 1922 1827 1955 domino
1845 1932 1902 1955 no-

1202 1980 1286 2015 stro,
1314 1976 1365 2008 uli
1395 1975 1539 2008 eiusdem
1565 1975 1700 2008 Ordinis
1721 1979 1902 2018 protectore

1203 2033 1231 2061 et
1266 2039 1287 2060 α
1321 2028 1496 2061 Benediclo
1529 2028 1622 2061 XIII
1649 2028 1836 2071 specialiter
1859 2027 1902 2060 ad

1203 2081 1260 2113 lioc
1284 2081 1441 2124 delegyalo,
1468 2081 1631 2113 editorum
1653 2091 1713 2123 pro
1739 2081 1819 2113 bono
1845 2080 1902 2114 Or-

1203 2133 1293 2166 dinis
1317 2133 1347 2166 S.
1373 2133 1545 2166 Francz'sci
1566 2134 1754 2176 provinciae
1786 2133 1902 2166 Roma·

1204 2196 1261 2218 riae
1286 2186 1445 2230 illiusque
1469 2187 1613 2228 fratrum
1638 2184 1825 2229 regimine&

1371 2267 1506 2294 clemens
1528 2266 1608 2300 Papa
1627 2265 1690 2298 xn,

1301 2314 1336 2338 ad
1359 2312 1494 2338 futuram
1509 2311 1555 2338 rei
1570 2311 1754 2338 memoriam.

1203 2383 1217 2425 g
1239 2382 1269 2414 t.
1297 2383 1401 2423 Alitis,
1429 2382 1503 2415 duni
1530 2383 1746 2415 cardinalatus
1773 2382 1902 2416 lionore
1947 2388 2098 2419 Sanctissimae

1160 2435 1363 2477 sugebamur,
1386 2439 1579 2468 emanarunt
1596 2446 1613 2468 a
1635 2434 1741 2477 nohis,
1760 2435 1805 2468 uti
1826 2414 2101 2469 [11n0{¹i³0¹i¹,¹‘ii2¹³min0r..

1195 2516 1204 2541 t
1229 2515 1288 2542 Alia
1306 2515 1438 2542 nonnulla
1455 2518 1556 2543 statuta
1569 2515 1655 2543 edidit
1669 2515 1829 2543 Benedictus
1844 2515 1903 2543 XIII

1158 2568 1229 2587 anno
1244 2566 1388 2594 iibccxxiv,
1405 2559 1448 2587 die
1464 2567 1508 2587 xvi
1522 2560 1691 2594 novembris,
1704 2560 1812 2587 constit.
1831 2560 1903 2588 Uni-

1159 2605 1278 2634 versalis
1297 2605 1455 2639 Ecclesiae,
1478 2607 1542 2640 etc„
1563 2605 1589 2632 iii
1611 2604 1729 2633 Bullario
1750 2612 1836 2633 xxxix,

1902 218 1954 246 An.
1977 217 2008 246 C.
2024 217 2094 247 ¹⁷³0
