2182 3137
188 259 238 285 Α..
253 258 282 284 c.
305 256 376 284 1732
419 248 485 281 [408

226 2144 286 2165 ,tund
307 2145 382 2165 decra-

200 2175 240 2191 tuin
253 2172 369 2192 decretum.

388 315 474 345 εοηιρ7
496 308 658 345 provinciae
677 309 758 345 pater
780 304 941 343 Hunyaru53
955 305 1046 343 frater
1068 304 1126 333 Λη-

387 355 467 384 areas
491 354 620 389 Porciam,
640 354 799 389 Hunqariae
817 354 974 393 provinciae
995 357 1084 392 pater,
1101 356 1126 381 et

388 405 564 443 eze-definitor
583 403 734 441 generalis.

493 454 569 481 Loco
585 454 603 489 ἦ·
619 453 711 488 siyilli
732 452 834 490 magni.

426 509 464 530 iv.
494 500 636 535 Quoniam
659 509 728 529 vero
750 499 779 529 in
806 499 879 529 votis
901 498 1026 536 habeo',
1045 502 1077 527 ut
1099 501 1127 527 et

387 550 476 579 ceteri
500 554 598 589 patres
621 553 648 578 et
671 549 775 578 fratres
791 548 941 587 praeclaro
961 548 1015 576 hoc
1030 555 1127 576 exem-

388 600 434 639 plo
459 599 594 628 commoti
611 598 666 627 sibi
684 598 808 627 invicem
825 597 1011 633 cohaereant,
1029 596 1128 633 singu-

386 649 430 678 los
453 647 548 677 verbis
566 646 625 676 divi
648 646 728 676 Pauli
752 646 874 685 apostoli
896 645 931 675 acl
954 645 1066 674 Coloss
1083 652 1125 681 ιιι,

386 701 507 736 paterne
529 696 684 725 exhortor:
717 694 808 734 Super
833 695 924 723 omnia
948 698 1038 722 autem
1065 692 1127 721 chu—

385 746 495 774 rilatem
509 745 601 773 habete
612 744 630 778 ²,
648 744 718 783 quod
732 748 770 772 est
782 742 924 772 vinculum
937 741 1124 780 perfectionis

385 799 410 823 et
429 804 487 833 pau:
514 793 620 823 Christi
640 793 743 822 exultet
765 793 795 822 in
816 792 941 821 cordibus
960 791 1074 827 restris,
1097 790 1127 818 in

386 853 437 882 quo
453 847 478 872 et
492 844 578 872 vocali
592 843 655 871 estis
672 843 700 871 in
716 851 768 870 uno
786 851 908 880 corpore.
933 839 1014 868 Sicut
1030 837 1125 867 anima

389 902 446 921 non
481 892 608 921 vivificat
639 891 696 920 nisi
730 890 886 919 coniuncta
921 886 1063 924 membra,
1087 886 1125 915 ita

387 950 442 971 nec
465 941 594 980 Spiritus
617 940 740 969 Sanctus
767 938 920 975 religiosos
944 946 995 975 per
1017 936 1127 965 discor-

387 990 449 1019 dias
472 994 499 1019 et
521 989 664 1018 scissuras
686 991 846 1026 separatos¹
866 984 1052 1014 Meminerint
1073 983 1128 1012 ita-

386 1048 442 1078 que
464 1039 541 1068 serio
563 1036 745 1067 dilectissimi
763 1040 859 1074 patres
874 1038 900 1063 et
917 1034 1031 1070 fratres,
1049 1031 1125 1071 quod

388 1088 437 1118 ubi
460 1087 588 1117 charitas
611 1090 666 1123 est,
690 1085 730 1114 ibi
752 1084 829 1114 Deus
850 1083 899 1112 sit.
935 1082 983 1111 Dei
1007 1080 1127 1120 provide

386 1137 480 1172 eritis,
505 1137 529 1165 si
553 1144 643 1165 unum
666 1134 790 1164 fueritis.
815 1133 858 1162 Sit
880 1132 908 1161 in
926 1131 1008 1160 vobis
1031 1130 1128 1169 proin-

385 1187 421 1216 de
442 1186 513 1216 unio
535 1185 701 1214 intellectus
723 1187 752 1212 et
769 1182 883 1217 iudicii,
901 1185 932 1210 ut
960 1180 1037 1210 idem
1060 1188 1127 1208 cum

386 1234 589 1274 superioribus
619 1237 647 1262 et
676 1231 836 1261 maioribus
867 1229 973 1260 vestris
995 1228 1126 1267 sapiatis,

386 1285 423 1315 sit
447 1285 516 1314 unio
539 1282 701 1312 affectionis
723 1285 751 1310 et
781 1279 981 1315 dilectionis²,
1005 1283 1037 1307 ut
1060 1287 1129 1307 con-

389 1335 492 1364 fratres
522 1337 635 1362 vestros
666 1335 813 1369 tamquam
849 1337 949 1358 omnes
986 1326 1129 1365 genuinos

392 1383 478 1412 huius
501 1380 669 1421 provinciae
692 1379 779 1416 filios,
804 1387 860 1406 non
884 1376 1055 1411 carnaliter,
1078 1374 1128 1404 sed

388 1430 598 1471 spiritualiter⁴
623 1438 673 1467 per
695 1428 796 1463 Deum,
814 1425 974 1456 secundum
992 1424 1082 1454 Deum
1101 1427 1129 1452 et

388 1481 416 1510 in
440 1480 496 1510 Deo
518 1479 658 1517 diligatis⁷
678 1488 711 1507 ac
727 1486 828 1507 omnes
844 1475 1036 1515 particulares
1058 1473 1130 1502 ami-

392 1530 485 1566 citias,
509 1538 581 1568 quas
603 1527 758 1557 maledicta
781 1526 849 1555 olim
872 1534 887 1554 a
911 1528 1013 1554 sancto
1041 1522 1130 1562 patri-

392 1579 479 1609 arcba
497 1583 596 1608 nostro
613 1577 768 1606 Francisco
783 1574 970 1605 nationalitas
993 1573 1129 1609 dictaret⁷

390 1628 506 1667 penitus
528 1625 706 1656 abscindatis
722 1635 728 1661 3
746 1625 784 1654 sit
799 1623 915 1654 tandem
935 1622 1004 1652 unio
1027 1621 1131 1651 volun-

389 1681 483 1706 tatum
516 1681 544 1706 et
578 1675 721 1708 cordium,
756 1678 787 1702 ut
819 1672 972 1702 unanimes
1004 1670 1080 1700 idem
1104 1673 1132 1698 et

390 1731 550 1766 spontanee
573 1724 741 1763 acceptetis,
759 1727 787 1752 et
811 1726 943 1761 prompte
967 1718 1133 1749 subscriba-

390 1776 438 1805 tis.
463 1774 542 1810 Quod
565 1774 642 1802 sicut
672 1781 722 1811 pro
745 1770 894 1800 communi
928 1769 1015 1798 liuius
1038 1768 1131 1797 almae

392 1824 560 1863 provinciae
583 1821 659 1851 bono
682 1820 856 1857 desiderio&
878 1820 918 1848 ita
941 1817 1078 1847 omnibus
1094 1826 1132 1845 ex

390 1873 487 1902 animo
517 1871 670 1901 benedico.
697 1870 728 1899 In
751 1869 859 1898 nomine
882 1868 985 1903 l’atris,
1008 1871 1032 1895 et
1054 1866 1131 1903 Filii,

390 1927 415 1951 et
442 1922 567 1960 Spiritus
593 1920 698 1949 Sancti.
728 1917 825 1947 Amen.
855 1917 956 1946 Datum
980 1915 1009 1945 in
1032 1920 1132 1944 nostro

391 1971 578 2001 Possoniensi
595 1970 689 1999 dictae
707 1968 834 2006 Virginis
852 1966 1063 2001 Annunciatae,
1087 1965 1133 1994 die

391 2029 429 2050 vn
446 2019 543 2049 martii
558 2027 707 2048 nuccxxx.
726 2016 977 2046 l‹‘1·.Smism.-sn1:s
992 2014 1132 2048 Simulus,

397 2068 618 2099 commissarius
641 2067 773 2096 visitator
794 2065 951 2104 generalis.

441 2137 455 2179 ἓ
483 2135 514 2168 ⁶2.
542 2135 580 2168 Et
612 2133 839 2177 postmodum,
866 2143 936 2164 cum
968 2132 1134 2175 praedicta

398 2189 568 2232 provincia
596 2187 739 2221 Mariana
764 2197 799 2219 ex
828 2186 983 2219 tercentis
1007 2190 1136 2228 septua-

397 2243 488 2285 ginta
511 2247 585 2275 octo
612 2241 835 2274 sacerdotibus
854 2245 886 2272 et
903 2240 1030 2272 clericis
1048 2250 1137 2272 com-

339 2318 349 2328 ·
397 2302 556 2340 ponatur,
584 2301 616 2329 et
641 2295 760 2338 singuli
776 2322 783 2336 ‚
809 2305 826 2326 a
851 2294 1038 2337 supradicto
1062 2294 1137 2326 visi-

398 2357 505 2384 tatore
532 2350 677 2393 generali
703 2349 914 2391 interrogati,
937 2348 948 2364 θ
966 2349 1136 2381 memorati

430 2442 440 2465 1
465 2438 536 2466 Edit.
557 2438 638 2465 Μελίη.
659 2437 728 2472 legit
747 2438 830 2465 habes
850 2441 887 2469 (R.
903 2437 953 2471 Τ.).

429 2484 446 2509 2
467 2483 538 2510 Edit.
561 2483 640 2509 Main.
663 2482 727 2517 tegit
747 2483 852 2509 habere
872 2484 914 2513 (R.
930 2483 978 2513 τ,).

430 2531 444 2551 :t
470 2528 539 2554 Edit.
562 2527 642 2554 Main.
664 2527 730 2561 legit
749 2527 917 2554 dilectiones
936 2534 975 2559 tu.
990 2528 1037 2556 τ.),

431 2573 446 2597 Α
468 2572 540 2598 Edit.
561 2571 642 2598 Main.
666 2572 734 2605 legit
752 2571 954 2606 spiritualibus
975 2572 1013 2603 (n.
1032 2571 1084 2603 Τ.).

430 2617 446 2642 5
467 2616 582 2643 Videtur
603 2615 748 2650 legendum
768 2615 897 2642 desidero
916 2622 954 2645 (n.
975 2615 1012 2644 τ).

430 2662 447 2686 o
469 2660 546 2687 Deest
566 2668 599 2687 an
620 2660 820 2693 adhaererent,
842 2663 888 2686 aut
908 2658 994 2686 simile
1012 2663 1049 2694 (η.
1069 2660 1119 2692 τ.).

968 255 1150 279 BULLARIUM
1174 255 1329 279 ROMANUM

1170 303 1337 336 Benedicti
1375 303 1641 347 praedecessoris
1674 303 1815 343 litteris,
1840 313 1906 336 uno

1169 362 1325 399 excepto,
1353 356 1506 389 videlicet
1535 356 1654 389 dilecto
1684 355 1750 389 tilio
1776 356 1908 399 provin-

1170 409 1261 448 ciali,
1288 420 1401 442 omnes
1432 410 1578 448 vocales,
1610 408 1742 441 nemine
1773 418 1909 451 prorsus

1170 462 1387 505 discrepante,
1406 472 1470 495 non
1491 462 1590 495 modo
1615 461 1800 505 praedictas
1826 462 1909 494 litte·

1170 524 1220 546 ras
1256 515 1372 547 iterum
1410 515 1569 547 habentes
1605 515 1828 557 capitulariter
1851 524 1906 547 ac-

1170 572 1369 610 ceptorum,
1411 578 1521 600 verum
1562 568 1658 600 etiam
1699 568 1909 601 concorditer

1171 625 1354 653 statuerunt
1391 620 1585 663 tripartitam
1620 621 1843 654 alternativam
1875 621 1908 653 in

1172 672 1216 704 eis
1234 678 1418 706 contentam
1439 673 1560 716 pariter
1576 674 1814 706 extendendam
1835 684 1908 707 esse

1172 726 1210 758 ad
1236 726 1485 769 subrogationes
1512 732 1544 759 et
1569 727 1815 760 substitutiones
1840 738 1911 770 per-

1171 779 1275 822 petuis
1301 780 1416 812 suturis
1445 780 1645 824 temporibus
1669 781 1728 812 sub
1749 780 1910 813 nullitatis

1170 834 1277 875 poena
1296 833 1430 865 omnino
1448 833 1651 872 servandam,
1667 839 1698 864 ot
1715 833 1794 866 alias
1811 839 1911 877 prout

1171 885 1264 918 ctiam
1297 886 1487 919 continetur
1517 887 1549 919 in
1581 887 1711 920 decreto
1740 887 1910 930 capitulari

1172 939 1292 971 tenoris
1319 941 1504 983 sequentis,
1531 951 1668 983 nempe:

1209 992 1252 1022 Ad
1281 993 1485 1022 stabiliendam
1518 993 1549 1023 in
1577 994 1630 1023 hac
1665 994 1742 1023 alma.
1779 993 1912 1024 beatissi-

1170 1050 1233 1071 mae
1264 1041 1391 1079 Virginis
1422 1042 1528 1071 Mariae
1561 1042 1728 1080 Hungariae
1759 1043 1913 1082 provincia

1171 1094 1340 1128 perpetuam
1374 1099 1475 1129 pacem
1507 1095 1535 1120 et
1568 1091 1830 1130 tranquillitatem,
1859 1102 1912 1122 nos

1171 1139 1349 1179 infrascripti
1379 1139 1408 1168 in
1432 1140 1558 1179 capitulo
1581 1141 1754 1179 provinciali
1780 1141 1911 1172 Possonii

1172 1188 1300 1225 legitime
1317 1188 1487 1226 congregati
1503 1189 1617 1218 vocales
1634 1199 1691 1219 uno
1708 1200 1757 1219 ore
1779 1194 1807 1219 et
1826 1191 1913 1221 corde

1172 1241 1379 1276 acceptamus,
1408 1242 1517 1276 atque,
1547 1242 1577 1267 ut
1603 1248 1688 1268 veros
1720 1243 1748 1269 et
1776 1239 1915 1270 obedien-

1173 1290 1215 1315 tes
1240 1286 1268 1316 S.
1295 1287 1329 1316 lt.
1352 1288 1388 1316 Ε.
1415 1291 1443 1316 et
1465 1287 1558 1317 sancti
1586 1288 1677 1326 patris
1703 1289 1796 1318 nostri
1823 1289 1914 1319 Fran-

1172 1335 1243 1365 cisei
1266 1335 1343 1365 filios
1364 1336 1460 1374 decet⁷
1485 1337 1636 1375 perpetuis
1665 1338 1771 1368 futuris
1800 1343 1914 1379 tempo-

1173 1384 1255 1414 ribus
1271 1385 1420 1414 observari
1438 1386 1637 1416 desideramus
1653 1391 1681 1416 et
1697 1387 1831 1418 volumus
1845 1388 1915 1418 Bre-

1174 1444 1206 1463 ve
1229 1434 1407 1463 sanctissimi
1430 1434 1541 1464 domini
1564 1435 1655 1465 nostri
1679 1435 1828 1466 Benedicti
1850 1437 1912 1467 Xllt

1173 1487 1291 1512 sanctae
1309 1482 1477 1517 memoriae,
1496 1483 1522 1512 vi
1537 1483 1622 1512 cuius
1644 1483 1795 1522 bipartita¹
1811 1484 1915 1515 electio

1173 1536 1202 1561 et
1223 1531 1387 1561 officiorum
1421 1531 1591 1561 distributio
1624 1532 1813 1572 praecipitur.
1842 1532 1914 1569 Quia

1174 1589 1243 1609 vero
1266 1581 1295 1609 in
1319 1579 1467 1618 praedicto
1484 1580 1633 1618 pontificio
1649 1580 1733 1610 Brevi
1756 1581 1785 1610 in
1808 1581 1915 1612 virtute

1174 1634 1291 1659 sanctae
1320 1628 1516 1665 obedientiae,
1544 1633 1572 1658 et
1601 1628 1655 1658 sub
1681 1630 1916 1660 excommunica-

1176 1678 1264 1706 tionis
1293 1677 1410 1706 maioris
1443 1677 1517 1706 latae
1545 1678 1707 1707 sententiae
1742 1680 1853 1716 poena,
1885 1679 1914 1708 in

1176 1726 1228 1755 liae
1250 1725 1379 1755 Mariana
1403 1726 1552 1764 provincia
1584 1725 1731 1755 observari
1763 1731 1790 1756 et
1811 1736 1916 1757 execu-

1176 1775 1248 1804 tioni
1271 1774 1441 1804 demandari
1459 1775 1650 1813 praecipitur,
1667 1784 1839 1814 expressum
1856 1785 1915 1806 non

1174 1828 1218 1852 est
1241 1829 1338 1853 utrum
1363 1824 1489 1862 praefata
1513 1823 1685 1853 alternativa
1715 1825 1856 1854 servanda
1879 1825 1916 1854 sit

1176 1884 1233 1903 non
1268 1874 1362 1903 solum
1395 1873 1425 1902 in
1459 1873 1667 1909 electionibus,
1691 1874 1741 1903 sed
1770 1875 1858 1904 etiam
1886 1875 1916 1904 in

1176 1921 1433 1959 subrogationibus
1455 1926 1483 1950 et
1509 1920 1786 1959 substitutionibus;
1817 1931 1918 1962 eapro-

1178 1974 1241 2010 pter
1262 1971 1412 2009 negotium
1434 1970 1513 2000 istud
1542 1970 1721 2001 adamussim
1750 1971 1918 2010 expendens

1177 2019 1344 2049 venerabile
1366 2019 1564 2049 definitorium
1587 2024 1615 2049 et
1637 2024 1728 2050 totum
1751 2020 1918 2059 provinciae

1177 2068 1337 2108 capitulum
1361 2068 1390 2098 in
1413 2073 1561 2098 conventu
1588 2068 1776 2098 Possouiensi
1798 2078 1919 2107 congre-

1178 2122 1289 2156 gatum,
1307 2117 1439 2146 unanimi
1454 2117 1585 2146 omnium
1600 2118 1752 2147 nationum
1774 2126 1917 2147 consensu

1178 2166 1395 2202 determinavit,
1432 2166 1508 2205 quod
1543 2166 1709 2205 suprasata²
1745 2166 1917 2196 alternativa

1179 2215 1314 2254 intelligi,
1339 2215 1425 2251 sumi,
1450 2219 1478 2244 et
1501 2215 1651 2254 perpetuis
1673 2215 1782 2245 suturis
1809 2220 1919 2254 tempo-

1180 2266 1263 2295 ribus
1285 2265 1434 2295 observari
1468 2263 1572 2294 debeat
1594 2273 1651 2293 non
1681 2264 1774 2293 solum
1804 2265 1834 2294 in
1861 2264 1919 2294 ele-

1180 2314 1328 2344 ctionibus
1350 2313 1575 2353 capitularibus,
1603 2313 1653 2343 sed
1683 2313 1771 2342 etiam
1799 2314 1829 2343 in
1856 2313 1920 2352 qui-

1181 2364 1362 2403 buscumque
1377 2362 1633 2400 subrogationibus
1655 2367 1684 2392 et
1705 2362 1921 2392 substitutioni-

1181 2413 1254 2451 bus;
1289 2413 1327 2442 ita
1360 2411 1499 2451 quidem,
1523 2415 1577 2449 ut,
1610 2411 1635 2441 si
1658 2411 1735 2441 intra
1757 2410 1920 2450 capitulare.

1181 2462 1342 2492 triennium
1358 2461 1508 2498 contingat
1522 2460 1689 2498 eligendum
1702 2469 1764 2490 esse
1777 2459 1919 2489 vicarium

1181 2510 1226 2540 vel
1258 2510 1492 2540 commissarium
1521 2509 1740 2548 provincialem,
1774 2513 1824 2538 aut
1855 2517 1922 2547 pro-

1181 2560 1351 2589 ministrum
1376 2559 1420 2588 vel
1442 2558 1603 2596 custodem,
1635 2558 1702 2588 talis
1730 2557 1857 2596 eligatur
1882 2566 1922 2587 ex

1218 2616 1228 2640 1
1253 2613 1365 2639 Videtur
1385 2612 1528 2647 legendum
1549 2612 1705 2646 tripartita
1723 2613 1761 2646 (κ.
1777 2612 1826 2643 Τ.).

1216 2658 1232 2685 ⁶2
1252 2657 1322 2684 Edit.
1345 2657 1425 2684 Μαίη.
1447 2656 1511 2692 legit
1530 2657 1702 2691 suprufacta
1719 2661 1760 2690 (R.
1776 2657 1826 2688 iu).

1920 256 1969 280 An.
1985 253 2013 280 G.
2032 254 2105 282 1732
