2182 3137
487 259 552 293 (370
1034 269 1212 295 armantem
1237 270 1388 296 acumen

533 321 737 355 Observantia
753 321 1007 355 Reformatorum
1028 332 1184 367 nuncupa-

531 381 634 409 torum
671 386 768 419 super
810 376 1023 420 acceptatione
1053 377 1184 411 alterna-

531 428 610 462 tivae
636 429 811 472 tripartitae
837 429 866 462 in
893 429 1000 463 eadem
1018 431 1182 474 provincia

532 485 561 515 et
586 481 807 515 distributione
827 482 1005 516 officiorum
1026 483 1106 517 inter
1126 485 1184 518 fra-

531 539 595 567 tres
620 534 755 568 nationis
781 536 992 580 Ilungaricae‚
1019 537 1181 571 Germani-

531 598 595 630 cae,
621 587 814 629 Slavonicae,
842 589 918 623 405.

440 640 527 674 LXV.
556 641 695 684 Erigitur
719 643 962 676 confraternitas
979 654 1032 677 seu
1054 655 1182 688 congre-

529 694 612 737 gatio
634 701 811 739 nuncupata
829 696 1003 740 Perpetuae
1020 697 1182 731 Adoratio-

528 748 575 781 nis
601 748 787 782 sanctissimi
814 749 1005 784 Sacramenti
1032 762 1062 784 tn
1087 752 1182 785 eccle<

529 801 573 833 sia
598 801 763 845 collegiata
788 803 818 835 S.
842 803 956 837 Mariae
976 804 1012 837 ad
1032 805 1181 849 Martyres

529 854 567 887 de
587 854 680 896 Urbe,
706 855 781 888 410.

439 906 540 940 LXVI.
567 907 716 952 Sequitur
740 910 856 943 erectio
889 910 1027 943 eiusdem
1053 922 1181 955 congre-

526 961 659 1004 gationis
683 967 713 994 et
737 963 1001 997 confraternitatis
1023 964 1052 997 in
1078 965 1181 998 arclti-

526 1014 824 1058 confraternitatem,
850 1016 923 1048 Miz.

439 1066 551 1100 LXVII.
576 1067 660 1101 Bona
687 1069 897 1103 ecclesiastica
923 1070 953 1103 in
979 1070 1097 1104 ditione
1122 1073 1180 1105 Au-

527 1127 619 1163 gusto
647 1121 673 1155 II
700 1122 846 1155 Poloniae
870 1124 938 1167 regi
959 1125 1003 1157 uti
1027 1125 1179 1158 Saxoniac

528 1174 598 1207 duci
624 1175 766 1210 subiecta
786 1177 997 1220 consistentia,
1015 1177 1053 1211 ab
1073 1179 1179 1212 baere-

525 1228 594 1261 ticis
619 1235 782 1274 occupata,
800 1230 916 1264 eisdem
943 1232 981 1264 ad
1006 1232 1178 1266 catholicae

525 1282 675 1314 ecclesiae
700 1283 847 1316 unionem
881 1285 927 1317 vel
956 1284 1016 1317 iam
1044 1286 1178 1319 reversis

524 1334 571 1367 vel
604 1335 633 1367 in
668 1340 828 1379 posterum
865 1337 1014 1371 redituris
1046 1339 1178 1372 remissa

525 1387 733 1431 declarantur,
759 1390 834 1423 414.
1111 1402 1115 1405 ·

434 1440 561 1474 LXVIII.
586 1442 746 1486 Hospitale
771 1443 800 1477 S.
819 1444 937 1486 Lazari,
958 1450 1043 1478 extra
1069 1456 1177 1479 muros

522 1495 697 1529 Placentiae
715 1497 864 1541 positum,
885 1499 1104 1543 supprimitur,
1122 1499 1178 1533 eri-

522 1549 669 1593 giturque
706 1550 738 1583 in
774 1551 942 1595 collegium
976 1552 1033 1586 sul)
1066 1553 1176 1586 eodem

524 1603 625 1645 titulo,
651 1604 725 1637 418,

435 1655 537 1689 LXIX.
565 1656 775 1691 Confirmatur
795 1658 892 1692 Breve
913 1659 1072 1693 Benedicti
1099 1660 1178 1701 XIII,

523 1719 585 1753 quo
610 1711 768 1752 statuitur,
787 1722 826 1744 ne
844 1713 914 1756 quis
933 1713 1108 1746 monachus
1126 1712 1179 1746 Or—

524 1762 606 1796 dinis
630 1764 860 1798 Cartbusiensis
892 1766 1008 1809 gratias
1036 1766 1082 1799 vel
1108 1766 1176 1799 offi-

524 1816 581 1858 cia,
607 1817 794 1852 inconsultis
818 1819 958 1852 eiusdem
984 1819 1108 1853 Ordinis
1130 1830 1177 1852 su-

524 1870 714 1914 perioribus,
733 1872 771 1904 ab
787 1873 966 1916 Apostolica
979 1873 1059 1907 Sede
1079 1874 1177 1918 possit

524 1923 706 1967 impetrare,
732 1924 807 1958 42⁹2.

433 1975 523 2009 LXX.
551 1976 716 2012 Decretum
742 1984 776 2011 ut.
802 1976 831 2011 in
864 1980 1003 2024 capitulo
1036 1981 1174 2023 generali

521 2030 702 2073 provinciae
720 2032 880 2066 Ianuensis
897 2032 1022 2066 Ordinis
1042 2033 1173 2066 fratrum

520 2082 674 2117 Minorum
700 2086 798 2118 sancti
824 2086 981 2119 Francisci
1008 2087 1045 2120 de
1065 2087 1176 2120 Obser-

521 2137 624 2169 vantia
648 2137 710 2171 duo
734 2138 856 2172 vocales
887 2149 945 2183 pro
971 2139 1102 2183 singulis
1127 2151 1177 2172 cu-

521 2190 630 2222 stodiis
654 2191 819 2234 eligantur,
844 2191 920 2225 4⁹23.

433 2238 534 2276 LXXI.
561 2242 738 2276 Mandatum
756 2256 852 2289 super
871 2245 1089 2280 observatione
1106 2247 1176 2279 Bre-

522 2295 567 2328 vis
599 2295 767 2330 Clementis
800 2299 838 2331 XI
875 2299 958 2332 circa
994 2299 1173 2343 bipartitam

521 2349 706 2384 divisionem
732 2352 908 2385 officiorum
930 2364 988 2397 pro
1013 2354 1175 2387 monacbis

521 2412 693 2446 regnorum
708 2405 881 2439 Gallaeciac
896 2412 926 2439 et
942 2407 1087 2450 Legionis
1103 2417 1175 2451 pro·

521 2457 696 2490 vinciarum
730 2458 767 2492 de
791 2459 923 2504 Campos
944 2460 1174 2504 Congregatio-

521 2511 570 2543 nis
594 2511 816 2555 Hispaniarum
843 2513 967 2547 Ordinis
989 2514 1174 2548 Cistercien-

521 2564 572 2604 sis,
598 2564 672 2598 424.

434 2616 550 2650 LXXII.
568 2617 800 2654 Confirmantur
817 2621 969 2655 nonnulla
986 2625 1100 2656 statuta
1116 2632 1173 2666 pro

522 2670 644 2704 meliori
671 2673 823 2715 regimine
851 2674 1031 2718 provinciae
1055 2675 1172 2708 Grana-
1198 2693 1201 2715 ι,

1325 324 1419 357 tensis
1443 323 1567 357 Ordinis
1585 325 1716 358 fratrum
1738 326 1891 361 Minorum
1909 339 1975 361 san-

1324 378 1363 410 eti
1389 377 1547 411 Francisci
1573 379 1610 412 dc
1635 378 1847 423 Observantia,
1873 380 1949 414 434.

1236 430 1367 463 LXXIII.
1407 431 1640 465 Confirmantur
1675 437 1789 466 statuta
1824 434 1975 467 nonnulla

1322 494 1417 528 super
1448 484 1670 517 distributione
1700 485 1877 519 officiorum
1902 498 1975 531 pro·

1324 538 1440 570 vinciae
1468 538 1583 571 Terrae
1616 538 1744 572 Laboris
1767 539 1891 573 Ordinis
1916 540 1975 573 fra-

1323 596 1404 623 trum
1420 591 1516 624 sancti
1538 591 1696 624 Francisci
1714 591 1752 625 de
1769 592 1974 627 Observantia

1323 644 1575 677 Reformatornm
1605 649 1870 688 nuncupatorum,
1894 645 1970 680 436.

1234 696 1357 730 LXXIV.
1394 697 1627 731 Confirmantur
1658 698 1762 731 omnia
1793 704 1823 732 et
1850 699 1973 743 singula

1321 751 1486 794 privilegia
1511 757 1540 784 et
1572 751 1785 796 exemptiones
1816 762 1833 785 a
1864 753 1974 786 Roma-

1321 804 1369 838 nis
1386 805 1588 838 Pontificibus
1613 815 1761 839 concessa
1784 806 1973 840 officialibus

1321 857 1553 891 bombardariis
1586 869 1642 891 seu
1673 858 1878 892 libratoribus
1907 864 1974 894 tor-

1322 917 1500 944 mentorum
1526 923 1703 956 eorumque
1735 913 1973 947 auxiliatoribus

1321 964 1351 996 in
1376 965 1456 997 Arce
1480 964 1509 998 S.
1536 965 1644 1008 Angeli
1670 965 1708 999 de
1734 966 1828 1007 Urbe,
1853 965 1927 1000 438.

1232 1016 1347 1050 LXXV.
1373 1017 1468 1051 Serva
1493 1017 1548 1051 Dei
1582 1017 1748 1052 Catberina
1772 1019 1810 1052 de
1834 1019 1969 1060 Ricciis‚
2023 998 2032 1006 ·

1318 1070 1464 1103 monialis
1495 1081 1642 1114 expresse
1677 1072 1816 1115 professa
1848 1071 1972 1106 Ordinis

1319 1123 1417 1156 sancti
1443 1124 1607 1166 Dominiei‚
1633 1124 1744 1158 Beatae
1767 1125 1895 1159 nornine
1919 1136 1973 1170 ap-

1319 1177 1451 1220 pellari,
1476 1188 1512 1210 ac
1537 1188 1607 1211 cum
1633 1178 1729 1212 radiis
1753 1178 1862 1223 pingi,
1887 1184 1946 1212 etc.
1963 1206 1971 1220 ‚

1318 1230 1512 1272 conceditur,
1540 1231 1615 1265 44⁸2.

1230 1283 1355 1317 LXXVI.
1383 1284 1571 1319 Constitutio
1588 1285 1727 1319 diversas
1743 1285 1907 1320 continens
1924 1297 1973 1320 or-

1317 1337 1492 1372 dinationes
1512 1349 1570 1382 pro
1594 1339 1676 1373 bona
1701 1339 1876 1374 directione
1893 1340 1972 1374 Con-

1319 1392 1413 1424 clavis
1439 1403 1475 1425 ac
1492 1403 1597 1425 rerum
1624 1393 1702 1426 Sede
1719 1393 1900 1437 Apostolica
1920 1404 1971 1427 va-

1318 1451 1407 1478 cante
1431 1446 1634 1489 agendarum,
1660 1447 1734 1480 443.

1229 1499 1345 1533 LXXVI
1371 1500 1428 1533 bis.
1450 1501 1703 1545 Cbirograplium
1730 1501 1890 1535 Pontificis
1914 1512 1973 1545 pro

1319 1553 1403 1586 bona
1421 1553 1597 1588 directione
1614 1554 1775 1588 Conclavis
1793 1555 1879 1588 iuxta
1894 1555 1973 1589 Con-

1315 1608 1510 1641 stitutionem
1536 1609 1787 1652 praecedentem,
1812 1608 1887 1643 456.

1226 1661 1365 1694 LXXVII.
1392 1661 1515 1695 Erectio
1540 1672 1575 1695 ac
1600 1662 1726 1696 donatio
1750 1663 1874 1706 collegii
1891 1663 1970 1696 ritus

1315 1714 1425 1747 Graeci
1452 1714 1482 1746 in
1507 1715 1624 1758 oppido
1646 1715 1746 1748 Ullani
1766 1716 1971 1759 Bisignanen-

1315 1767 1357 1800 sis
1382 1767 1535 1801 dioecesis
1570 1779 1630 1812 pro
1662 1769 1769 1812 pueris
1801 1774 1831 1802 et
1855 1769 1969 1803 adole-

1314 1821 1473 1854 scentibus
1488 1820 1562 1854 dicti
1582 1821 1659 1855 ritus
1676 1832 1711 1855 ex
1731 1822 1827 1866 Epiro
1844 1822 1969 1857 descen-

1314 1873 1470 1915 dentibus,
1495 1874 1569 1908 464.

1226 1926 1380 1960 LXXVIII.
1418 1928 1620 1961 Moderantur
1652 1929 1806 1972 quaedam
1842 1929 1968 1963 decreta

1313 1990 1372 2024 pro
1392 1981 1554 2025 provincia
1572 1981 1791 2026 Conceptionis
1804 1982 1838 2016 B.
1855 1982 1968 2016 Mariae

1314 2034 1450 2078 Virginis
1474 2034 1598 2069 Ordinis
1623 2035 1777 2069 Minorum
1810 2036 1841 2070 S.
1870 2037 1967 2070 Fran-

1313 2087 1387 2121 cisci
1412 2088 1450 2121 de
1469 2088 1676 2122 Observantia
1701 2089 1966 2123 Discalceatorum

1313 2141 1403 2184 regni
1428 2142 1650 2185 Portugalliae,
1676 2142 1750 2175 467.

1226 2194 1355 2227 LXXIX.
1383 2195 1583 2229 Confirmatis
1608 2196 1720 2229 litteris
1744 2201 1870 2229 sanctae
1894 2207 1964 2230 me-

1315 2248 1435 2282 moriae
1459 2249 1627 2284 Clementis
1653 2249 1709 2283 Pr.
1738 2249 1788 2290 XI,
1808 2249 1968 2294 presbyte-

1313 2303 1357 2335 ris
1390 2302 1650 2346 Congregationis
1689 2303 1816 2337 Piorum
1851 2303 1967 2348 Opera-

1314 2356 1452 2397 riorum,
1481 2362 1550 2401 post
1575 2357 1776 2390 decennalem
1802 2357 1833 2390 in
1858 2357 1965 2390 eadem

1312 2420 1433 2443 moram
1459 2420 1494 2443 ac
1520 2402 1676 2443 Ordinarii
1713 2411 1773 2445 loci
1801 2411 1963 2455 approba-

1313 2463 1430 2496 tionem
1456 2463 1493 2496 ad
1519 2465 1760 2497 sacramentales
1793 2464 1966 2497 confessio-

1311 2527 1366 2550 nes
1391 2517 1562 2551 audiendas
1579 2545 1586 2558 ‚
1613 2523 1718 2551 votum
1754 2518 1785 2550 in
1822 2517 1966 2562 capitulis

1312 2570 1512 2612 generalibus
1529 2571 1723 2611 conceditur,
1748 2569 1824 2603 469.

1224 2622 1338 2656 LXXX.
1365 2623 1530 2657 Decretum
1547 2651 1554 2665 ,
1579 2628 1613 2658 ut
1648 2624 1759 2658 fratres
1783 2623 1965 2671 provinciae

1312 2675 1522 2719 portugalliae
1538 2677 1632 2710 Tertii
1653 2677 1778 2710 Ordinis
1808 2676 1838 2710 S.
1870 2675 1965 2709 Fran-

2175 483 2182 647 ι-ΑΛ--.ι-
2178 283 2182 445 .-,--.--.,
2180 258 2182 266 ..

2174 689 2182 976 *κα-...ῳ--ι
2178 666 2182 682 -
