2182 3137
74 166 126 193 An.
148 165 177 193 G.
196 165 259 193 173¹

103 759 130 779 De
142 759 202 779 nmis
214 759 257 779 fuu-

75 786 204 806 dationibus.

115 2201 161 2222 Alia
188 2201 258 2222 munia

76 2233 114 2254 per
149 2234 258 2254 operarios

76 2255 181 2276 obeunda.

882 166 1023 191 CLEMENS
1048 168 1091 191 xli
1118 169 1165 192 Pr.

267 214 385 248 sacello
409 214 458 248 vel
484 214 514 247 in
535 214 598 248 alio
619 214 718 258 ipsius
749 213 902 247 territorii
933 215 1007 247 loco

266 267 306 300 ab
332 267 409 310 ipsis
435 267 574 301 dominis
600 267 763 311 episcopis
798 267 1006 309 assiguando,

266 321 305 354 ad
325 332 419 365 quem
437 332 512 354 suos
530 322 779 355 convocaverint
797 321 1007 353 sacerdotes:

267 375 429 418 finitisque
470 375 583 408 decern
621 374 852 407 exercitiorum
880 373 1005 413 diebus,

266 428 298 460 in
324 428 420 468 loco,
448 427 488 460 ab
514 427 637 460 eisdem
663 426 902 464 describendo,
936 426 1009 458 mis-

267 481 390 514 sionem
416 480 587 524 incipient,
615 487 647 514 et
672 486 924 524 prosequentur,
945 479 1007 512 nisi

267 535 306 567 ab
333 534 448 567 eadem
474 534 573 577 incipi
600 534 740 567 dominis
766 533 926 577 episcopis
947 542 1009 565 me-

268 588 332 620 lius
348 587 453 620 visum
477 588 590 628 fuerit,
607 587 741 620 servatis
761 597 890 630 semper
907 586 1009 619 omni-

268 642 337 682 bus,
357 652 439 685 quae
457 653 554 685 supra
580 641 664 674 dicta
686 645 772 680 sunt,
793 645 827 672 ut
847 639 890 673 ita
908 646 1010 672 trans-

269 701 344 728 eant
368 695 406 728 de
432 695 568 737 regione
595 694 627 727 in
653 693 833 736 regionem.

312 758 422 782 xtvm.
442 748 482 781 Ut
499 754 604 781 autem
623 747 733 780 omnia
751 745 937 790 supradicta
951 757 1010 779 ma-

269 802 316 845 gis
343 806 576 845 propagentur,
602 799 626 833 si
652 810 735 832 nova
755 798 930 833 seminaria
949 804 1011 832 sta-

268 854 434 892 biliantur,
460 864 518 897 per
544 864 625 897 quac
642 853 697 886 Dei
713 852 824 896 gloria,
841 852 1011 895 disciplina

269 906 486 940 ecclesiastica
503 933 510 947 ‚
554 912 585 939 et
628 905 806 938 animarum
847 905 1011 949 profectus

268 959 490 1003 amplificetur,
506 959 537 992 id
558 959 706 1003 apprime
724 959 1009 1001 animadvertetur,

269 1012 397 1045 iuvante
433 1012 592 1052 Domino,
629 1017 664 1045 ut
698 1012 730 1044 in
754 1012 1009 1055 unun‘iquodque

270 1066 480 1099 seminarium
506 1071 694 1110 competens
713 1065 938 1109 operariorum
958 1076 1010 1098 nu-

268 1130 378 1152 merus
415 1119 615 1152 admittatur.
655 1119 765 1163 ltaque
807 1120 845 1152 de
888 1119 1010 1152 domini

269 1173 418 1217 episcopi
453 1172 586 1206 licentia
622 1173 660 1206 ad
695 1183 794 1206 novas
820 1172 1011 1206 seminario-

268 1237 338 1259 rum
375 1225 600 1267 fundationes,
638 1226 664 1259 si
701 1225 740 1258 ab
766 1226 836 1258 aliis
870 1226 1009 1259 dominis

270 1280 432 1324 episcopis
458 1280 685 1324 requirantur,
722 1285 769 1313 tot
801 1280 951 1313 mittendi
978 1291 1010 1313 e-

269 1339 355 1375 runt,
383 1340 460 1378 quot
487 1334 606 1367 suerint
624 1334 815 1371 necessarii,
834 1334 1009 1367 dummodo

270 1388 300 1421 in
337 1388 469 1432 proprio
506 1388 680 1421 seminario
707 1388 870 1421 sufficiens
900 1399 1011 1432 opera-

269 1443 388 1476 riorum
415 1453 567 1476 numerus
593 1449 772 1483 remaneat3
800 1454 897 1486 quum
917 1443 1008 1482 ratio,

270 1496 421 1536 charita&
447 1497 601 1539 zelusque
631 1497 809 1529 animarum
832 1496 962 1540 exigant
978 1502 1011 1528 ut

270 1549 444 1583 seminaria
461 1550 579 1589 omnia,
592 1550 734 1592 quamvis
749 1549 833 1582 inter
851 1560 882 1582 se
905 1550 1009 1592 quoad

269 1603 463 1645 gubernium
489 1609 648 1646 separata,
675 1603 736 1635 sibi
762 1603 899 1636 invicem
927 1603 1010 1635 auxi:

269 1657 399 1696 lientur,
427 1668 489 1700 quo
517 1656 641 1700 possint
658 1657 697 1689 ad
717 1657 883 1689 dioeceses
897 1667 1008 1690 omnes

270 1710 413 1744 extendi.
449 1710 651 1743 Fundatores
685 1715 791 1743 autem
822 1711 860 1742 ad
892 1721 1010 1743 novum

269 1763 481 1797 seminarium
510 1768 727 1804 transeuntes,
755 1763 850 1795 huius
880 1764 1010 1805 regulas

270 1821 300 1851 et
325 1817 433 1850 munia
459 1817 497 1850 ad
524 1816 645 1860 praxim
663 1817 812 1859 redigere
834 1817 1009 1857 curabunt·,

269 1876 302 1904 et
323 1869 449 1910 exinde,
468 1870 740 1914 quandocumque
763 1870 938 1903 necessitas
956 1881 1008 1914 po-

270 1924 457 1964 stulaverit,
482 1925 531 1957 vel
557 1924 786 1967 opportunitas
812 1934 882 1957 sese
918 1924 1012 1957 obtu-

270 1977 355 2016 lerit,
379 1978 428 2010 vel
455 1977 577 2020 proprii
599 1977 778 2020 superioris
799 1982 1010 2021 praeceptum

271 2031 465 2071 accesserit,
491 2031 530 2064 ad
567 2041 659 2063 suum
695 2030 906 2063 seminarium
937 2035 1011 2064 tam-

271 2096 367 2129 quam
392 2085 430 2118 ad
449 2084 617 2129 propriam
636 2084 768 2118 domum
791 2084 936 2125 redeant,
960 2095 1012 2118 nc-

270 2149 359 2173 cesse
385 2140 458 2172 erit.

313 2202 395 2226 xmx.
424 2192 462 2225 Ut
486 2197 592 2226 autem
618 2193 713 2236 plura
738 2193 770 2225 in
796 2203 896 2225 unum
922 2193 1011 2226 colli-

271 2252 411 2290 gantur,
443 2246 667 2290 operariorum
703 2246 846 2279 muneris
878 2247 939 2280 erit
972 2247 1010 2280 ad

271 2301 379 2334 omnia
399 2311 473 2333 suae
491 2301 651 2334 vocationi
670 2306 899 2340 consentanea,
919 2312 935 2334 a
954 2301 1010 2334 do-

269 2354 357 2387 mino
395 2354 550 2397 episcopo
577 2354 779 2395 ordinanda,
818 2354 1009 2388 charitatem

271 2408 465 2448 extendere;
485 2407 666 2441 cuiusmodi
681 2413 772 2440 sunt:
790 2409 927 2442 clericos
946 2419 1011 2441 cor-

269 2461 415 2495 rectione
443 2461 627 2504 indigentes
652 2462 690 2494 ad
710 2462 920 2495 seminarium
941 2463 1011 2495 mis-

269 2526 322 2549 sos
357 2514 498 2557 benigne
536 2519 567 2547 ct
603 2514 745 2547 fraterne
781 2515 946 2558 suscipere
975 2527 1011 2549 ac

270 2561 435 2613 dirigere3
469 2572 613 2611 tempore
640 2568 830 2602 visitationis
855 2569 1009 2603 dioecesis

338 2632 418 2661 Bau.
438 2632 523 2661 nom.
550 2647 578 2653 -
603 2632 663 2663 γοι.
681 2631 793 2669 χχιιι.
941 2632 974 2661 39

1684 158 1748 192 305

1053 216 1219 249 dominum
1258 218 1449 261 episcopum
1487 218 1638 258 sociare,
1676 217 1725 250 vel
1765 216 1793 249 ei

1053 270 1179 311 praeire
1203 270 1363 310 docendo,
1385 271 1603 314 praedicando
1625 276 1656 304 et
1675 270 1794 304 confes-

1053 321 1161 354 siones
1187 322 1359 356 audiendo.

1096 383 1125 406 L.
1154 373 1326 415 Ceterum,
1363 377 1487 409 tametsi
1522 377 1553 409 in
1588 377 1638 409 his
1673 377 1990 416 congii-Qa0amocon-

1054 426 1237 459 tutionibus
1275 432 1377 461 totum
1407 429 1567 462 dictorum
1602 413 1989 463 seminario-{fif-''0¹1¹‘''ssifmiil

1055 490 1123 512 rum
1158 480 1360 520 institutum,
1397 482 1532 525 eiusque
1559 483 1736 516 declaratio
1763 468 1847 516 etum*
1869 469 1988 492 wewam.

1054 533 1262 566 observantia
1287 535 1522 575 concludatur,
1557 547 1660 579 eaque
1686 537 1794 569 omnia

1054 597 1071 618 a
1097 586 1282 619 seminariis
1308 587 1457 620 omnibus
1484 589 1544 621 sub
1570 589 1686 622 iisdem
1704 601 1795 632 regu·

1054 639 1092 672 lis
1129 639 1268 672 fundatis
1308 650 1514 684 summopere
1541 647 1673 684 optetur
1698 642 1795 675 adim-

1055 693 1156 735 pleri;
1185 698 1312 735 tamen,
1338 693 1413 737 quia
1447 695 1547 727 multa
1573 694 1603 727 in
1630 695 1667 728 iis
1694 696 1796 728 conti-

1055 751 1194 785 nentur,
1231 757 1313 790 quae
1349 756 1413 779 non
1450 747 1558 779 omnia
1588 747 1620 779 in
1646 748 1795 780 omnibus

1056 810 1160 843 aeque
1179 799 1248 833 lieri
1266 805 1429 844 poterunt,
1447 801 1640 844 praesertim
1661 801 1694 833 in
1711 802 1796 844 prin-

1057 853 1142 896 cipio
1157 853 1292 887 alicuius
1307 854 1515 894 fundationis,
1527 854 1656 897 quando
1671 859 1716 887 tot
1730 865 1794 887 uon

1056 907 1172 939 adsunt
1197 907 1350 950 operarii,
1377 912 1457 950 quot
1474 912 1548 939 sunt
1573 907 1735 939 necessari
1757 908 1795 939 ad

1056 971 1092 992 ea
1129 960 1258 1003 penitus
1295 960 1504 1003 exequenda,
1543 965 1574 993 et
1599 960 1673 1003 quia
1700 960 1797 992 etiam

1055 1014 1215 1046 nonnulla
1241 1013 1270 1045 in
1296 1013 1335 1045 iis
1357 1013 1578 1053 continentur,
1598 1023 1681 1056 quae
1703 1012 1795 1045 initio

1055 1066 1157 1099 ardua
1182 1066 1281 1099 videri
1308 1072 1461 1110 possunt:
1480 1066 1611 1105 idcirco,
1633 1066 1794 1099 adimendi

1055 1121 1148 1152 causa
1174 1119 1272 1152 animi
1300 1121 1477 1152 anxietates
1510 1131 1546 1153 ac
1568 1119 1723 1163 peccandi
1746 1130 1797 1163 pe-

1056 1173 1176 1215 ricula,
1202 1173 1385 1205 declaratur
1422 1173 1508 1215 quod
1546 1173 1605 1206 hae
1641 1173 1797 1206 constitu-

1057 1226 1161 1259 tiones
1198 1226 1345 1268 obligant
1379 1225 1457 1258 citra
1485 1227 1586 1260 ullum
1611 1232 1792 1270 peccatum.

1055 1280 1187 1313 Praeses
1213 1290 1289 1312 vero
1315 1280 1484 1312 maximam
1504 1280 1659 1313 adhibeat
1672 1290 1791 1321 curam,

1053 1340 1106 1373 ut,
1133 1343 1358 1377 quaecumque
1383 1343 1442 1377 per
1467 1333 1657 1377 operarios,
1683 1334 1735 1377 qui
1762 1334 1794 1366 in

1053 1387 1227 1421 seminario
1254 1393 1348 1427 suut,
1375 1388 1517 1421 exerceri
1543 1393 1698 1431 possunt,
1723 1389 1796 1421 ada-

1054 1441 1187 1474 mussim
1214 1442 1446 1482 observentur;
1473 1441 1527 1484 qui
1547 1442 1642 1474 etiam
1665 1447 1796 1474 tenetur

1054 1496 1337 1528 contravenientes
1356 1495 1518 1538 corrigere
1537 1500 1569 1528 et
1588 1500 1795 1528 contumaces

1054 1550 1092 1582 ad
1118 1549 1330 1583 seminarium
1356 1549 1495 1582 deferre.

1800 167 1848 193 An,
1872 167 1899 193 C.
1920 166 1982 192 173¹

1098 1657 1112 1699 g
1138 1656 1169 1689 ⁶2.
1197 1655 1272 1689 Cum
1298 1661 1426 1697 autem,
1452 1657 1534 1689 sicut
1559 1657 1671 1690 eaden]
1702 1665 1990 1712 expo-hconfumpnnum

1054 1711 1128 1744 sitio
1154 1710 1380 1753 subiungebat,
1407 1711 1610 1754 experientia
1635 1699 1991 1751 docum-n,1122133013521‘3121

1054 1765 1196 1808 pi‘aisaefata
1223 1770 1350 1803 statuta,
1376 1764 1629 1798 constitutiones
1656 1770 1688 1797 et
1708 1775 1796 1807 regu-

1054 1819 1112 1858 las,
1139 1819 1176 1851 ad
1205 1819 1462 1862 promovendum
1485 1819 1627 1852 divinam
1648 1819 1794 1862 gloriam,

1054 1872 1171 1904 Christi
1197 1871 1424 1911 imitationem,
1447 1872 1719 1916 disciplinamque
1745 1884 1795 1905 ec-

1055 1925 1265 1958 clesiasticam
1293 1925 1495 1966 huiusmodi,
1532 1931 1564 1958 et
1590 1926 1795 1969 spiritualem

1056 1979 1235 2017 animarum
1261 1990 1471 2022 progressum
1499 1979 1635 2012 maxime
1663 1980 1769 2012 iuvare
1787 2007 1794 2019 ,

1055 2036 1157 2077 caque
1184 2033 1309 2066 ratione
1335 2033 1373 2066 ab
1400 2033 1572 2077 episcopis,
1600 2034 1630 2066 in
1657 2044 1795 2077 quorum

1055 2086 1260 2120 dioecesibus
1287 2086 1472 2130 supradicta
1498 2087 1671 2119 seminaria
1703 2087 1796 2119 insti-

1056 2145 1121 2173 tuta
1147 2140 1366 2183 reperiuntur,
1388 2140 1566 2183 approbata
1585 2140 1646 2172 iam
1666 2140 1794 2179 fuerint,

1054 2199 1088 2225 ut
1113 2193 1312 2236 praesertin-3
1340 2193 1413 2236 quia
1434 2204 1510 2226 vero
1529 2193 1650 2226 salubri
1669 2203 1796 2225 eorum-

1054 2246 1126 2279 dem
1152 2247 1399 2280 seminariorum
1425 2246 1609 2286 directioni,
1637 2252 1668 2279 et
1692 2246 1723 2278 in
1747 2247 1793 2279 cis

1055 2311 1113 2343 pro
1152 2305 1296 2343 tempore
1333 2299 1520 2342 degentium
1556 2299 1624 2342 paci
1651 2304 1682 2331 et
1707 2304 1795 2331 tran-

1056 2354 1218 2398 quillitati,
1235 2364 1362 2386 necnon
1381 2353 1637 2396 praemissorum
1660 2354 1793 2387 firmiori

1056 2407 1284 2441 subsistentiae
1311 2413 1341 2440 et
1379 2407 1533 2440 exactiori
1568 2407 1793 2440 observantiae

1055 2460 1229 2505 plurimum
1255 2460 1403 2493 conferre
1430 2465 1559 2503 posset,
1586 2459 1611 2492 si
1638 2459 1692 2492 illa
1718 2471 1794 2504 apo-

1054 2515 1190 2549 stolicae
1231 2513 1483 2547 confirmationis
1523 2518 1652 2546 nostrae
1675 2515 1795 2547 .muni-

1054 2569 1138 2603 mine
1164 2568 1419 2610 roborarentur,
1446 2578 1481 2602 ac
1511 2567 1549 2602 ab
1583 2567 1734 2603 omnibus
1761 2572 1792 2603 et
