<?xml version="1.0" encoding="UTF-8"?>
<!DOCTYPE html PUBLIC "-//W3C//DTD XHTML 1.0 Transitional//EN"
    "http://www.w3.org/TR/xhtml1/DTD/xhtml1-transitional.dtd">
<html xmlns="http://www.w3.org/1999/xhtml" xml:lang="en" lang="en">
 <head>
  <title>
</title>
<meta http-equiv="Content-Type" content="text/html;charset=utf-8" />
  <meta name='ocr-system' content='tesseract 3.04.00' />
  <meta name='ocr-capabilities' content='ocr_page ocr_carea ocr_par ocr_line ocrx_word'/>
</head>
<body>
  <div class='ocr_page' id='page_1' title='image "./bullarumdiplomat23cath_0515.png"; bbox 0 0 2182 3137; ppageno 0'>
   <div class='ocr_carea' id='block_1_1' title="bbox 35 224 239 258">
    <p class='ocr_par' dir='ltr' id='par_1_1' title="bbox 35 224 239 258">
     <span class='ocr_line' id='line_1_1' title="bbox 35 224 239 258; baseline -0.025 0"><span class='ocrx_word' id='word_1_1' title='bbox 35 228 104 258; x_wconf 56' lang='lat' dir='ltr'>„Am</span> <span class='ocrx_word' id='word_1_2' title='bbox 119 226 148 254; x_wconf 88' lang='lat' dir='ltr'>C.</span> <span class='ocrx_word' id='word_1_3' title='bbox 174 224 239 254; x_wconf 74' lang='lat'>¹723</span> 
     </span>
    </p>
   </div>
   <div class='ocr_carea' id='block_1_2' title="bbox 50 1518 234 1623">
    <p class='ocr_par' dir='ltr' id='par_1_2' title="bbox 50 1518 234 1623">
     <span class='ocr_line' id='line_1_2' title="bbox 77 1518 234 1545; baseline -0.006 -5"><span class='ocrx_word' id='word_1_4' title='bbox 77 1518 118 1540; x_wconf 64' lang='lat' dir='ltr'>Smt</span> <span class='ocrx_word' id='word_1_5' title='bbox 135 1524 181 1539; x_wconf 65' lang='lat' dir='ltr'>eum</span> <span class='ocrx_word' id='word_1_6' title='bbox 197 1524 234 1545; x_wconf 81' lang='lat' dir='ltr'>pa-</span> 
     </span>
     <span class='ocr_line' id='line_1_3' title="bbox 50 1548 234 1572; baseline -0.016 -6"><span class='ocrx_word' id='word_1_7' title='bbox 50 1552 93 1567; x_wconf 80' lang='lat' dir='ltr'>rum</span> <span class='ocrx_word' id='word_1_8' title='bbox 112 1552 177 1572; x_wconf 68' lang='lat' dir='ltr'>usim·-v</span> <span class='ocrx_word' id='word_1_9' title='bbox 196 1548 234 1566; x_wconf 61' lang='lat' dir='ltr'>ail-</span> 
     </span>
     <span class='ocr_line' id='line_1_4' title="bbox 51 1573 234 1594; baseline -0.005 -1"><span class='ocrx_word' id='word_1_10' title='bbox 51 1573 90 1594; x_wconf 83' lang='lat' dir='ltr'>liuc</span> <span class='ocrx_word' id='word_1_11' title='bbox 113 1573 175 1593; x_wconf 73' lang='lat' dir='ltr'>fuerit</span> <span class='ocrx_word' id='word_1_12' title='bbox 197 1573 234 1593; x_wconf 82' lang='lat' dir='ltr'>ob-</span> 
     </span>
     <span class='ocr_line' id='line_1_5' title="bbox 50 1603 171 1623; baseline -0.017 -2"><span class='ocrx_word' id='word_1_13' title='bbox 50 1603 155 1621; x_wconf 65' lang='lat' dir='ltr'>servatum</span> <span class='ocrx_word' id='word_1_14' title='bbox 167 1616 171 1623; x_wconf 86' lang='lat'>,</span> 
     </span>
    </p>
   </div>
   <div class='ocr_carea' id='block_1_3' title="bbox 864 223 1154 249">
    <p class='ocr_par' dir='ltr' id='par_1_3' title="bbox 864 223 1154 249">
     <span class='ocr_line' id='line_1_6' title="bbox 864 223 1154 249; baseline 0 -1"><span class='ocrx_word' id='word_1_15' title='bbox 864 223 1007 249; x_wconf 77' lang='lat' dir='ltr'><strong>CLEMENS</strong></span> <span class='ocrx_word' id='word_1_16' title='bbox 1033 223 1080 249; x_wconf 82' lang='lat' dir='ltr'>XII</span> <span class='ocrx_word' id='word_1_17' title='bbox 1104 224 1154 249; x_wconf 73' lang='grc' dir='ltr'>ΓΡ.</span> 
     </span>
    </p>
   </div>
   <div class='ocr_carea' id='block_1_4' title="bbox 242 272 987 2683">
    <p class='ocr_par' dir='ltr' id='par_1_4' title="bbox 242 272 985 1486">
     <span class='ocr_line' id='line_1_7' title="bbox 242 272 985 318; baseline -0.003 -11"><span class='ocrx_word' id='word_1_18' title='bbox 242 274 426 308; x_wconf 87' lang='lat' dir='ltr'>ordinatum</span> <span class='ocrx_word' id='word_1_19' title='bbox 453 274 533 314; x_wconf 82' lang='lat' dir='ltr'>suit,</span> <span class='ocrx_word' id='word_1_20' title='bbox 560 274 646 318; x_wconf 89' lang='lat' dir='ltr'>quod</span> <span class='ocrx_word' id='word_1_21' title='bbox 674 272 859 307; x_wconf 79' lang='lat' dir='ltr'>definitores</span> <span class='ocrx_word' id='word_1_22' title='bbox 886 283 985 316; x_wconf 81' lang='lat' dir='ltr'>gene-</span> 
     </span>
     <span class='ocr_line' id='line_1_8' title="bbox 244 326 985 369; baseline -0.003 -9"><span class='ocrx_word' id='word_1_23' title='bbox 244 329 327 361; x_wconf 88' lang='lat' dir='ltr'>rales</span> <span class='ocrx_word' id='word_1_24' title='bbox 353 328 498 361; x_wconf 87' lang='lat' dir='ltr'>eiusdem</span> <span class='ocrx_word' id='word_1_25' title='bbox 524 327 653 360; x_wconf 78' lang='lat' dir='ltr'>Ordinis</span> <span class='ocrx_word' id='word_1_26' title='bbox 679 327 710 360; x_wconf 92' lang='lat' dir='ltr'>in</span> <span class='ocrx_word' id='word_1_27' title='bbox 731 326 815 359; x_wconf 90' lang='lat' dir='ltr'>Urbe</span> <span class='ocrx_word' id='word_1_28' title='bbox 842 326 985 369; x_wconf 77' lang='lat' dir='ltr'>praefata</span> 
     </span>
     <span class='ocr_line' id='line_1_9' title="bbox 244 380 985 424; baseline -0.003 -11"><span class='ocrx_word' id='word_1_29' title='bbox 244 380 442 420; x_wconf 78' lang='lat' dir='ltr'><strong>residerent,</strong></span> <span class='ocrx_word' id='word_1_30' title='bbox 469 381 607 424; x_wconf 89' lang='lat' dir='ltr'>quibus,</span> <span class='ocrx_word' id='word_1_31' title='bbox 632 391 691 424; x_wconf 91' lang='lat' dir='ltr'>pro</span> <span class='ocrx_word' id='word_1_32' title='bbox 725 380 918 422; x_wconf 77' lang='lat' dir='ltr'>urgentibus</span> <span class='ocrx_word' id='word_1_33' title='bbox 955 385 985 411; x_wconf 91' lang='lat' dir='ltr'>et</span> 
     </span>
     <span class='ocr_line' id='line_1_10' title="bbox 245 433 985 477; baseline -0.004 -11"><span class='ocrx_word' id='word_1_34' title='bbox 245 434 445 476; x_wconf 78' lang='lat' dir='ltr'>gravioribus</span> <span class='ocrx_word' id='word_1_35' title='bbox 469 433 609 477; x_wconf 83' lang='lat' dir='ltr'>negotiis</span> <span class='ocrx_word' id='word_1_36' title='bbox 636 433 816 476; x_wconf 82' lang='lat' dir='ltr'>religionis,</span> <span class='ocrx_word' id='word_1_37' title='bbox 843 443 985 465; x_wconf 88' lang='lat' dir='ltr'>commu-</span> 
     </span>
     <span class='ocr_line' id='line_1_11' title="bbox 245 487 985 530; baseline 0 -10"><span class='ocrx_word' id='word_1_38' title='bbox 245 488 294 520; x_wconf 94' lang='lat' dir='ltr'>nis</span> <span class='ocrx_word' id='word_1_39' title='bbox 322 488 404 521; x_wconf 84' lang='lat' dir='ltr'>soret</span> <span class='ocrx_word' id='word_1_40' title='bbox 429 487 613 521; x_wconf 76' lang='lat' dir='ltr'>commissio</span> <span class='ocrx_word' id='word_1_41' title='bbox 633 487 794 530; x_wconf 78' lang='lat' dir='ltr'>generalis</span> <span class='ocrx_word' id='word_1_42' title='bbox 814 487 895 519; x_wconf 84' lang='lat' dir='ltr'>sacta</span> <span class='ocrx_word' id='word_1_43' title='bbox 913 497 985 530; x_wconf 89' lang='lat' dir='ltr'>pro-</span> 
     </span>
     <span class='ocr_line' id='line_1_12' title="bbox 243 540 984 584; baseline -0.001 -11"><span class='ocrx_word' id='word_1_44' title='bbox 243 541 383 574; x_wconf 75' lang='lat' dir='ltr'>curatori</span> <span class='ocrx_word' id='word_1_45' title='bbox 410 541 555 584; x_wconf 76' lang='lat' dir='ltr'>generali</span> <span class='ocrx_word' id='word_1_46' title='bbox 581 551 639 584; x_wconf 89' lang='lat' dir='ltr'>per</span> <span class='ocrx_word' id='word_1_47' title='bbox 664 540 846 573; x_wconf 82' lang='lat' dir='ltr'>ministrum</span> <span class='ocrx_word' id='word_1_48' title='bbox 885 551 984 583; x_wconf 80' lang='lat' dir='ltr'>gene-</span> 
     </span>
     <span class='ocr_line' id='line_1_13' title="bbox 243 593 985 638; baseline 0 -12"><span class='ocrx_word' id='word_1_49' title='bbox 243 595 361 634; x_wconf 88' lang='lat' dir='ltr'>ralem,</span> <span class='ocrx_word' id='word_1_50' title='bbox 388 595 431 627; x_wconf 92' lang='lat' dir='ltr'>ita</span> <span class='ocrx_word' id='word_1_51' title='bbox 463 599 497 626; x_wconf 93' lang='lat' dir='ltr'>ut</span> <span class='ocrx_word' id='word_1_52' title='bbox 533 594 751 638; x_wconf 76' lang='lat' dir='ltr'>procederent</span> <span class='ocrx_word' id='word_1_53' title='bbox 787 593 916 626; x_wconf 78' lang='lat' dir='ltr'>insimul</span> <span class='ocrx_word' id='word_1_54' title='bbox 954 598 985 626; x_wconf 88' lang='lat' dir='ltr'>et</span> 
     </span>
     <span class='ocr_line' id='line_1_14' title="bbox 244 647 983 692; baseline -0.003 -12"><span class='ocrx_word' id='word_1_55' title='bbox 244 647 442 681; x_wconf 87' lang='lat' dir='ltr'>coniunctim</span> <span class='ocrx_word' id='word_1_56' title='bbox 475 659 579 692; x_wconf 87' lang='lat' dir='ltr'>usque</span> <span class='ocrx_word' id='word_1_57' title='bbox 613 648 652 680; x_wconf 90' lang='lat' dir='ltr'>ad</span> <span class='ocrx_word' id='word_1_58' title='bbox 678 647 855 691; x_wconf 85' lang='lat' dir='ltr'>capitulum</span> <span class='ocrx_word' id='word_1_59' title='bbox 882 657 983 690; x_wconf 75' lang='lat' dir='ltr'>gene-</span> 
     </span>
     <span class='ocr_line' id='line_1_15' title="bbox 243 701 982 744; baseline -0.001 -11"><span class='ocrx_word' id='word_1_60' title='bbox 243 702 310 734; x_wconf 87' lang='lat' dir='ltr'>rale</span> <span class='ocrx_word' id='word_1_61' title='bbox 336 701 465 735; x_wconf 85' lang='lat' dir='ltr'>Ordinis</span> <span class='ocrx_word' id='word_1_62' title='bbox 492 702 696 741; x_wconf 78' lang='lat' dir='ltr'>huiusmodi;</span> <span class='ocrx_word' id='word_1_63' title='bbox 723 712 758 734; x_wconf 86' lang='lat' dir='ltr'>ac</span> <span class='ocrx_word' id='word_1_64' title='bbox 777 701 982 744; x_wconf 88' lang='lat' dir='ltr'>postmodum</span> 
     </span>
     <span class='ocr_line' id='line_1_16' title="bbox 244 755 985 799; baseline -0.003 -11"><span class='ocrx_word' id='word_1_65' title='bbox 244 755 352 789; x_wconf 88' lang='lat' dir='ltr'>omnia</span> <span class='ocrx_word' id='word_1_66' title='bbox 379 761 412 788; x_wconf 90' lang='lat' dir='ltr'>et</span> <span class='ocrx_word' id='word_1_67' title='bbox 437 755 566 799; x_wconf 80' lang='lat' dir='ltr'>singula</span> <span class='ocrx_word' id='word_1_68' title='bbox 600 756 731 789; x_wconf 86' lang='lat' dir='ltr'>decreta</span> <span class='ocrx_word' id='word_1_69' title='bbox 755 755 900 799; x_wconf 80' lang='lat' dir='ltr'>praefata</span> <span class='ocrx_word' id='word_1_70' title='bbox 925 765 985 798; x_wconf 88' lang='lat' dir='ltr'>per</span> 
     </span>
     <span class='ocr_line' id='line_1_17' title="bbox 244 808 982 852; baseline -0.001 -10"><span class='ocrx_word' id='word_1_71' title='bbox 244 809 436 842; x_wconf 72' lang='lat' dir='ltr'>relationem</span> <span class='ocrx_word' id='word_1_72' title='bbox 457 811 564 843; x_wconf 89' lang='lat' dir='ltr'>bonae</span> <span class='ocrx_word' id='word_1_73' title='bbox 583 810 757 842; x_wconf 82' lang='lat' dir='ltr'>memoriae</span> <span class='ocrx_word' id='word_1_74' title='bbox 784 808 982 852; x_wconf 76' lang='lat' dir='ltr'>Hieronymi,</span> 
     </span>
     <span class='ocr_line' id='line_1_18' title="bbox 245 862 983 903; baseline -0.001 -8"><span class='ocrx_word' id='word_1_75' title='bbox 245 862 320 895; x_wconf 88' lang='lat' dir='ltr'>dum</span> <span class='ocrx_word' id='word_1_76' title='bbox 347 863 478 903; x_wconf 78' lang='lat' dir='ltr'>viveret,</span> <span class='ocrx_word' id='word_1_77' title='bbox 505 863 620 896; x_wconf 81' lang='lat' dir='ltr'>S.R.E.</span> <span class='ocrx_word' id='word_1_78' title='bbox 641 863 814 896; x_wconf 87' lang='lat' dir='ltr'>cardinalis</span> <span class='ocrx_word' id='word_1_79' title='bbox 840 862 983 895; x_wconf 85' lang='lat' dir='ltr'>Farnesii</span> 
     </span>
     <span class='ocr_line' id='line_1_19' title="bbox 244 916 984 960; baseline -0.001 -11"><span class='ocrx_word' id='word_1_80' title='bbox 244 916 427 960; x_wconf 84' lang='lat' dir='ltr'>nuncupati,</span> <span class='ocrx_word' id='word_1_81' title='bbox 454 916 528 949; x_wconf 88' lang='lat' dir='ltr'>dicti</span> <span class='ocrx_word' id='word_1_82' title='bbox 555 916 683 949; x_wconf 82' lang='lat' dir='ltr'>Ordinis</span> <span class='ocrx_word' id='word_1_83' title='bbox 701 916 784 960; x_wconf 85' lang='lat' dir='ltr'>apud</span> <span class='ocrx_word' id='word_1_84' title='bbox 807 916 922 949; x_wconf 89' lang='lat' dir='ltr'>Sedem</span> <span class='ocrx_word' id='word_1_85' title='bbox 947 916 984 948; x_wconf 91' lang='grc' dir='ltr'>Λ-</span> 
     </span>
     <span class='ocr_line' id='line_1_20' title="bbox 245 969 984 1013; baseline 0 -11"><span class='ocrx_word' id='word_1_86' title='bbox 245 969 434 1012; x_wconf 80' lang='lat' dir='ltr'>postolicarn</span> <span class='ocrx_word' id='word_1_87' title='bbox 461 970 672 1013; x_wconf 87' lang='lat' dir='ltr'>protectoris,</span> <span class='ocrx_word' id='word_1_88' title='bbox 699 981 716 1003; x_wconf 87' lang='lat' dir='ltr'>a</span> <span class='ocrx_word' id='word_1_89' title='bbox 747 970 848 1003; x_wconf 83' lang='lat' dir='ltr'>felicis</span> <span class='ocrx_word' id='word_1_90' title='bbox 876 980 984 1003; x_wconf 88' lang='lat' dir='ltr'>recor-</span> 
     </span>
     <span class='ocr_line' id='line_1_21' title="bbox 245 1017 983 1067; baseline 0 -12"><span class='ocrx_word' id='word_1_91' title='bbox 245 1022 384 1056; x_wconf 79' lang='lat' dir='ltr'>dationis</span> <span class='ocrx_word' id='word_1_92' title='bbox 410 1017 575 1057; x_wconf 74' lang='lat' dir='ltr'>Clemente</span> <span class='ocrx_word' id='word_1_93' title='bbox 594 1023 653 1056; x_wconf 78' lang='lat' dir='ltr'>Pr.</span> <span class='ocrx_word' id='word_1_94' title='bbox 674 1023 712 1056; x_wconf 72' lang='lat' dir='ltr'>lx</span> <span class='ocrx_word' id='word_1_95' title='bbox 730 1023 983 1067; x_wconf 75' lang='lat' dir='ltr'>praedecessore</span> 
     </span>
     <span class='ocr_line' id='line_1_22' title="bbox 244 1076 984 1121; baseline 0.001 -13"><span class='ocrx_word' id='word_1_96' title='bbox 244 1082 355 1110; x_wconf 85' lang='lat' dir='ltr'>nostro</span> <span class='ocrx_word' id='word_1_97' title='bbox 380 1078 556 1121; x_wconf 88' lang='lat' dir='ltr'>approbata</span> <span class='ocrx_word' id='word_1_98' title='bbox 583 1082 613 1110; x_wconf 90' lang='lat' dir='ltr'>et</span> <span class='ocrx_word' id='word_1_99' title='bbox 631 1076 820 1110; x_wconf 76' lang='lat' dir='ltr'>confirmata</span> <span class='ocrx_word' id='word_1_100' title='bbox 846 1077 984 1116; x_wconf 84' lang='lat' dir='ltr'>suerunt,</span> 
     </span>
     <span class='ocr_line' id='line_1_23' title="bbox 245 1129 985 1174; baseline 0 -12"><span class='ocrx_word' id='word_1_101' title='bbox 245 1136 341 1172; x_wconf 89' lang='lat' dir='ltr'>prout</span> <span class='ocrx_word' id='word_1_102' title='bbox 366 1130 397 1162; x_wconf 91' lang='lat' dir='ltr'>in</span> <span class='ocrx_word' id='word_1_103' title='bbox 417 1130 516 1174; x_wconf 83' lang='lat' dir='ltr'>ipsius</span> <span class='ocrx_word' id='word_1_104' title='bbox 533 1129 705 1164; x_wconf 83' lang='lat' dir='ltr'>Clementis</span> <span class='ocrx_word' id='word_1_105' title='bbox 726 1130 985 1174; x_wconf 81' lang='lat' dir='ltr'>praedecessoris</span> 
     </span>
     <span class='ocr_line' id='line_1_24' title="bbox 244 1182 983 1227; baseline 0 -12"><span class='ocrx_word' id='word_1_106' title='bbox 244 1182 371 1224; x_wconf 85' lang='lat' dir='ltr'>litteris,</span> <span class='ocrx_word' id='word_1_107' title='bbox 398 1183 540 1227; x_wconf 85' lang='lat' dir='ltr'>desuper</span> <span class='ocrx_word' id='word_1_108' title='bbox 565 1184 596 1217; x_wconf 93' lang='lat' dir='ltr'>in</span> <span class='ocrx_word' id='word_1_109' title='bbox 623 1184 719 1217; x_wconf 86' lang='lat' dir='ltr'>simili</span> <span class='ocrx_word' id='word_1_110' title='bbox 747 1184 848 1217; x_wconf 79' lang='lat' dir='ltr'>forma</span> <span class='ocrx_word' id='word_1_111' title='bbox 875 1183 983 1216; x_wconf 85' lang='lat' dir='ltr'>Brevis</span> 
     </span>
     <span class='ocr_line' id='line_1_25' title="bbox 245 1236 984 1281; baseline 0.001 -12"><span class='ocrx_word' id='word_1_112' title='bbox 245 1236 297 1269; x_wconf 87' lang='lat' dir='ltr'>die</span> <span class='ocrx_word' id='word_1_113' title='bbox 316 1247 345 1270; x_wconf 81' lang='lat' dir='ltr'>ix</span> <span class='ocrx_word' id='word_1_114' title='bbox 362 1237 558 1281; x_wconf 73' lang='lat' dir='ltr'>septembris</span> <span class='ocrx_word' id='word_1_115' title='bbox 574 1238 720 1271; x_wconf 87' lang='lat' dir='ltr'>eiusdem</span> <span class='ocrx_word' id='word_1_116' title='bbox 739 1238 813 1270; x_wconf 91' lang='lat' dir='ltr'>anni</span> <span class='ocrx_word' id='word_1_117' title='bbox 833 1247 984 1272; x_wconf 79' lang='lat' dir='ltr'>MDCvau</span> 
     </span>
     <span class='ocr_line' id='line_1_26' title="bbox 245 1291 985 1336; baseline 0.001 -12"><span class='ocrx_word' id='word_1_118' title='bbox 245 1291 418 1334; x_wconf 83' lang='lat' dir='ltr'>expeditis,</span> <span class='ocrx_word' id='word_1_119' title='bbox 433 1303 570 1336; x_wconf 88' lang='lat' dir='ltr'>quarum</span> <span class='ocrx_word' id='word_1_120' title='bbox 591 1298 739 1326; x_wconf 85' lang='lat' dir='ltr'>tenorem</span> <span class='ocrx_word' id='word_1_121' title='bbox 757 1292 985 1336; x_wconf 85' lang='lat' dir='ltr'>praesentibus</span> 
     </span>
     <span class='ocr_line' id='line_1_27' title="bbox 243 1344 983 1389; baseline 0 -12"><span class='ocrx_word' id='word_1_122' title='bbox 243 1354 302 1387; x_wconf 91' lang='lat' dir='ltr'>pro</span> <span class='ocrx_word' id='word_1_123' title='bbox 328 1345 424 1388; x_wconf 87' lang='lat' dir='ltr'>plene</span> <span class='ocrx_word' id='word_1_124' title='bbox 443 1351 475 1378; x_wconf 91' lang='lat' dir='ltr'>et</span> <span class='ocrx_word' id='word_1_125' title='bbox 492 1345 689 1379; x_wconf 86' lang='lat' dir='ltr'>sufficienter</span> <span class='ocrx_word' id='word_1_126' title='bbox 715 1356 869 1389; x_wconf 79' lang='lat' dir='ltr'>expresso</span> <span class='ocrx_word' id='word_1_127' title='bbox 896 1344 983 1378; x_wconf 89' lang='lat' dir='ltr'>etad</span> 
     </span>
     <span class='ocr_line' id='line_1_28' title="bbox 245 1398 984 1441; baseline 0.003 -11"><span class='ocrx_word' id='word_1_128' title='bbox 245 1398 381 1432; x_wconf 86' lang='lat' dir='ltr'>verbum</span> <span class='ocrx_word' id='word_1_129' title='bbox 405 1399 526 1433; x_wconf 90' lang='lat' dir='ltr'>inserto</span> <span class='ocrx_word' id='word_1_130' title='bbox 549 1400 663 1433; x_wconf 87' lang='lat' dir='ltr'>haberi</span> <span class='ocrx_word' id='word_1_131' title='bbox 678 1400 837 1441; x_wconf 81' lang='lat' dir='ltr'>volumus,</span> <span class='ocrx_word' id='word_1_132' title='bbox 853 1399 984 1433; x_wconf 90' lang='lat' dir='ltr'>uberius</span> 
     </span>
     <span class='ocr_line' id='line_1_29' title="bbox 243 1451 440 1486; baseline 0.01 -2"><span class='ocrx_word' id='word_1_133' title='bbox 243 1451 440 1486; x_wconf 72' lang='lat' dir='ltr'>continetur.</span> 
     </span>
    </p>

    <p class='ocr_par' dir='ltr' id='par_1_5' title="bbox 244 1505 987 2628">
     <span class='ocr_line' id='line_1_30' title="bbox 268 1505 986 1549; baseline 0.001 -10"><span class='ocrx_word' id='word_1_134' title='bbox 268 1506 271 1508; x_wconf 79' lang='grc'><strong>’</strong></span> <span class='ocrx_word' id='word_1_135' title='bbox 289 1506 304 1549; x_wconf 64' lang='grc' dir='ltr'><strong>ἓ</strong></span> <span class='ocrx_word' id='word_1_136' title='bbox 329 1505 358 1539; x_wconf 70' lang='lat'>02.</span> <span class='ocrx_word' id='word_1_137' title='bbox 385 1506 460 1540; x_wconf 86' lang='lat' dir='ltr'>Cum</span> <span class='ocrx_word' id='word_1_138' title='bbox 479 1512 595 1547; x_wconf 88' lang='lat' dir='ltr'>autem,</span> <span class='ocrx_word' id='word_1_139' title='bbox 614 1507 696 1540; x_wconf 89' lang='lat' dir='ltr'>sicut</span> <span class='ocrx_word' id='word_1_140' title='bbox 715 1507 908 1541; x_wconf 83' lang='lat' dir='ltr'>venerabilis</span> <span class='ocrx_word' id='word_1_141' title='bbox 930 1507 986 1540; x_wconf 80' lang='lat' dir='ltr'>sra-</span> 
     </span>
     <span class='ocr_line' id='line_1_31' title="bbox 247 1562 985 1606; baseline 0.001 -13"><span class='ocrx_word' id='word_1_142' title='bbox 247 1565 294 1594; x_wconf 90' lang='lat' dir='ltr'>ter</span> <span class='ocrx_word' id='word_1_143' title='bbox 318 1566 428 1595; x_wconf 88' lang='lat' dir='ltr'>noster</span> <span class='ocrx_word' id='word_1_144' title='bbox 452 1562 644 1595; x_wconf 84' lang='lat' dir='ltr'>Franciseus</span> <span class='ocrx_word' id='word_1_145' title='bbox 669 1562 840 1606; x_wconf 86' lang='lat' dir='ltr'>episcopus</span> <span class='ocrx_word' id='word_1_146' title='bbox 860 1562 985 1595; x_wconf 86' lang='lat' dir='ltr'>Ostien-</span> 
     </span>
     <span class='ocr_line' id='line_1_32' title="bbox 246 1614 984 1659; baseline 0 -11"><span class='ocrx_word' id='word_1_147' title='bbox 246 1614 289 1648; x_wconf 86' lang='lat' dir='ltr'>sis</span> <span class='ocrx_word' id='word_1_148' title='bbox 315 1621 347 1649; x_wconf 88' lang='lat' dir='ltr'>et</span> <span class='ocrx_word' id='word_1_149' title='bbox 371 1615 604 1650; x_wconf 67' lang='lat' dir='ltr'>veliternensis</span> <span class='ocrx_word' id='word_1_150' title='bbox 629 1616 662 1650; x_wconf 89' lang='lat' dir='ltr'>S.</span> <span class='ocrx_word' id='word_1_151' title='bbox 682 1616 716 1648; x_wconf 79' lang='lat' dir='ltr'>R.</span> <span class='ocrx_word' id='word_1_152' title='bbox 740 1616 772 1648; x_wconf 90' lang='lat' dir='ltr'>E.</span> <span class='ocrx_word' id='word_1_153' title='bbox 799 1616 984 1659; x_wconf 78' lang='lat' dir='ltr'>praedictae</span> 
     </span>
     <span class='ocr_line' id='line_1_33' title="bbox 245 1669 985 1713; baseline -0.001 -11"><span class='ocrx_word' id='word_1_154' title='bbox 245 1669 422 1703; x_wconf 88' lang='lat' dir='ltr'>cardinalis</span> <span class='ocrx_word' id='word_1_155' title='bbox 447 1670 645 1704; x_wconf 85' lang='lat' dir='ltr'>Barberinus</span> <span class='ocrx_word' id='word_1_156' title='bbox 663 1670 759 1704; x_wconf 88' lang='lat' dir='ltr'>etiam</span> <span class='ocrx_word' id='word_1_157' title='bbox 778 1675 985 1713; x_wconf 88' lang='lat' dir='ltr'>nuncupatus</span> 
     </span>
     <span class='ocr_line' id='line_1_34' title="bbox 244 1721 983 1768; baseline -0.001 -12"><span class='ocrx_word' id='word_1_158' title='bbox 244 1721 374 1757; x_wconf 84' lang='lat' dir='ltr'>Ordinis</span> <span class='ocrx_word' id='word_1_159' title='bbox 400 1724 537 1768; x_wconf 73' lang='lat' dir='ltr'>praefati</span> <span class='ocrx_word' id='word_1_160' title='bbox 571 1724 655 1768; x_wconf 88' lang='lat' dir='ltr'>apud</span> <span class='ocrx_word' id='word_1_161' title='bbox 687 1735 745 1757; x_wconf 91' lang='lat' dir='ltr'>nos</span> <span class='ocrx_word' id='word_1_162' title='bbox 771 1729 802 1757; x_wconf 89' lang='lat' dir='ltr'>et</span> <span class='ocrx_word' id='word_1_163' title='bbox 838 1723 983 1756; x_wconf 89' lang='lat' dir='ltr'>eamdem</span> 
     </span>
     <span class='ocr_line' id='line_1_35' title="bbox 244 1775 985 1821; baseline -0.003 -11"><span class='ocrx_word' id='word_1_164' title='bbox 244 1775 358 1810; x_wconf 80' lang='lat' dir='ltr'>Sedem</span> <span class='ocrx_word' id='word_1_165' title='bbox 386 1777 535 1811; x_wconf 87' lang='lat' dir='ltr'>similiter</span> <span class='ocrx_word' id='word_1_166' title='bbox 555 1782 732 1821; x_wconf 86' lang='lat' dir='ltr'>protector,</span> <span class='ocrx_word' id='word_1_167' title='bbox 760 1776 854 1810; x_wconf 87' lang='lat' dir='ltr'>nobis</span> <span class='ocrx_word' id='word_1_168' title='bbox 882 1786 985 1820; x_wconf 80' lang='lat' dir='ltr'>nuper</span> 
     </span>
     <span class='ocr_line' id='line_1_36' title="bbox 245 1830 986 1874; baseline -0.003 -11"><span class='ocrx_word' id='word_1_169' title='bbox 245 1831 415 1874; x_wconf 82' lang='lat' dir='ltr'>exposuit,</span> <span class='ocrx_word' id='word_1_170' title='bbox 442 1836 591 1864; x_wconf 82' lang='lat' dir='ltr'>enarrata</span> <span class='ocrx_word' id='word_1_171' title='bbox 615 1830 777 1864; x_wconf 89' lang='lat' dir='ltr'>ordinatio</span> <span class='ocrx_word' id='word_1_172' title='bbox 795 1841 853 1864; x_wconf 92' lang='lat' dir='ltr'>seu</span> <span class='ocrx_word' id='word_1_173' title='bbox 880 1830 986 1874; x_wconf 77' lang='lat' dir='ltr'>dispo-</span> 
     </span>
     <span class='ocr_line' id='line_1_37' title="bbox 245 1883 983 1928; baseline 0 -12"><span class='ocrx_word' id='word_1_174' title='bbox 245 1883 319 1917; x_wconf 86' lang='lat' dir='ltr'>sitio</span> <span class='ocrx_word' id='word_1_175' title='bbox 334 1884 419 1917; x_wconf 85' lang='lat' dir='ltr'>circa</span> <span class='ocrx_word' id='word_1_176' title='bbox 434 1884 622 1918; x_wconf 82' lang='lat' dir='ltr'>definitores</span> <span class='ocrx_word' id='word_1_177' title='bbox 635 1886 804 1928; x_wconf 77' lang='lat' dir='ltr'>generales</span> <span class='ocrx_word' id='word_1_178' title='bbox 824 1894 983 1928; x_wconf 82' lang='lat' dir='ltr'>nusquam</span> 
     </span>
     <span class='ocr_line' id='line_1_38' title="bbox 245 1937 982 1982; baseline 0 -13"><span class='ocrx_word' id='word_1_179' title='bbox 245 1937 293 1970; x_wconf 89' lang='lat' dir='ltr'>vel</span> <span class='ocrx_word' id='word_1_180' title='bbox 329 1949 441 1981; x_wconf 89' lang='lat' dir='ltr'>parum</span> <span class='ocrx_word' id='word_1_181' title='bbox 467 1938 638 1982; x_wconf 86' lang='lat' dir='ltr'>hucusque</span> <span class='ocrx_word' id='word_1_182' title='bbox 672 1939 841 1971; x_wconf 81' lang='lat' dir='ltr'>observata</span> <span class='ocrx_word' id='word_1_183' title='bbox 866 1937 982 1977; x_wconf 80' lang='lat' dir='ltr'>suerit,</span> 
     </span>
     <span class='ocr_line' id='line_1_39' title="bbox 245 1990 983 2035; baseline -0.003 -11"><span class='ocrx_word' id='word_1_184' title='bbox 245 1990 294 2024; x_wconf 77' lang='lat' dir='ltr'>eo&#39;</span> <span class='ocrx_word' id='word_1_185' title='bbox 314 1991 401 2035; x_wconf 88' lang='lat' dir='ltr'>quod</span> <span class='ocrx_word' id='word_1_186' title='bbox 419 1992 480 2035; x_wconf 87' lang='lat' dir='ltr'>ipsi</span> <span class='ocrx_word' id='word_1_187' title='bbox 500 1991 698 2031; x_wconf 80' lang='lat' dir='ltr'>definitores,</span> <span class='ocrx_word' id='word_1_188' title='bbox 722 1991 839 2024; x_wconf 85' lang='lat' dir='ltr'>assueti</span> <span class='ocrx_word' id='word_1_189' title='bbox 858 1990 983 2023; x_wconf 74' lang='lat' dir='ltr'>vivendi</span> 
     </span>
     <span class='ocr_line' id='line_1_40' title="bbox 244 2043 983 2088; baseline -0.003 -11"><span class='ocrx_word' id='word_1_190' title='bbox 244 2044 360 2078; x_wconf 88' lang='lat' dir='ltr'>rationi</span> <span class='ocrx_word' id='word_1_191' title='bbox 397 2055 433 2077; x_wconf 88' lang='lat' dir='ltr'>ac</span> <span class='ocrx_word' id='word_1_192' title='bbox 459 2045 601 2078; x_wconf 87' lang='lat' dir='ltr'>moribus</span> <span class='ocrx_word' id='word_1_193' title='bbox 639 2045 671 2077; x_wconf 94' lang='lat' dir='ltr'>in</span> <span class='ocrx_word' id='word_1_194' title='bbox 708 2044 772 2077; x_wconf 89' lang='lat' dir='ltr'>suis</span> <span class='ocrx_word' id='word_1_195' title='bbox 809 2043 983 2088; x_wconf 88' lang='lat' dir='ltr'>provinciis</span> 
     </span>
     <span class='ocr_line' id='line_1_41' title="bbox 245 2097 983 2141; baseline -0.004 -10"><span class='ocrx_word' id='word_1_196' title='bbox 245 2098 450 2141; x_wconf 80' lang='lat' dir='ltr'>vigentibus,</span> <span class='ocrx_word' id='word_1_197' title='bbox 478 2104 509 2131; x_wconf 89' lang='lat' dir='ltr'>et</span> <span class='ocrx_word' id='word_1_198' title='bbox 534 2099 573 2131; x_wconf 90' lang='lat' dir='ltr'>ad</span> <span class='ocrx_word' id='word_1_199' title='bbox 599 2098 672 2132; x_wconf 85' lang='lat' dir='ltr'>illos</span> <span class='ocrx_word' id='word_1_200' title='bbox 697 2098 791 2130; x_wconf 89' lang='lat' dir='ltr'>Urbis</span> <span class='ocrx_word' id='word_1_201' title='bbox 818 2097 983 2141; x_wconf 77' lang='lat' dir='ltr'>praefatae</span> 
     </span>
     <span class='ocr_line' id='line_1_42' title="bbox 245 2151 985 2195; baseline -0.003 -11"><span class='ocrx_word' id='word_1_202' title='bbox 245 2162 341 2195; x_wconf 81' lang='lat' dir='ltr'>aegre</span> <span class='ocrx_word' id='word_1_203' title='bbox 366 2163 399 2185; x_wconf 91' lang='lat' dir='ltr'>sc</span> <span class='ocrx_word' id='word_1_204' title='bbox 418 2163 452 2185; x_wconf 89' lang='lat' dir='ltr'>se</span> <span class='ocrx_word' id='word_1_205' title='bbox 478 2152 739 2192; x_wconf 85' lang='lat' dir='ltr'>accomodantes,</span> <span class='ocrx_word' id='word_1_206' title='bbox 767 2151 985 2194; x_wconf 80' lang='lat' dir='ltr'>procurabant</span> 
     </span>
     <span class='ocr_line' id='line_1_43' title="bbox 245 2203 984 2250; baseline -0.003 -12"><span class='ocrx_word' id='word_1_207' title='bbox 245 2205 404 2250; x_wconf 80' lang='lat' dir='ltr'>facileque</span> <span class='ocrx_word' id='word_1_208' title='bbox 436 2205 630 2238; x_wconf 86' lang='lat' dir='ltr'>obtinebant</span> <span class='ocrx_word' id='word_1_209' title='bbox 655 2217 672 2238; x_wconf 89' lang='lat' dir='ltr'>a</span> <span class='ocrx_word' id='word_1_210' title='bbox 698 2205 851 2238; x_wconf 76' lang='lat' dir='ltr'>Romanis</span> <span class='ocrx_word' id='word_1_211' title='bbox 877 2203 984 2237; x_wconf 78' lang='lat' dir='ltr'>Ponti-</span> 
     </span>
     <span class='ocr_line' id='line_1_44' title="bbox 245 2258 984 2303; baseline -0.001 -12"><span class='ocrx_word' id='word_1_212' title='bbox 245 2258 358 2292; x_wconf 78' lang='lat' dir='ltr'>ficibus</span> <span class='ocrx_word' id='word_1_213' title='bbox 395 2259 700 2303; x_wconf 83' lang='lat' dir='ltr'>praedecessoribus</span> <span class='ocrx_word' id='word_1_214' title='bbox 733 2258 851 2291; x_wconf 66' lang='lat' dir='ltr'>nostris</span> <span class='ocrx_word' id='word_1_215' title='bbox 885 2258 984 2290; x_wconf 85' lang='lat' dir='ltr'>lieen-</span> 
     </span>
     <span class='ocr_line' id='line_1_45' title="bbox 247 2312 982 2357; baseline -0.003 -12"><span class='ocrx_word' id='word_1_216' title='bbox 247 2313 321 2346; x_wconf 87' lang='lat' dir='ltr'>tiam</span> <span class='ocrx_word' id='word_1_217' title='bbox 347 2313 528 2346; x_wconf 88' lang='lat' dir='ltr'>revertendi</span> <span class='ocrx_word' id='word_1_218' title='bbox 551 2313 584 2345; x_wconf 90' lang='lat' dir='ltr'>in</span> <span class='ocrx_word' id='word_1_219' title='bbox 609 2312 760 2357; x_wconf 87' lang='lat' dir='ltr'>proprias</span> <span class='ocrx_word' id='word_1_220' title='bbox 785 2312 982 2356; x_wconf 71' lang='lat' dir='ltr'>provincias,</span> 
     </span>
     <span class='ocr_line' id='line_1_46' title="bbox 245 2366 985 2400; baseline -0.001 -1"><span class='ocrx_word' id='word_1_221' title='bbox 245 2368 330 2400; x_wconf 88' lang='lat' dir='ltr'>unde</span> <span class='ocrx_word' id='word_1_222' title='bbox 357 2367 473 2400; x_wconf 86' lang='lat' dir='ltr'>sactum</span> <span class='ocrx_word' id='word_1_223' title='bbox 500 2373 549 2400; x_wconf 86' lang='lat' dir='ltr'>est</span> <span class='ocrx_word' id='word_1_224' title='bbox 574 2372 608 2399; x_wconf 92' lang='lat' dir='ltr'>ut</span> <span class='ocrx_word' id='word_1_225' title='bbox 633 2367 739 2400; x_wconf 85' lang='lat' dir='ltr'>omnis</span> <span class='ocrx_word' id='word_1_226' title='bbox 767 2366 923 2399; x_wconf 83' lang='lat' dir='ltr'>discussio</span> <span class='ocrx_word' id='word_1_227' title='bbox 949 2376 985 2398; x_wconf 89' lang='lat' dir='ltr'>ac</span> 
     </span>
     <span class='ocr_line' id='line_1_47' title="bbox 246 2420 986 2464; baseline -0.001 -11"><span class='ocrx_word' id='word_1_228' title='bbox 246 2420 392 2454; x_wconf 77' lang='lat' dir='ltr'>delinitio</span> <span class='ocrx_word' id='word_1_229' title='bbox 419 2421 623 2464; x_wconf 80' lang='lat' dir='ltr'>negotiorum</span> <span class='ocrx_word' id='word_1_230' title='bbox 649 2420 780 2453; x_wconf 87' lang='lat' dir='ltr'>maioris</span> <span class='ocrx_word' id='word_1_231' title='bbox 804 2420 900 2453; x_wconf 85' lang='lat' dir='ltr'>etiam</span> <span class='ocrx_word' id='word_1_232' title='bbox 919 2430 986 2453; x_wconf 89' lang='lat' dir='ltr'>mo-</span> 
     </span>
     <span class='ocr_line' id='line_1_48' title="bbox 245 2474 987 2517; baseline -0.001 -10"><span class='ocrx_word' id='word_1_233' title='bbox 245 2474 345 2508; x_wconf 91' lang='lat' dir='ltr'>menti</span> <span class='ocrx_word' id='word_1_234' title='bbox 372 2474 447 2507; x_wconf 88' lang='lat' dir='ltr'>dicti</span> <span class='ocrx_word' id='word_1_235' title='bbox 488 2474 617 2508; x_wconf 90' lang='lat' dir='ltr'>Ordinis</span> <span class='ocrx_word' id='word_1_236' title='bbox 653 2475 720 2507; x_wconf 81' lang='lat' dir='ltr'>sere</span> <span class='ocrx_word' id='word_1_237' title='bbox 760 2485 890 2517; x_wconf 84' lang='lat' dir='ltr'>semper</span> <span class='ocrx_word' id='word_1_238' title='bbox 927 2474 987 2507; x_wconf 89' lang='lat' dir='ltr'>sita</span> 
     </span>
     <span class='ocr_line' id='line_1_49' title="bbox 246 2528 986 2572; baseline -0.001 -10"><span class='ocrx_word' id='word_1_239' title='bbox 246 2534 330 2562; x_wconf 87' lang='lat' dir='ltr'>essct</span> <span class='ocrx_word' id='word_1_240' title='bbox 351 2528 382 2561; x_wconf 92' lang='lat' dir='ltr'>in</span> <span class='ocrx_word' id='word_1_241' title='bbox 408 2528 541 2561; x_wconf 88' lang='lat' dir='ltr'>arbitrio</span> <span class='ocrx_word' id='word_1_242' title='bbox 567 2528 666 2561; x_wconf 90' lang='lat' dir='ltr'>solius</span> <span class='ocrx_word' id='word_1_243' title='bbox 684 2528 820 2562; x_wconf 86' lang='lat' dir='ltr'>ministri</span> <span class='ocrx_word' id='word_1_244' title='bbox 847 2539 986 2572; x_wconf 79' lang='lat' dir='ltr'>genera-</span> 
     </span>
     <span class='ocr_line' id='line_1_50' title="bbox 246 2582 984 2628; baseline -0.001 -11"><span class='ocrx_word' id='word_1_245' title='bbox 246 2583 285 2617; x_wconf 91' lang='lat' dir='ltr'>lis</span> <span class='ocrx_word' id='word_1_246' title='bbox 311 2594 370 2628; x_wconf 89' lang='lat' dir='ltr'>pro</span> <span class='ocrx_word' id='word_1_247' title='bbox 404 2589 549 2627; x_wconf 90' lang='lat' dir='ltr'>tempore</span> <span class='ocrx_word' id='word_1_248' title='bbox 585 2582 767 2625; x_wconf 75' lang='lat' dir='ltr'>existentis,</span> <span class='ocrx_word' id='word_1_249' title='bbox 794 2582 843 2616; x_wconf 92' lang='lat' dir='ltr'>vel</span> <span class='ocrx_word' id='word_1_250' title='bbox 870 2594 984 2627; x_wconf 87' lang='lat' dir='ltr'>procu-</span> 
     </span>
    </p>

    <p class='ocr_par' dir='ltr' id='par_1_6' title="bbox 283 2646 821 2683">
     <span class='ocr_line' id='line_1_51' title="bbox 283 2646 821 2683; baseline -0.002 -9"><span class='ocrx_word' id='word_1_251' title='bbox 283 2647 293 2674; x_wconf 82' lang='lat'>1</span> <span class='ocrx_word' id='word_1_252' title='bbox 313 2646 380 2675; x_wconf 83' lang='lat' dir='ltr'>Male</span> <span class='ocrx_word' id='word_1_253' title='bbox 395 2646 460 2675; x_wconf 88' lang='lat' dir='ltr'>edit.</span> <span class='ocrx_word' id='word_1_254' title='bbox 481 2646 564 2674; x_wconf 80' lang='lat' dir='ltr'>Maia.</span> <span class='ocrx_word' id='word_1_255' title='bbox 585 2646 650 2682; x_wconf 80' lang='lat' dir='ltr'>legit</span> <span class='ocrx_word' id='word_1_256' title='bbox 670 2649 697 2675; x_wconf 78' lang='lat' dir='ltr'>el</span> <span class='ocrx_word' id='word_1_257' title='bbox 715 2646 757 2683; x_wconf 76' lang='lat' dir='ltr'>(n.</span> <span class='ocrx_word' id='word_1_258' title='bbox 770 2646 821 2682; x_wconf 86' lang='lat' dir='ltr'>T.).</span> 
     </span>
    </p>
   </div>
   <div class='ocr_carea' id='block_1_5' title="bbox 1005 283 1009 1275">
    <p class='ocr_par' dir='ltr' id='par_1_7' title="bbox 1005 283 1009 1275">
     <span class='ocr_line' id='line_1_52' title="bbox 1005 283 1009 1275; baseline 0 0"><span class='ocrx_word' id='word_1_259' title='bbox 1005 283 1009 1275; x_wconf 95' lang='lat' dir='ltr'> </span> 
     </span>
    </p>
   </div>
   <div class='ocr_carea' id='block_1_6' title="bbox 1006 1957 1009 2581">
    <p class='ocr_par' dir='ltr' id='par_1_8' title="bbox 1006 1957 1009 2581">
     <span class='ocr_line' id='line_1_53' title="bbox 1006 1957 1009 2581; baseline 0 0"><span class='ocrx_word' id='word_1_260' title='bbox 1006 1957 1009 2581; x_wconf 95' lang='lat' dir='ltr'> </span> 
     </span>
    </p>
   </div>
   <div class='ocr_carea' id='block_1_7' title="bbox 1028 271 1771 2196">
    <p class='ocr_par' dir='ltr' id='par_1_9' title="bbox 1028 271 1771 2196">
     <span class='ocr_line' id='line_1_54' title="bbox 1030 271 1766 317; baseline -0.003 -12"><span class='ocrx_word' id='word_1_261' title='bbox 1030 274 1146 307; x_wconf 87' lang='lat' dir='ltr'>ratoris</span> <span class='ocrx_word' id='word_1_262' title='bbox 1183 273 1363 317; x_wconf 80' lang='lat' dir='ltr'>generalis,</span> <span class='ocrx_word' id='word_1_263' title='bbox 1391 273 1466 317; x_wconf 86' lang='lat' dir='ltr'>qui,</span> <span class='ocrx_word' id='word_1_264' title='bbox 1493 272 1625 306; x_wconf 87' lang='lat' dir='ltr'>absente</span> <span class='ocrx_word' id='word_1_265' title='bbox 1652 271 1766 304; x_wconf 87' lang='lat' dir='ltr'>eodem</span> 
     </span>
     <span class='ocr_line' id='line_1_55' title="bbox 1029 325 1766 370; baseline -0.001 -12"><span class='ocrx_word' id='word_1_266' title='bbox 1029 326 1175 360; x_wconf 89' lang='lat' dir='ltr'>ministro</span> <span class='ocrx_word' id='word_1_267' title='bbox 1204 327 1364 370; x_wconf 81' lang='lat' dir='ltr'>generali,</span> <span class='ocrx_word' id='word_1_268' title='bbox 1385 327 1564 370; x_wconf 85' lang='lat' dir='ltr'>deputatur,</span> <span class='ocrx_word' id='word_1_269' title='bbox 1585 325 1668 358; x_wconf 79' lang='lat' dir='ltr'>iuxta</span> <span class='ocrx_word' id='word_1_270' title='bbox 1688 334 1766 358; x_wconf 88' lang='lat' dir='ltr'>eon-</span> 
     </span>
     <span class='ocr_line' id='line_1_56' title="bbox 1029 378 1766 420; baseline -0.001 -8"><span class='ocrx_word' id='word_1_271' title='bbox 1029 381 1233 414; x_wconf 86' lang='lat' dir='ltr'>suetudinem</span> <span class='ocrx_word' id='word_1_272' title='bbox 1253 381 1395 414; x_wconf 89' lang='lat' dir='ltr'>eiusdem</span> <span class='ocrx_word' id='word_1_273' title='bbox 1414 380 1552 420; x_wconf 79' lang='lat' dir='ltr'>Ordinis,</span> <span class='ocrx_word' id='word_1_274' title='bbox 1572 380 1603 412; x_wconf 93' lang='lat' dir='ltr'>in</span> <span class='ocrx_word' id='word_1_275' title='bbox 1619 378 1766 412; x_wconf 90' lang='lat' dir='ltr'>commis-</span> 
     </span>
     <span class='ocr_line' id='line_1_57' title="bbox 1029 431 1765 477; baseline -0.001 -13"><span class='ocrx_word' id='word_1_276' title='bbox 1029 434 1149 466; x_wconf 89' lang='lat' dir='ltr'>sarium</span> <span class='ocrx_word' id='word_1_277' title='bbox 1176 435 1381 476; x_wconf 79' lang='lat' dir='ltr'>generalem,</span> <span class='ocrx_word' id='word_1_278' title='bbox 1408 444 1467 477; x_wconf 89' lang='lat' dir='ltr'>pro</span> <span class='ocrx_word' id='word_1_279' title='bbox 1500 431 1765 471; x_wconf 85' lang='lat' dir='ltr'>ultramontanis,</span> 
     </span>
     <span class='ocr_line' id='line_1_58' title="bbox 1029 485 1767 530; baseline 0 -12"><span class='ocrx_word' id='word_1_280' title='bbox 1029 486 1053 518; x_wconf 90' lang='lat' dir='ltr'>si</span> <span class='ocrx_word' id='word_1_281' title='bbox 1080 487 1229 519; x_wconf 85' lang='lat' dir='ltr'>minister</span> <span class='ocrx_word' id='word_1_282' title='bbox 1262 487 1423 530; x_wconf 75' lang='lat' dir='ltr'>generalis</span> <span class='ocrx_word' id='word_1_283' title='bbox 1459 487 1491 519; x_wconf 92' lang='lat' dir='ltr'>in</span> <span class='ocrx_word' id='word_1_284' title='bbox 1516 487 1625 525; x_wconf 78' lang='lat' dir='ltr'>ltalia,</span> <span class='ocrx_word' id='word_1_285' title='bbox 1651 485 1767 518; x_wconf 84' lang='lat' dir='ltr'>Italicis</span> 
     </span>
     <span class='ocr_line' id='line_1_59' title="bbox 1029 539 1767 583; baseline 0 -12"><span class='ocrx_word' id='word_1_286' title='bbox 1029 544 1134 572; x_wconf 87' lang='lat' dir='ltr'>autem</span> <span class='ocrx_word' id='word_1_287' title='bbox 1161 540 1346 583; x_wconf 83' lang='lat' dir='ltr'>provinciis,</span> <span class='ocrx_word' id='word_1_288' title='bbox 1373 540 1396 572; x_wconf 92' lang='lat' dir='ltr'>si</span> <span class='ocrx_word' id='word_1_289' title='bbox 1423 541 1507 573; x_wconf 90' lang='lat' dir='ltr'>ultra</span> <span class='ocrx_word' id='word_1_290' title='bbox 1533 545 1661 572; x_wconf 89' lang='lat' dir='ltr'>montes</span> <span class='ocrx_word' id='word_1_291' title='bbox 1689 539 1767 572; x_wconf 77' lang='lat' dir='ltr'>exti-</span> 
     </span>
     <span class='ocr_line' id='line_1_60' title="bbox 1030 593 1768 637; baseline 0.001 -12"><span class='ocrx_word' id='word_1_292' title='bbox 1030 593 1121 633; x_wconf 87' lang='lat' dir='ltr'>terit;</span> <span class='ocrx_word' id='word_1_293' title='bbox 1149 594 1349 636; x_wconf 78' lang='lat' dir='ltr'>experientia</span> <span class='ocrx_word' id='word_1_294' title='bbox 1375 604 1450 627; x_wconf 83' lang='lat' dir='ltr'>vero</span> <span class='ocrx_word' id='word_1_295' title='bbox 1476 599 1677 637; x_wconf 86' lang='lat' dir='ltr'>compertum</span> <span class='ocrx_word' id='word_1_296' title='bbox 1705 593 1768 626; x_wconf 82' lang='lat' dir='ltr'>suc-</span> 
     </span>
     <span class='ocr_line' id='line_1_61' title="bbox 1029 646 1768 690; baseline 0 -12"><span class='ocrx_word' id='word_1_297' title='bbox 1029 647 1078 687; x_wconf 89' lang='lat' dir='ltr'>rit,</span> <span class='ocrx_word' id='word_1_298' title='bbox 1098 646 1317 690; x_wconf 80' lang='lat' dir='ltr'>perniciosum</span> <span class='ocrx_word' id='word_1_299' title='bbox 1344 657 1379 678; x_wconf 90' lang='lat' dir='ltr'>ac</span> <span class='ocrx_word' id='word_1_300' title='bbox 1403 646 1520 679; x_wconf 90' lang='lat' dir='ltr'>rationi</span> <span class='ocrx_word' id='word_1_301' title='bbox 1544 646 1674 679; x_wconf 90' lang='lat' dir='ltr'>minime</span> <span class='ocrx_word' id='word_1_302' title='bbox 1693 656 1768 679; x_wconf 90' lang='lat' dir='ltr'>con-</span> 
     </span>
     <span class='ocr_line' id='line_1_62' title="bbox 1028 700 1766 743; baseline 0 -11"><span class='ocrx_word' id='word_1_303' title='bbox 1028 705 1218 733; x_wconf 85' lang='lat' dir='ltr'>sentaneum</span> <span class='ocrx_word' id='word_1_304' title='bbox 1254 710 1345 739; x_wconf 85' lang='lat' dir='ltr'>esse,</span> <span class='ocrx_word' id='word_1_305' title='bbox 1377 700 1462 743; x_wconf 87' lang='lat' dir='ltr'>quod</span> <span class='ocrx_word' id='word_1_306' title='bbox 1489 700 1673 743; x_wconf 87' lang='lat' dir='ltr'>superiores</span> <span class='ocrx_word' id='word_1_307' title='bbox 1700 700 1766 732; x_wconf 80' lang='lat' dir='ltr'>sive</span> 
     </span>
     <span class='ocr_line' id='line_1_63' title="bbox 1028 752 1768 796; baseline -0.003 -10"><span class='ocrx_word' id='word_1_308' title='bbox 1028 754 1165 796; x_wconf 86' lang='lat' dir='ltr'>praelati</span> <span class='ocrx_word' id='word_1_309' title='bbox 1192 752 1333 786; x_wconf 89' lang='lat' dir='ltr'>maiores</span> <span class='ocrx_word' id='word_1_310' title='bbox 1368 753 1443 785; x_wconf 90' lang='lat' dir='ltr'>dicti</span> <span class='ocrx_word' id='word_1_311' title='bbox 1476 752 1603 785; x_wconf 89' lang='lat' dir='ltr'>Ordinis</span> <span class='ocrx_word' id='word_1_312' title='bbox 1636 753 1768 785; x_wconf 84' lang='lat' dir='ltr'>destitu-</span> 
     </span>
     <span class='ocr_line' id='line_1_64' title="bbox 1029 806 1767 850; baseline -0.001 -10"><span class='ocrx_word' id='word_1_313' title='bbox 1029 812 1125 840; x_wconf 88' lang='lat' dir='ltr'>antur</span> <span class='ocrx_word' id='word_1_314' title='bbox 1162 817 1223 850; x_wconf 87' lang='lat' dir='ltr'>ope</span> <span class='ocrx_word' id='word_1_315' title='bbox 1255 812 1287 840; x_wconf 86' lang='lat' dir='ltr'>et</span> <span class='ocrx_word' id='word_1_316' title='bbox 1323 806 1461 846; x_wconf 83' lang='lat' dir='ltr'>auxilio,</span> <span class='ocrx_word' id='word_1_317' title='bbox 1499 817 1579 849; x_wconf 84' lang='lat' dir='ltr'>quae</span> <span class='ocrx_word' id='word_1_318' title='bbox 1618 807 1767 849; x_wconf 88' lang='lat' dir='ltr'>accipere</span> 
     </span>
     <span class='ocr_line' id='line_1_65' title="bbox 1029 859 1769 904; baseline -0.003 -11"><span class='ocrx_word' id='word_1_319' title='bbox 1029 866 1164 904; x_wconf 78' lang='lat' dir='ltr'>possent</span> <span class='ocrx_word' id='word_1_320' title='bbox 1182 871 1198 893; x_wconf 87' lang='lat' dir='ltr'>a</span> <span class='ocrx_word' id='word_1_321' title='bbox 1214 859 1440 893; x_wconf 83' lang='lat' dir='ltr'>definitoribus</span> <span class='ocrx_word' id='word_1_322' title='bbox 1455 859 1664 903; x_wconf 75' lang='lat' dir='ltr'>generalibus</span> <span class='ocrx_word' id='word_1_323' title='bbox 1681 869 1769 902; x_wconf 90' lang='lat' dir='ltr'>prae-</span> 
     </span>
     <span class='ocr_line' id='line_1_66' title="bbox 1030 913 1769 959; baseline -0.001 -13"><span class='ocrx_word' id='word_1_324' title='bbox 1030 915 1112 954; x_wconf 74' lang='lat' dir='ltr'>fatis,</span> <span class='ocrx_word' id='word_1_325' title='bbox 1137 925 1154 948; x_wconf 87' lang='lat' dir='ltr'>a</span> <span class='ocrx_word' id='word_1_326' title='bbox 1180 914 1308 959; x_wconf 88' lang='lat' dir='ltr'>quibus,</span> <span class='ocrx_word' id='word_1_327' title='bbox 1332 919 1446 957; x_wconf 86' lang='lat' dir='ltr'>utpote</span> <span class='ocrx_word' id='word_1_328' title='bbox 1472 913 1580 957; x_wconf 81' lang='lat' dir='ltr'>gnaris</span> <span class='ocrx_word' id='word_1_329' title='bbox 1607 923 1713 946; x_wconf 88' lang='lat' dir='ltr'>rerum</span> <span class='ocrx_word' id='word_1_330' title='bbox 1733 923 1769 946; x_wconf 90' lang='lat' dir='ltr'>ac</span> 
     </span>
     <span class='ocr_line' id='line_1_67' title="bbox 1030 967 1768 1007; baseline -0.004 -5"><span class='ocrx_word' id='word_1_331' title='bbox 1030 979 1154 1002; x_wconf 90' lang='lat' dir='ltr'>morum</span> <span class='ocrx_word' id='word_1_332' title='bbox 1192 979 1269 1001; x_wconf 89' lang='lat' dir='ltr'>suae</span> <span class='ocrx_word' id='word_1_333' title='bbox 1302 967 1464 1007; x_wconf 84' lang='lat' dir='ltr'>nationis,</span> <span class='ocrx_word' id='word_1_334' title='bbox 1491 969 1627 1000; x_wconf 88' lang='lat' dir='ltr'>multum</span> <span class='ocrx_word' id='word_1_335' title='bbox 1668 967 1768 999; x_wconf 90' lang='lat' dir='ltr'>iuvari</span> 
     </span>
     <span class='ocr_line' id='line_1_68' title="bbox 1030 1021 1768 1066; baseline -0.004 -10"><span class='ocrx_word' id='word_1_336' title='bbox 1030 1028 1161 1066; x_wconf 84' lang='lat' dir='ltr'>possent</span> <span class='ocrx_word' id='word_1_337' title='bbox 1186 1023 1225 1055; x_wconf 90' lang='lat' dir='ltr'>ad</span> <span class='ocrx_word' id='word_1_338' title='bbox 1252 1022 1382 1065; x_wconf 78' lang='lat' dir='ltr'>negotia</span> <span class='ocrx_word' id='word_1_339' title='bbox 1407 1022 1526 1055; x_wconf 90' lang='lat' dir='ltr'>certius</span> <span class='ocrx_word' id='word_1_340' title='bbox 1545 1021 1768 1064; x_wconf 87' lang='lat' dir='ltr'>maturiusque</span> 
     </span>
     <span class='ocr_line' id='line_1_69' title="bbox 1030 1075 1769 1120; baseline -0.003 -11"><span class='ocrx_word' id='word_1_341' title='bbox 1030 1077 1233 1117; x_wconf 80' lang='lat' dir='ltr'>delinienda,</span> <span class='ocrx_word' id='word_1_342' title='bbox 1268 1077 1439 1120; x_wconf 85' lang='lat' dir='ltr'>minusque</span> <span class='ocrx_word' id='word_1_343' title='bbox 1472 1077 1601 1115; x_wconf 80' lang='lat' dir='ltr'>deceat,</span> <span class='ocrx_word' id='word_1_344' title='bbox 1627 1075 1769 1109; x_wconf 83' lang='lat' dir='ltr'>officium</span> 
     </span>
     <span class='ocr_line' id='line_1_70' title="bbox 1030 1130 1768 1172; baseline -0.003 -9"><span class='ocrx_word' id='word_1_345' title='bbox 1030 1131 1187 1164; x_wconf 86' lang='lat' dir='ltr'>dictorum</span> <span class='ocrx_word' id='word_1_346' title='bbox 1213 1130 1421 1163; x_wconf 76' lang='lat' dir='ltr'>definitorum</span> <span class='ocrx_word' id='word_1_347' title='bbox 1443 1130 1644 1172; x_wconf 77' lang='lat' dir='ltr'>generalium</span> <span class='ocrx_word' id='word_1_348' title='bbox 1663 1139 1768 1172; x_wconf 88' lang='lat' dir='ltr'>prope</span> 
     </span>
     <span class='ocr_line' id='line_1_71' title="bbox 1030 1183 1769 1222; baseline -0.004 -5"><span class='ocrx_word' id='word_1_349' title='bbox 1030 1184 1169 1217; x_wconf 89' lang='lat' dir='ltr'>otiosum</span> <span class='ocrx_word' id='word_1_350' title='bbox 1195 1189 1226 1216; x_wconf 91' lang='lat' dir='ltr'>et</span> <span class='ocrx_word' id='word_1_351' title='bbox 1252 1183 1365 1215; x_wconf 88' lang='lat' dir='ltr'>inutile</span> <span class='ocrx_word' id='word_1_352' title='bbox 1391 1183 1512 1222; x_wconf 83' lang='lat' dir='ltr'>iacere,</span> <span class='ocrx_word' id='word_1_353' title='bbox 1540 1187 1653 1215; x_wconf 88' lang='lat' dir='ltr'>contra</span> <span class='ocrx_word' id='word_1_354' title='bbox 1678 1192 1769 1214; x_wconf 91' lang='lat' dir='ltr'>men-</span> 
     </span>
     <span class='ocr_line' id='line_1_72' title="bbox 1031 1235 1770 1278; baseline -0.004 -8"><span class='ocrx_word' id='word_1_355' title='bbox 1031 1242 1094 1270; x_wconf 89' lang='lat' dir='ltr'>tem</span> <span class='ocrx_word' id='word_1_356' title='bbox 1131 1236 1400 1270; x_wconf 83' lang='lat' dir='ltr'>constitutionum</span> <span class='ocrx_word' id='word_1_357' title='bbox 1427 1241 1458 1269; x_wconf 89' lang='lat' dir='ltr'>et</span> <span class='ocrx_word' id='word_1_358' title='bbox 1487 1235 1651 1278; x_wconf 88' lang='lat' dir='ltr'>antiquam</span> <span class='ocrx_word' id='word_1_359' title='bbox 1677 1235 1770 1268; x_wconf 89' lang='lat' dir='ltr'>Ordi-</span> 
     </span>
     <span class='ocr_line' id='line_1_73' title="bbox 1030 1289 1769 1335; baseline -0.003 -11"><span class='ocrx_word' id='word_1_360' title='bbox 1030 1291 1078 1324; x_wconf 86' lang='lat' dir='ltr'>nis</span> <span class='ocrx_word' id='word_1_361' title='bbox 1103 1291 1261 1335; x_wconf 89' lang='lat' dir='ltr'>praedicti</span> <span class='ocrx_word' id='word_1_362' title='bbox 1287 1290 1542 1331; x_wconf 78' lang='lat' dir='ltr'>observantiam3</span> <span class='ocrx_word' id='word_1_363' title='bbox 1569 1300 1605 1322; x_wconf 91' lang='lat' dir='ltr'>ac</span> <span class='ocrx_word' id='word_1_364' title='bbox 1629 1289 1769 1333; x_wconf 89' lang='lat' dir='ltr'>proinde</span> 
     </span>
     <span class='ocr_line' id='line_1_74' title="bbox 1029 1343 1768 1378; baseline -0.001 -1"><span class='ocrx_word' id='word_1_365' title='bbox 1029 1345 1138 1378; x_wconf 89' lang='lat' dir='ltr'>dilecti</span> <span class='ocrx_word' id='word_1_366' title='bbox 1174 1344 1232 1377; x_wconf 88' lang='lat' dir='ltr'>sslii</span> <span class='ocrx_word' id='word_1_367' title='bbox 1265 1344 1442 1377; x_wconf 86' lang='lat' dir='ltr'>modernus</span> <span class='ocrx_word' id='word_1_368' title='bbox 1477 1343 1624 1376; x_wconf 89' lang='lat' dir='ltr'>minister</span> <span class='ocrx_word' id='word_1_369' title='bbox 1649 1348 1680 1376; x_wconf 87' lang='lat' dir='ltr'>et</span> <span class='ocrx_word' id='word_1_370' title='bbox 1704 1343 1768 1376; x_wconf 94' lang='lat' dir='ltr'>duo</span> 
     </span>
     <span class='ocr_line' id='line_1_75' title="bbox 1029 1397 1771 1441; baseline -0.004 -9"><span class='ocrx_word' id='word_1_371' title='bbox 1029 1399 1216 1432; x_wconf 79' lang='lat' dir='ltr'>definitores</span> <span class='ocrx_word' id='word_1_372' title='bbox 1242 1399 1426 1441; x_wconf 79' lang='lat' dir='ltr'>generales,</span> <span class='ocrx_word' id='word_1_373' title='bbox 1452 1398 1484 1430; x_wconf 92' lang='lat' dir='ltr'>in</span> <span class='ocrx_word' id='word_1_374' title='bbox 1517 1397 1601 1430; x_wconf 90' lang='lat' dir='ltr'>Urbe</span> <span class='ocrx_word' id='word_1_375' title='bbox 1626 1397 1771 1440; x_wconf 76' lang='lat' dir='ltr'>praefata</span> 
     </span>
     <span class='ocr_line' id='line_1_76' title="bbox 1030 1451 1770 1496; baseline -0.004 -10"><span class='ocrx_word' id='word_1_376' title='bbox 1030 1453 1068 1486; x_wconf 91' lang='lat' dir='ltr'>de</span> <span class='ocrx_word' id='word_1_377' title='bbox 1094 1454 1259 1496; x_wconf 88' lang='lat' dir='ltr'>praesenti</span> <span class='ocrx_word' id='word_1_378' title='bbox 1286 1453 1476 1493; x_wconf 79' lang='lat' dir='ltr'>existentes,</span> <span class='ocrx_word' id='word_1_379' title='bbox 1504 1453 1568 1484; x_wconf 78' lang='lat' dir='ltr'>una</span> <span class='ocrx_word' id='word_1_380' title='bbox 1605 1462 1676 1484; x_wconf 89' lang='lat' dir='ltr'>eum</span> <span class='ocrx_word' id='word_1_381' title='bbox 1712 1451 1770 1484; x_wconf 91' lang='lat' dir='ltr'>ali-</span> 
     </span>
     <span class='ocr_line' id='line_1_77' title="bbox 1029 1506 1770 1551; baseline -0.001 -13"><span class='ocrx_word' id='word_1_382' title='bbox 1029 1513 1110 1551; x_wconf 85' lang='lat' dir='ltr'>quot</span> <span class='ocrx_word' id='word_1_383' title='bbox 1135 1506 1206 1540; x_wconf 90' lang='lat' dir='ltr'>aliis</span> <span class='ocrx_word' id='word_1_384' title='bbox 1232 1506 1472 1550; x_wconf 86' lang='lat' dir='ltr'>praestantibus</span> <span class='ocrx_word' id='word_1_385' title='bbox 1498 1516 1534 1538; x_wconf 92' lang='lat' dir='ltr'>ac</span> <span class='ocrx_word' id='word_1_386' title='bbox 1559 1510 1665 1538; x_wconf 86' lang='lat' dir='ltr'>aetate</span> <span class='ocrx_word' id='word_1_387' title='bbox 1694 1515 1770 1548; x_wconf 87' lang='lat' dir='ltr'>pro-</span> 
     </span>
     <span class='ocr_line' id='line_1_78' title="bbox 1029 1557 1767 1602; baseline -0.004 -9"><span class='ocrx_word' id='word_1_388' title='bbox 1029 1560 1224 1594; x_wconf 83' lang='lat' dir='ltr'>vectioribus</span> <span class='ocrx_word' id='word_1_389' title='bbox 1250 1559 1414 1602; x_wconf 78' lang='lat' dir='ltr'>religiosis</span> <span class='ocrx_word' id='word_1_390' title='bbox 1448 1559 1592 1592; x_wconf 86' lang='lat' dir='ltr'>eiusdem</span> <span class='ocrx_word' id='word_1_391' title='bbox 1627 1557 1767 1598; x_wconf 88' lang='lat' dir='ltr'>Ordinis,</span> 
     </span>
     <span class='ocr_line' id='line_1_79' title="bbox 1029 1612 1769 1658; baseline -0.004 -11"><span class='ocrx_word' id='word_1_392' title='bbox 1029 1625 1137 1648; x_wconf 90' lang='lat' dir='ltr'>coram</span> <span class='ocrx_word' id='word_1_393' title='bbox 1170 1615 1242 1658; x_wconf 88' lang='lat' dir='ltr'>ipso</span> <span class='ocrx_word' id='word_1_394' title='bbox 1266 1612 1437 1646; x_wconf 85' lang='lat' dir='ltr'>Francisco</span> <span class='ocrx_word' id='word_1_395' title='bbox 1470 1613 1626 1656; x_wconf 86' lang='lat' dir='ltr'>episcopo</span> <span class='ocrx_word' id='word_1_396' title='bbox 1663 1612 1769 1645; x_wconf 89' lang='lat' dir='ltr'>cardi-</span> 
     </span>
     <span class='ocr_line' id='line_1_80' title="bbox 1029 1666 1769 1711; baseline -0.004 -10"><span class='ocrx_word' id='word_1_397' title='bbox 1029 1669 1094 1702; x_wconf 88' lang='lat' dir='ltr'>nali</span> <span class='ocrx_word' id='word_1_398' title='bbox 1120 1669 1318 1711; x_wconf 77' lang='lat' dir='ltr'>congregati,</span> <span class='ocrx_word' id='word_1_399' title='bbox 1346 1667 1546 1700; x_wconf 91' lang='lat' dir='ltr'>unanimiter</span> <span class='ocrx_word' id='word_1_400' title='bbox 1570 1666 1769 1706; x_wconf 86' lang='lat' dir='ltr'>censuerint,</span> 
     </span>
     <span class='ocr_line' id='line_1_81' title="bbox 1029 1721 1770 1767; baseline -0.004 -11"><span class='ocrx_word' id='word_1_401' title='bbox 1029 1723 1159 1767; x_wconf 87' lang='lat' dir='ltr'>aliquod</span> <span class='ocrx_word' id='word_1_402' title='bbox 1187 1722 1263 1755; x_wconf 89' lang='lat' dir='ltr'>huic</span> <span class='ocrx_word' id='word_1_403' title='bbox 1299 1722 1344 1755; x_wconf 85' lang='lat' dir='ltr'>rei</span> <span class='ocrx_word' id='word_1_404' title='bbox 1371 1721 1570 1759; x_wconf 87' lang='lat' dir='ltr'>remedium,</span> <span class='ocrx_word' id='word_1_405' title='bbox 1595 1725 1770 1764; x_wconf 86' lang='lat' dir='ltr'>antequam</span> 
     </span>
     <span class='ocr_line' id='line_1_82' title="bbox 1030 1774 1771 1821; baseline -0.004 -12"><span class='ocrx_word' id='word_1_406' title='bbox 1030 1777 1061 1810; x_wconf 92' lang='lat' dir='ltr'>in</span> <span class='ocrx_word' id='word_1_407' title='bbox 1088 1776 1228 1821; x_wconf 87' lang='lat' dir='ltr'>capitulo</span> <span class='ocrx_word' id='word_1_408' title='bbox 1255 1776 1400 1819; x_wconf 80' lang='lat' dir='ltr'>generali</span> <span class='ocrx_word' id='word_1_409' title='bbox 1428 1775 1502 1808; x_wconf 87' lang='lat' dir='ltr'>dicti</span> <span class='ocrx_word' id='word_1_410' title='bbox 1535 1774 1664 1808; x_wconf 85' lang='lat' dir='ltr'>Ordinis</span> <span class='ocrx_word' id='word_1_411' title='bbox 1697 1785 1771 1818; x_wconf 88' lang='lat' dir='ltr'>pro-</span> 
     </span>
     <span class='ocr_line' id='line_1_83' title="bbox 1030 1828 1771 1875; baseline -0.005 -11"><span class='ocrx_word' id='word_1_412' title='bbox 1030 1831 1158 1875; x_wconf 88' lang='lat' dir='ltr'>pediem</span> <span class='ocrx_word' id='word_1_413' title='bbox 1183 1830 1380 1864; x_wconf 88' lang='lat' dir='ltr'>celebrando</span> <span class='ocrx_word' id='word_1_414' title='bbox 1407 1829 1586 1863; x_wconf 88' lang='lat' dir='ltr'>electiones</span> <span class='ocrx_word' id='word_1_415' title='bbox 1609 1828 1697 1868; x_wconf 79' lang='lat' dir='ltr'>siant,</span> <span class='ocrx_word' id='word_1_416' title='bbox 1717 1828 1771 1861; x_wconf 91' lang='lat' dir='ltr'>ad-</span> 
     </span>
     <span class='ocr_line' id='line_1_84' title="bbox 1030 1882 1770 1927; baseline -0.005 -9"><span class='ocrx_word' id='word_1_417' title='bbox 1030 1884 1209 1918; x_wconf 82' lang='lat' dir='ltr'>hibendum</span> <span class='ocrx_word' id='word_1_418' title='bbox 1229 1885 1308 1917; x_wconf 84' lang='lat' dir='ltr'>sore:</span> <span class='ocrx_word' id='word_1_419' title='bbox 1334 1894 1433 1927; x_wconf 87' lang='lat' dir='ltr'>quare</span> <span class='ocrx_word' id='word_1_420' title='bbox 1454 1887 1651 1916; x_wconf 83' lang='lat' dir='ltr'>memoratus</span> <span class='ocrx_word' id='word_1_421' title='bbox 1677 1882 1770 1915; x_wconf 84' lang='lat' dir='ltr'>Fran-</span> 
     </span>
     <span class='ocr_line' id='line_1_85' title="bbox 1030 1936 1770 1983; baseline -0.005 -11"><span class='ocrx_word' id='word_1_422' title='bbox 1030 1939 1133 1972; x_wconf 88' lang='lat' dir='ltr'>ciscus</span> <span class='ocrx_word' id='word_1_423' title='bbox 1159 1939 1336 1983; x_wconf 89' lang='lat' dir='ltr'>episcopus</span> <span class='ocrx_word' id='word_1_424' title='bbox 1373 1937 1548 1971; x_wconf 87' lang='lat' dir='ltr'>cardinalis</span> <span class='ocrx_word' id='word_1_425' title='bbox 1581 1936 1674 1970; x_wconf 88' lang='lat' dir='ltr'>nobis</span> <span class='ocrx_word' id='word_1_426' title='bbox 1711 1936 1770 1969; x_wconf 87' lang='lat' dir='ltr'>hu-</span> 
     </span>
     <span class='ocr_line' id='line_1_86' title="bbox 1030 1990 1770 2036; baseline -0.004 -11"><span class='ocrx_word' id='word_1_427' title='bbox 1030 1993 1150 2026; x_wconf 87' lang='lat' dir='ltr'>militer</span> <span class='ocrx_word' id='word_1_428' title='bbox 1168 1992 1369 2036; x_wconf 85' lang='lat' dir='ltr'>supplicavit,</span> <span class='ocrx_word' id='word_1_429' title='bbox 1388 1997 1545 2035; x_wconf 87' lang='lat' dir='ltr'>quatenus</span> <span class='ocrx_word' id='word_1_430' title='bbox 1566 1990 1596 2023; x_wconf 93' lang='lat' dir='ltr'>in</span> <span class='ocrx_word' id='word_1_431' title='bbox 1618 1990 1770 2034; x_wconf 87' lang='lat' dir='ltr'>praemis-</span> 
     </span>
     <span class='ocr_line' id='line_1_87' title="bbox 1029 2044 1768 2090; baseline -0.004 -11"><span class='ocrx_word' id='word_1_432' title='bbox 1029 2047 1071 2079; x_wconf 87' lang='lat' dir='ltr'>sis</span> <span class='ocrx_word' id='word_1_433' title='bbox 1110 2051 1294 2090; x_wconf 87' lang='lat' dir='ltr'>opportune</span> <span class='ocrx_word' id='word_1_434' title='bbox 1331 2045 1507 2089; x_wconf 84' lang='lat' dir='ltr'>providere</span> <span class='ocrx_word' id='word_1_435' title='bbox 1545 2049 1577 2077; x_wconf 87' lang='lat' dir='ltr'>et</span> <span class='ocrx_word' id='word_1_436' title='bbox 1611 2049 1646 2077; x_wconf 87' lang='lat' dir='ltr'>ut</span> <span class='ocrx_word' id='word_1_437' title='bbox 1687 2044 1768 2076; x_wconf 81' lang='lat' dir='ltr'>infra</span> 
     </span>
     <span class='ocr_line' id='line_1_88' title="bbox 1030 2097 1769 2142; baseline -0.003 -10"><span class='ocrx_word' id='word_1_438' title='bbox 1030 2099 1200 2142; x_wconf 75' lang='lat' dir='ltr'>indulgere</span> <span class='ocrx_word' id='word_1_439' title='bbox 1226 2099 1264 2132; x_wconf 87' lang='lat' dir='ltr'>de</span> <span class='ocrx_word' id='word_1_440' title='bbox 1289 2099 1493 2142; x_wconf 76' lang='lat' dir='ltr'>benignitate</span> <span class='ocrx_word' id='word_1_441' title='bbox 1519 2098 1697 2142; x_wconf 77' lang='lat' dir='ltr'>apostolica</span> <span class='ocrx_word' id='word_1_442' title='bbox 1724 2097 1769 2130; x_wconf 90' lang='lat' dir='ltr'>di·</span> 
     </span>
     <span class='ocr_line' id='line_1_89' title="bbox 1029 2164 1223 2196; baseline -0.005 -10"><span class='ocrx_word' id='word_1_443' title='bbox 1029 2164 1223 2196; x_wconf 80' lang='lat' dir='ltr'>gnaremur:</span> 
     </span>
    </p>
   </div>
   <div class='ocr_carea' id='block_1_8' title="bbox 1073 2205 1964 2251">
    <p class='ocr_par' dir='ltr' id='par_1_10' title="bbox 1073 2205 1964 2251">
     <span class='ocr_line' id='line_1_90' title="bbox 1073 2205 1964 2251; baseline -0.004 -11"><span class='ocrx_word' id='word_1_444' title='bbox 1073 2208 1087 2251; x_wconf 56' lang='grc' dir='ltr'>ᾗ</span> <span class='ocrx_word' id='word_1_445' title='bbox 1123 2207 1155 2240; x_wconf 52' lang='grc' dir='ltr'>ἢ).</span> <span class='ocrx_word' id='word_1_446' title='bbox 1182 2206 1244 2240; x_wconf 85' lang='lat' dir='ltr'>Nos</span> <span class='ocrx_word' id='word_1_447' title='bbox 1281 2206 1398 2250; x_wconf 74' lang='lat' dir='ltr'>igitur,</span> <span class='ocrx_word' id='word_1_448' title='bbox 1426 2206 1572 2239; x_wconf 88' lang='lat' dir='ltr'>eiusdem</span> <span class='ocrx_word' id='word_1_449' title='bbox 1605 2205 1767 2239; x_wconf 85' lang='lat' dir='ltr'>Francisei</span> <span class='ocrx_word' id='word_1_450' title='bbox 1807 2214 1964 2236; x_wconf 50' lang='lat' dir='ltr'>ainamma</span> 
     </span>
    </p>
   </div>
   <div class='ocr_carea' id='block_1_9' title="bbox 1779 2245 1920 2263">
    <p class='ocr_par' dir='ltr' id='par_1_11' title="bbox 1779 2245 1920 2263">
     <span class='ocr_line' id='line_1_91' title="bbox 1779 2245 1920 2263; baseline 0.007 -1"><span class='ocrx_word' id='word_1_451' title='bbox 1779 2245 1920 2263; x_wconf 64' lang='lat' dir='ltr'>calunniam.</span> 
     </span>
    </p>
   </div>
   <div class='ocr_carea' id='block_1_10' title="bbox 1029 2260 1770 2681">
    <p class='ocr_par' dir='ltr' id='par_1_12' title="bbox 1029 2260 1770 2681">
     <span class='ocr_line' id='line_1_92' title="bbox 1029 2260 1769 2304; baseline -0.001 -10"><span class='ocrx_word' id='word_1_452' title='bbox 1029 2261 1174 2304; x_wconf 79' lang='lat' dir='ltr'>episcopi</span> <span class='ocrx_word' id='word_1_453' title='bbox 1200 2261 1374 2294; x_wconf 88' lang='lat' dir='ltr'>cardinalis</span> <span class='ocrx_word' id='word_1_454' title='bbox 1398 2260 1489 2300; x_wconf 85' lang='lat' dir='ltr'>votis,</span> <span class='ocrx_word' id='word_1_455' title='bbox 1515 2263 1669 2304; x_wconf 83' lang='lat' dir='ltr'>quantum</span> <span class='ocrx_word' id='word_1_456' title='bbox 1696 2271 1769 2293; x_wconf 90' lang='lat' dir='ltr'>cum</span> 
     </span>
     <span class='ocr_line' id='line_1_93' title="bbox 1030 2315 1768 2360; baseline 0 -12"><span class='ocrx_word' id='word_1_457' title='bbox 1030 2316 1165 2349; x_wconf 88' lang='lat' dir='ltr'>Domino</span> <span class='ocrx_word' id='word_1_458' title='bbox 1181 2326 1368 2360; x_wconf 60' lang='lat' dir='ltr'>pessimum,</span> <span class='ocrx_word' id='word_1_459' title='bbox 1390 2315 1610 2348; x_wconf 81' lang='lat' dir='ltr'>favorabiliter</span> <span class='ocrx_word' id='word_1_460' title='bbox 1623 2325 1768 2348; x_wconf 82' lang='lat' dir='ltr'>annuere</span> 
     </span>
     <span class='ocr_line' id='line_1_94' title="bbox 1030 2368 1770 2412; baseline 0.001 -12"><span class='ocrx_word' id='word_1_461' title='bbox 1030 2370 1183 2409; x_wconf 77' lang='lat' dir='ltr'>volentes,</span> <span class='ocrx_word' id='word_1_462' title='bbox 1208 2368 1391 2402; x_wconf 87' lang='lat' dir='ltr'>huiusmodi</span> <span class='ocrx_word' id='word_1_463' title='bbox 1411 2368 1702 2412; x_wconf 85' lang='lat' dir='ltr'>supplicationibus</span> <span class='ocrx_word' id='word_1_464' title='bbox 1721 2368 1770 2401; x_wconf 90' lang='lat' dir='ltr'>in-</span> 
     </span>
     <span class='ocr_line' id='line_1_95' title="bbox 1029 2421 1769 2466; baseline 0 -11"><span class='ocrx_word' id='word_1_465' title='bbox 1029 2423 1154 2463; x_wconf 88' lang='lat' dir='ltr'>clinati,</span> <span class='ocrx_word' id='word_1_466' title='bbox 1191 2422 1412 2466; x_wconf 82' lang='lat' dir='ltr'>supradictam</span> <span class='ocrx_word' id='word_1_467' title='bbox 1438 2421 1678 2455; x_wconf 86' lang='lat' dir='ltr'>ordinationem</span> <span class='ocrx_word' id='word_1_468' title='bbox 1714 2432 1769 2455; x_wconf 87' lang='lat' dir='ltr'>seu</span> 
     </span>
     <span class='ocr_line' id='line_1_96' title="bbox 1030 2475 1769 2520; baseline -0.001 -10"><span class='ocrx_word' id='word_1_469' title='bbox 1030 2477 1279 2520; x_wconf 86' lang='lat' dir='ltr'>dispositionem</span> <span class='ocrx_word' id='word_1_470' title='bbox 1307 2476 1337 2508; x_wconf 91' lang='lat' dir='ltr'>in</span> <span class='ocrx_word' id='word_1_471' title='bbox 1360 2475 1503 2520; x_wconf 86' lang='lat' dir='ltr'>capitulo</span> <span class='ocrx_word' id='word_1_472' title='bbox 1525 2476 1666 2519; x_wconf 79' lang='lat' dir='ltr'>generali</span> <span class='ocrx_word' id='word_1_473' title='bbox 1695 2476 1769 2510; x_wconf 90' lang='lat' dir='ltr'>anni</span> 
     </span>
     <span class='ocr_line' id='line_1_97' title="bbox 1030 2528 1769 2574; baseline 0.001 -11"><span class='ocrx_word' id='word_1_474' title='bbox 1030 2541 1201 2570; x_wconf 79' lang='lat' dir='ltr'>unchvu,</span> <span class='ocrx_word' id='word_1_475' title='bbox 1238 2529 1346 2574; x_wconf 88' lang='lat' dir='ltr'>quoad</span> <span class='ocrx_word' id='word_1_476' title='bbox 1373 2528 1563 2562; x_wconf 74' lang='lat' dir='ltr'>definitores</span> <span class='ocrx_word' id='word_1_477' title='bbox 1599 2531 1769 2573; x_wconf 88' lang='lat' dir='ltr'>generales</span> 
     </span>
     <span class='ocr_line' id='line_1_98' title="bbox 1031 2584 1769 2628; baseline 0.001 -10"><span class='ocrx_word' id='word_1_478' title='bbox 1031 2585 1167 2625; x_wconf 84' lang='lat' dir='ltr'>editam,</span> <span class='ocrx_word' id='word_1_479' title='bbox 1193 2589 1228 2616; x_wconf 92' lang='lat' dir='ltr'>ut</span> <span class='ocrx_word' id='word_1_480' title='bbox 1260 2584 1458 2627; x_wconf 80' lang='lat' dir='ltr'>praefertur,</span> <span class='ocrx_word' id='word_1_481' title='bbox 1486 2589 1534 2625; x_wconf 90' lang='lat' dir='ltr'>et,</span> <span class='ocrx_word' id='word_1_482' title='bbox 1560 2590 1656 2628; x_wconf 89' lang='lat' dir='ltr'>prout</span> <span class='ocrx_word' id='word_1_483' title='bbox 1681 2585 1769 2619; x_wconf 88' lang='lat' dir='ltr'>illam</span> 
     </span>
     <span class='ocr_line' id='line_1_99' title="bbox 1031 2637 1769 2681; baseline -0.001 -7"><span class='ocrx_word' id='word_1_484' title='bbox 1031 2643 1258 2679; x_wconf 87' lang='lat' dir='ltr'>concernunt,</span> <span class='ocrx_word' id='word_1_485' title='bbox 1297 2637 1469 2672; x_wconf 81' lang='lat' dir='ltr'>Clementis</span> <span class='ocrx_word' id='word_1_486' title='bbox 1507 2638 1769 2681; x_wconf 86' lang='lat' dir='ltr'>praedecessoris</span> 
     </span>
    </p>
   </div>
   <div class='ocr_carea' id='block_1_11' title="bbox 1649 212 1960 248">
    <p class='ocr_par' dir='ltr' id='par_1_13' title="bbox 1649 212 1960 248">
     <span class='ocr_line' id='line_1_100' title="bbox 1649 212 1960 248; baseline 0.006 -2"><span class='ocrx_word' id='word_1_487' title='bbox 1649 212 1730 247; x_wconf 74' lang='grc'>·493</span> <span class='ocrx_word' id='word_1_488' title='bbox 1778 220 1826 247; x_wconf 74' lang='lat' dir='ltr'>An.</span> <span class='ocrx_word' id='word_1_489' title='bbox 1844 219 1871 247; x_wconf 86' lang='lat' dir='ltr'>c.</span> <span class='ocrx_word' id='word_1_490' title='bbox 1896 220 1960 248; x_wconf 80' lang='lat'><strong>1733</strong></span> 
     </span>
    </p>
   </div>
  </div>
 </body>
</html>
