2182 3137
841 252 937 276 ixnnx
964 253 1067 276 aarum
1604 243 1668 278 649

169 304 314 337 Datariae
339 308 368 338 et
393 304 605 338 Cancellariae
630 305 880 348 apostolicarum
903 305 971 338 iura
996 311 1172 348 servantur,
1199 306 1257 340 -211
1287 318 1307 340 α
1331 313 1362 340 et
1386 308 1415 340 b.

170 358 334 391 Debitores
359 358 622 391 communitatum
649 360 752 391 Status
779 358 965 401 temporalis
989 359 1020 391 S.
1049 359 1085 391 Ιὶ.
1113 359 1160 399 Ε.,
1186 360 1256 393 vale
1280 360 1543 395 Communitates.

168 413 343 446 Decanatus
369 413 450 445 sacri
476 413 602 456 collegii
629 412 856 453 cardinalium,
882 412 950 445 vide
974 412 1165 446 Cardinales.

167 466 297 500 Decreta
337 466 599 509 Cmgregassonis
637 466 859 510 episcoporum
899 469 930 499 et
968 466 1174 508 regularium.
1198 486 1242 491 —
1267 468 1435 501 Decretum
1468 479 1506 502 ne
1531 470 1713 504 sacerdotes

254 520 381 554 Ordinis
404 520 601 564 hospitalarii
626 520 655 553 S.
675 520 838 564 Hippolyti
862 519 1013 552 Mexicani
1038 520 1235 564 praelaturas
1259 522 1386 556 Ordinis
1411 523 1555 557 obtinere
1581 525 1712 568 possint,

254 579 308 606 aut
332 573 513 617 provinciae
538 574 719 607 assistentes
743 573 837 615 eligi,
866 572 930 605 245
954 583 974 605 α
997 578 1027 605 et
1050 584 1126 617 seq.;
1157 574 1263 614 aliud,
1290 586 1353 619 quo
1379 577 1564 610 conceditur
1590 578 1713 612 institu-

257 627 299 660 tio
325 627 451 670 collegii
478 626 753 660 missionariorum
779 625 905 659 Ordinis
931 625 1087 658 Minorum
1113 627 1211 661 sancti
1248 628 1406 662 Francisci
1432 630 1471 663 de
1507 631 1712 665 Observantizt

253 681 284 714 in
310 687 467 715 conventu
491 681 520 714 S.
539 681 653 713 Luciae
678 679 789 724 oppidi
813 679 912 712 sancti
938 678 1048 713 Gavini
1075 680 1250 714 Usselensis
1276 682 1449 724 dioecesis,
1473 683 1537 717 957
1563 685 1593 725 b3
1618 686 1712 727 aliud,

254 745 319 779 quo
344 735 492 768 statuitur
515 739 549 767 ut
575 734 605 766 in
636 728 782 767 domibus
820 732 979 774 religiosis
1014 733 1197 776 provinciae
1228 735 1325 767 sancti
1359 736 1503 779 Gregorii
1535 737 1567 769 in
1600 738 1713 772 lnsulis

255 789 443 832 Pliilippinis
467 787 594 821 (Ji-<linis
630 788 785 820 Minorum
825 785 923 818 sancti
951 785 1111 818 Francisci
1144 786 1182 819 de
1214 787 1421 821 Observantia
1445 789 1712 824 Discalceatorum

254 848 399 876 servetur
424 842 580 880 clausura,
610 840 675 874 282
700 851 720 873 α
744 845 774 873 et
797 851 879 884 sequ,
905 839 990 872 aliud
1015 850 1111 883 super
1136 840 1289 874 electione
1315 842 1500 875 officialium
1519 843 1645 878 Ordinis
1664 845 1716 878 Be·

253 896 511 929 thlehemitarum
538 896 569 927 in
591 894 686 927 Indiis
711 893 970 933 occidentalibus,
988 892 1052 927 398
1077 893 1103 932 b3
1130 893 1204 926 item
1231 905 1329 938 super
1353 895 1508 930 divisione
1533 898 1714 941 provinciae

252 948 398 982 Austriae
423 947 583 980 inferioris
601 946 727 980 Ordinis
743 946 900 980 Minoi-um
918 946 1019 978 sancti
1038 946 1198 980 Francisci
1217 947 1476 982 Conventualium
1496 950 1527 983 in
1545 951 1622 984 duas
1640 963 1713 996 pro·

251 1001 369 1034 vincias
393 1001 538 1034 Austriae
564 1000 744 1041 inferioris,
771 1011 808 1033 ae
839 1000 968 1032 Silesiae
1001 1005 1031 1032 et
1062 1000 1239 1041 Moraviae,
1264 1001 1328 1035 403
1354 1002 1384 1042 b3
1410 1003 1495 1035 aliud
1530 1004 1613 1038 circa
1651 1006 1714 1039 ele-

253 1055 390 1088 ctionem
416 1055 463 1087 vel
488 1053 744 1087 substitutionem
771 1053 970 1086 visitatorum
992 1053 1176 1097 provinciae
1200 1055 1415 1098 Portugalliae
1437 1056 1562 1090 Ordinis
1578 1058 1711 1092 fratrum

253 1108 458 1142 eremitarum
485 1107 585 1141 sancti
607 1107 784 1151 Augustini,
809 1107 873 1141 547
900 1107 917 1139 b
942 1111 972 1139 et
996 1118 1057 1151 seq.

167 1163 298 1196 Decreta
315 1161 576 1205 Congregationis
593 1172 758 1195 sacrorum
777 1161 907 1194 rituum.
924 1180 967 1185 —
983 1161 1151 1194 Decretum
1171 1173 1233 1205 quo
1251 1162 1400 1196 fratribus
1417 1164 1448 1197 B.
1464 1163 1501 1197 M.
1515 1164 1552 1197 de
1571 1165 1713 1199 Mercede

253 1215 482 1259 redemptionis
507 1215 706 1259 captivorum
734 1214 919 1247 conceditur
944 1215 1089 1248 recitatio
1114 1215 1211 1248 officii
1237 1216 1269 1249 B.
1296 1217 1332 1249 M.
1361 1217 1498 1260 Virginis
1530 1218 1588 1251 sub
1623 1219 1712 1253 titulo

251 1269 290 1303 de
315 1269 479 1309 Remedio,
497 1268 539 1301 40
559 1280 597 1308 a}
621 1279 678 1312 pro
703 1267 932 1301 beatificatione
956 1278 1065 1301 servae
1090 1268 1143 1301 Dei
1170 1268 1354 1303 Callicrinae
1379 1270 1417 1303 de
1442 1271 1566 1312 Ricciis‚
1593 1271 1657 1305 *tt-2
1683 1273 1709 1306 b.

163 1324 294 1357 Decreta
319 1322 609 1366 Congregationum
636 1321 845 1354 cardinalium
873 1321 1127 1365 particularium.
1152 1342 1197 1348 -—
1219 1324 1388 1358 Decretum
1419 1335 1515 1370 super
1540 1326 1713 1360 Obsetvan-

250 1377 293 1410 tia
318 1376 581 1410 constitutionum
607 1375 794 1418 ‚Egidianae
822 1381 852 1408 et
884 1375 1052 1419 Carpensis
1069 1403 1076 1416 ,
1104 1380 1134 1410 et
1165 1377 1394 1412 arcliiviatione
1426 1378 1710 1413 instrumentorum

253 1441 313 1476 pro
339 1430 621 1464 communitatibus
646 1434 675 1462 et
700 1428 957 1462 universitatibus
983 1429 1168 1473 provinciae
1194 1430 1374 1473 Mai-chiae,
1406 1432 1504 1465 refert
1534 1437 1564 1466 et
1595 1433 1712 1467 confir-

254 1490 339 1526 mat,
366 1484 431 1518 395
455 1485 483 1517 b.

163 1540 292 1572 Decreta
317 1539 470 1571 Ordinum
495 1537 703 1581 regularium.
730 1557 773 1561 —
798 1537 964 1571 Decretum
992 1538 1122 1582 capituli
1149 1539 1304 1581 generalis
1329 1539 1456 1573 Ordinis
1469 1540 1709 1574 Carmelitarum

252 1593 505 1627 excalceatorum
531 1591 615 1625 circa
644 1590 833 1625 humilitatis
859 1591 962 1624 osticia
979 1602 1036 1636 per
1053 1591 1180 1625 Ordinis
1205 1591 1337 1626 donatos
1360 1593 1545 1635 exercenda,
1561 1594 1620 1626 ⁵241
1637 1606 1656 1627 α
1680 1600 1710 1627 et

249 1657 321 1691 ηιμ
347 1645 476 1690 capituli
501 1644 658 1688 generalis
684 1644 940 1688 congregationis
961 1645 1067 1679 ltaliae
1083 1648 1114 1679 et
1130 1645 1319 1679 Germaniae
1347 1645 1473 1680 Ordinis
1502 1647 1707 1681 eremitarum

251 1700 350 1734 sancti
371 1699 539 1743 Augustini
572 1699 824 1733 excalceatorum
850 1709 946 1743 super
981 1699 1142 1733 erectione
1166 1709 1265 1733 novae
1289 1699 1471 1744 provinciae
1495 1700 1660 1735 Ferrariae
1680 1707 1709 1736 et

250 1752 368 1794 Piceni,
389 1753 453 1786 259
470 1764 490 1786 α
515 1758 545 1786 et
569 1752 833 1797 seq.;def1nitorii
859 1752 988 1797 capituli
1013 1753 1218 1797 provincialis
1242 1753 1428 1798 provinciae
1444 1753 1474 1788 S.
1492 1754 1607 1788 Mariae
1624 1755 1709 1789 Hun-

251 1807 361 1852 gariae
385 1806 511 1841 Ordinis
536 1807 669 1840 fratrum
693 1807 851 1841 Minorum
876 1807 975 1840 sancti
1000 1807 1161 1842 Francisci
1190 1807 1230 1841 de
1254 1807 1462 1841 Observantia
1486 1818 1583 1853 super
1612 1819 1706 1843 acce·

250 1861 391 1905 ptatione
420 1861 624 1894 alternativae
649 1860 831 1895 officiorum
854 1860 936 1894 inter
961 1861 1075 1895 fratres
1098 1861 1236 1896 nationis
1260 1862 1483 1905 Hungaricae,
1504 1863 1710 1898 Germanicae

251 1920 281 1948 et
305 1914 508 1955 Slavonicae,
530 1914 594 1948 405
615 1925 635 1947 α
661 1920 692 1947 et
716 1925 795 1959 seq.;
824 1914 955 1958 capituli
980 1915 1185 1958 provincialis
1209 1915 1392 1959 provinciae
1408 1916 1596 1961 Aquitaniae
1611 1917 1708 1951 Tertii

252 1968 377 2003 Ordinis
401 1968 500 2001 sancti
525 1967 685 2001 Francisci
711 1968 796 2001 circa
820 1968 1007 2001 electionem
1033 1968 1172 2002 custodis
1199 1979 1258 2013 pro
1283 1970 1424 2014 capitulo
1448 1971 1617 2014 generali,
1644 1970 1709 2005 483

251 2033 272 2056 a
300 2026 330 2055 et
356 2032 435 2066 seq.;
462 2021 590 2066 capituli
616 2021 772 2065 generalis
801 2020 926 2055 Ordinis
950 2022 1084 2055 fratrum
1112 2022 1141 2056 S.
1164 2022 1324 2057 Francisci
1349 2023 1598 2068 Capuccinorum
1624 2025 1709 2058 circa

251 2075 454 2110 residentiam
490 2075 697 2108 definitorum
733 2075 929 2119 generalium
966 2075 997 2108 in
1022 2075 1106 2109 Urbe
1124 2103 1132 2117 ‚
1156 2076 1221 2110 492
1245 2076 1262 2110 b
1287 2081 1317 2110 et
1341 2089 1422 2122 seq.;
1447 2083 1597 2112 statutum
1623 2079 1708 2112 circa

250 2139 419 2162 numerum
446 2129 601 2162 vocalium
635 2128 807 2162 definitorii
837 2119 1020 2173 provinciae
1044 2129 1267 2173 Lugdunensis
1296 2131 1553 2174 congregationis
1583 2132 1708 2175 gallica-

250 2192 309 2216 nae
342 2182 476 2215 fratrum
507 2182 603 2215 'I'ertii
636 2182 761 2216 Ordinis
785 2182 814 2216 S.
845 2182 1004 2216 Francisei
1029 2182 1067 2216 de
1092 2183 1305 2226 poenitentia,
1334 2185 1399 2219 504
1424 2186 1441 2219 b
1466 2191 1496 2219 et
1519 2196 1606 2230 seq.;
1633 2196 1707 2220 con-

251 2235 359 2269 cordia
382 2246 478 2280 super
501 2236 713 2279 assignatione
738 2236 875 2270 duorum
905 2237 1162 2281 magisteriorum
1189 2237 1315 2272 Ordinis
1343 2239 1476 2273 fratrum
1503 2239 1706 2273 eremitarum

251 2289 280 2323 S.
304 2289 471 2333 Augustini
496 2290 679 2334 provinciae
704 2290 846 2324 Baeticae
864 2301 899 2324 ex
917 2290 1126 2335 quadraginta
1143 2293 1444 2337 suprannmerariis,
1462 2293 1526 2328 6⁶22
1542 2305 1561 2327 a
1580 2298 1609 2326 et
1625 2304 1704 2337 ηιμ

251 2342 413 2376 decretum
439 2343 569 2388 capituli
601 2344 758 2387 generalis
783 2344 909 2378 Ordinis
934 2345 1068 2379 fratrum
1094 2346 1205 2380 Beatae
1230 2347 1347 2381 Mariae
1371 2347 1410 2380 de
1436 2348 1538 2381 Monte
1562 2348 1706 2382 Carmelo

251 2397 505 2431 excalceatorum
531 2408 626 2442 super
651 2399 812 2433 erectione
840 2409 939 2433 novae
961 2400 1147 2445 provinciae
1168 2401 1345 2443 Lituaniae‚
1371 2401 1435 2435 635
1458 2412 1478 2435 α
1502 2407 1532 2435 et
1555 2413 1615 2447 seq.

161 2450 342 2494 Derogatio.
367 2469 410 2476 —
440 2451 515 2485 Victa
538 2452 782 2487 Constitutiones
808 2454 999 2498 apostolicae
1024 2455 1207 2498 derogatae.

160 2503 328 2538 Dioeeesis.
353 2524 394 2530 -
418 2505 605 2540 Dioeceseos
630 2507 755 2540 termini
780 2507 932 2542 ecclesiae
957 2508 1064 2553 oppidi
1089 2509 1287 2543 Divionensis
1307 2519 1409 2554 nuper
1434 2509 1465 2543 in
1490 2509 1705 2545 cathedralem

250 2562 374 2591 erectae
400 2557 617 2603 designantur,
643 2559 706 2593 0272
733 2561 750 2593 b
775 2565 804 2594 et
828 2572 892 2606 seq.

159 2609 368 2655 Dispensatio.
393 2630 437 2635 —-
457 2612 491 2645 In
515 2613 806 2657 dispensationibus
830 2615 977 2659 specialis
999 2617 1160 2661 expressio
1193 2617 1348 2659 facienda,
1369 2616 1409 2652 13
1426 2617 1456 2660 b;
1482 2628 1545 2652 non
1582 2617 1700 2653 sum-a-

250 2667 342 2709 gatur
365 2664 570 2709 dispensatio,
590 2666 650 2700 nisi
676 2667 788 2701 litteris
815 2669 975 2713 consectis,
1001 2670 1079 2704 ibid.

375 2728 455 2756 Butt.
472 2728 556 2757 Rom.
573 2744 607 2749 —
628 2729 684 2758 Vol.
702 2730 811 2759 XXIII.
995 2731 1029 2758 82
