2182 3137
46 226 100 252 Άη.
116 223 145 250 C.
167 221 236 250 1732

65 288 88 308 ln
99 284 235 311 impedimen-

49 314 77 333 tis
86 328 91 336 ,
115 318 128 332 a
157 311 235 337 quibus

49 339 144 368 petenda
192 337 234 357 dis·

49 368 155 392 pensatio.

77 2441 169 2463 Abbates
187 2441 237 2467 legi-

55 2468 105 2489 timo
144 2468 238 2494 impediti

55 2495 156 2516 marium
166 2496 239 2516 visua-

56 2523 122 2542 torem
163 2522 239 2543 debent

54 2548 141 2574 eligere.

859 220 1002 244 CLEMENS

284 280 315 300 11.
339 270 370 300 ln
393 270 429 300 iis
450 269 682 309 impedimentiS‚
706 277 781 307 quae
803 277 838 297 ex
854 267 919 297 iure
942 277 989 296 ca-

245 320 352 350 nonico
374 319 571 358 proveniunt,
596 317 776 356 dispensatio
800 316 922 355 petenda
945 321 988 351 est

246 377 261 397 a
284 367 415 406 legitimo
428 367 592 406 superiore,
612 365 708 405 qualis
725 370 768 395 est
784 365 988 394 sanctissimus

247 418 396 447 Romanus
425 416 557 446 Pontifex
573 438 580 451 ,
603 415 870 444 reverendissimus
897 414 989 443 dorni-

247 475 302 495 nus
318 464 494 504 patriarcba,
512 468 540 493 et
562 463 731 493 ordinarius
747 463 802 492 loci
818 462 986 501 episcopus,

247 513 422 552 respective.
446 512 478 542 In
510 512 577 541 aliis
609 521 678 541 vero
693 535 700 549 ‚
724 520 799 550 quae
821 520 857 540 ex
880 510 988 539 nostris

245 561 504 592 constitutionibus
527 561 720 596 inducuntur,
737 559 827 589 abbas
843 559 989 597 generalis

246 611 417 650 dispensare
436 610 554 649 poterit,
578 609 635 646 vel,
658 618 692 639 eo
713 608 845 646 absente,
869 616 990 646 congre·

246 659 325 697 gatio
346 659 505 697 generalis.

285 717 327 738 111.
350 708 442 738 Nemo
475 709 583 747 eliget,
607 712 658 737 aut
689 707 798 745 eligere
830 706 938 745 poterit
959 706 988 735 111

246 757 380 788 abbatem
404 758 593 796 generalem,
616 762 666 786 aut
689 757 905 794 hegumenum,
929 756 990 785 sive

247 807 277 836 in
299 806 433 836 abbatem
458 806 637 845 provinciae,
661 810 710 834 aut
733 805 915 841 monasterii,
933 805 989 835 nisi

247 855 367 894 triginta
389 864 481 885 annos
503 855 607 884 saltem
630 854 784 884 inchoatos
806 854 910 884 aetatis
940 854 990 883 ha-

247 904 329 941 beat3
353 908 382 934 et
403 904 460 934 nisi
492 913 542 933 sex
575 913 667 933 annos
698 904 727 933 in
762 904 990 941 congregatione

247 952 349 980 nostra.
370 950 574 990 compleverit,
608 950 786 980 includendo
809 959 902 980 annos
925 959 990 989 pro-

247 999 388 1030 bationis.

286 1057 324 1079 iv.
367 1049 399 1079 In
436 1049 714 1088 congregationibus
756 1050 988 1087 hegumenorum

247 1097 416 1137 provinciae
438 1102 467 1128 et
490 1098 680 1137 monasterii,
709 1099 730 1128 ii
753 1103 866 1128 tantum
889 1107 988 1128 vocem

245 1146 370 1177 activam
394 1146 515 1185 habent,
540 1157 665 1186 quorum
681 1147 792 1177 mentio
811 1147 851 1176 ibi
874 1148 918 1177 sit.
935 1148 988 1177 Vo-

246 1205 310 1225 cem
332 1205 402 1226 vero
424 1196 571 1236 passivam
593 1197 623 1226 in
646 1197 875 1234 congregatione
903 1206 991 1235 gene-

247 1245 302 1274 rali
324 1249 353 1275 et
375 1246 609 1284 hegumenorum
626 1245 734 1275 habere
751 1250 874 1285 possunt
889 1255 990 1275 omnes

247 1294 383 1324 monachi
418 1294 560 1333 prosessi3
594 1294 624 1324 in
657 1294 887 1333 congregatione
922 1304 990 1324 vero

247 1344 418 1384 provinciae
440 1348 468 1373 et
486 1344 746 1381 monasteriorum,
763 1344 783 1373 ii
800 1348 913 1373 tantum
932 1354 991 1374 1110-

247 1394 335 1423 nachi
360 1394 411 1433 qui
439 1398 509 1423 511111
531 1394 612 1424 1111115
635 1394 803 1433 provinciae
826 1398 853 1423 et
877 1403 991 1423 monas-

248 1443 325 1473 terii.

288 1501 315 1520 v.
340 1491 431 1521 Nemo
454 1495 551 1531 potest
573 1490 681 1521 habere
698 1492 797 1531 plures
813 1502 898 1521 voces
920 1493 992 1521 acti-

249 1550 309 1577 vas,
331 1541 447 1570 etiamsi
471 1541 576 1571 habeat
598 1542 681 1580 plura
704 1542 733 1570 in
756 1541 867 1571 Ordine
883 1541 991 1578 offici33

249 1590 300 1619 sed
323 1590 528 1629 unusquisque
552 1599 638 1619 unam
673 1594 786 1620 tantum
819 1600 918 1620 vocem
942 1591 993 1620 ha-

249 1638 328 1668 beat.

289 1696 328 1718 v1.
353 1687 454 1718 Omnis
476 1688 581 1718 electio
609 1688 659 1718 siat
692 1698 744 1728 per
777 1688 914 1727 suffragia
949 1699 993 1718 se-

249 1742 339 1768 creta.

289 1796 338 1816 vn.
371 1786 446 1816 Ante
477 1786 650 1817 electionem
684 1787 819 1825 legantur
852 1788 994 1818 constitu-

250 1836 345 1866 tiones
375 1835 410 1865 de
441 1835 538 1865 officio
573 1836 776 1874 eligendorum
806 1840 834 1866 et
868 1837 904 1866 de
937 1838 995 1867 ele-

250 1885 357 1914 ctione.

291 1942 352 1963 vin.
375 1933 405 1963 Si
427 1934 566 1972 suffragia
588 1934 698 1964 suerint
720 1935 866 1974 aequalia,
890 1939 940 1965 aut
962 1935 992 1965 in

252 1982 383 2012 diversas
419 1991 559 2022 personas
592 1983 632 2012 ita
666 1983 869 2014 distrahantur
898 1988 930 2013 nt
962 1985 992 2014 in

251 2031 366 2061 nullum
391 2032 483 2061 maior
505 2041 572 2071 pars
594 2033 760 2070 conveniat,
786 2033 812 2062 111
837 2034 886 2062 ssat
916 2035 992 2072 quod

250 2090 340 2120 supra
363 2089 427 2119 cap.
451 2090 482 2115 11,
506 2090 588 2110 1111111.
613 2090 651 2110 1111
673 2086 701 2110 et
724 2091 773 2111 xiii
795 2082 904 2111 (lictum
927 2087 981 2112 est.

390 2129 460 2158 CAP.
484 2129 544 2158 Vll.
569 2148 604 2151 —
627 2129 667 2159 De
689 2131 857 2159 visitatione.

290 2187 310 2208 1.
334 2177 431 2207 Abbas
453 2178 600 2216 generalis
619 2179 709 2208 semel
732 2179 834 2208 saltem
853 2179 880 2208 in
902 2180 994 2209 trien-

250 2227 298 2257 nio
320 2227 418 2257 visitet
440 2228 536 2257 onmia
554 2228 730 2257 monasteria
748 2227 876 2265 Ordinis,
896 2233 924 2258 et
942 2229 993 2259 ab-

250 2276 302 2306 bas
325 2277 493 2316 provinciae
515 2277 604 2306 semel
628 2277 762 2316 quolibet
785 2287 862 2307 anno
879 2288 993 2308 monas-

250 2325 321 2355 teria
344 2325 398 2355 sibi
421 2325 568 2362 subiecta,
594 2330 624 2355 ut
646 2326 755 2356 dictum
780 2332 824 2356 est
848 2332 923 2366 part.
949 2337 990 2365 111,

249 2384 314 2414 cap.
336 2383 378 2412 ni,
403 2384 484 2404 num.
509 2384 550 2412 111,
574 2380 602 2404 et
625 2384 688 2414 cap.
713 2384 740 2411 v,
765 2385 845 2405 1111111.
870 2385 900 2406 11.

289 2433 319 2454 ii.
343 2423 372 2454 Si
401 2424 534 2461 legitime
567 2424 677 2454 suerint
707 2425 853 2464 impediti,
887 2425 993 2456 substi-

251 2477 334 2504 tuent
357 2473 498 2502 viciriuin
524 2473 724 2511 visitatorem,
748 2474 794 2504 eui
826 2479 943 2514 ternpus
965 2480 993 2506 et

250 2523 457 2553 auctoritatem
482 2531 533 2561 per
555 2531 622 2551 suas
645 2523 757 2553 litteras
778 2524 930 2561 definiant,
953 2526 994 2555 ei-

250 2581 307 2611 que
322 2571 432 2602 socium
449 2580 499 2601 seu
516 2572 708 2601 secretarium
726 2573 896 2611 adiungent.
916 2574 993 2605 Nulli

251 2625 348 2651 autem
371 2621 481 2650 vicario
504 2621 645 2651 visitatori
669 2621 814 2661 credatur,
838 2623 895 2653 nisi
918 2624 995 2654 litte-

1029 221 1073 243 xit
1100 221 1149 244 PP-

1031 276 1078 297 ras
1107 277 1178 298 suae
1211 268 1402 307 delegationis
1428 272 1512 298 antea
1539 266 1707 297 exhibuerit
1728 275 1775 295 co-

1031 325 1092 345 ram
1116 317 1267 346 monachis
1298 317 1328 347 in
1358 316 1584 355 congregatione
1607 314 1775 345 convocatis

1031 365 1061 394 in
1095 374 1128 395 eo
1162 367 1339 396 monasterio
1372 366 1448 405 quod
1484 365 1665 395 visitandum
1698 363 1773 400 erit;

1032 422 1095 442 eam
1119 423 1186 443 vero
1209 415 1420 444 monachorum
1442 414 1700 453 congregationem
1724 412 1775 442 ab-

1031 461 1084 490 bas
1113 463 1286 492 convocabit
1318 464 1417 493 statim
1447 468 1534 502 atque
1566 463 1593 492 ei
1626 462 1775 492 exhibitae

1032 510 1140 540 fuerint
1163 511 1279 541 litterae
1302 512 1416 542 abbatis
1448 512 1613 551 generalis,
1643 516 1693 541 aut
1727 512 1776 541 he-

1032 568 1237 597 gumenorum‚
1260 565 1310 590 aut
1331 560 1445 590 abbatis
1469 561 1650 600 provinciae.
1675 560 1705 590 Si
1725 569 1775 589 au—

1034 612 1091 637 ten]
1121 607 1210 637 abbas
1242 609 1329 638 suerit
1361 609 1487 645 absens,
1513 614 1562 639 aut
1584 609 1701 639 obedire
1725 618 1775 637 no·

1034 657 1132 694 luerit,
1152 662 1222 686 tunc
1244 658 1307 696 ipse
1330 658 1456 687 vicarius
1473 658 1606 688 visitator
1628 666 1690 687 eam
1707 667 1776 687 con-

1034 705 1162 735 vocabit.

1167 753 1241 783 Forma
1263 754 1386 784 litterarum
1409 755 1487 784 vicarii
1510 756 1638 785 visitatoris,

1118 803 1324 833 venerabilibus
1359 804 1497 841 fratribus
1535 803 1648 833 Ordinis
1688 806 1776 834 sancti

1032 853 1122 890 patris
1146 853 1232 881 nostri
1253 852 1369 881 Antonii
1396 852 1618 891 Conyreyationis
1637 853 1668 881 de
1687 851 1777 881 Monte

1035 900 1147 935 Libano,
1168 902 1331 940 prouinciae
1353 902 1402 939 N„
1424 902 1467 931 vel
1490 902 1648 931 monasterii
1671 902 1720 939 N,
1737 911 1779 931 sa-

1034 950 1118 978 lntem
1140 951 1169 979 in
1191 950 1307 980 Domino
1329 956 1353 980 ct
1376 951 1598 980 benedictionem.

1115 1000 1214 1030 Notum
1246 1003 1366 1040 facimus
1388 1002 1474 1035 robis,
1498 1003 1622 1040 fratres,
1647 1010 1694 1029 nos
1726 1000 1778 1030 ete-

1031 1050 1103 1085 ·aisse
1125 1051 1307 1079 reverendum
1327 1055 1436 1089 patrem
1457 1050 1491 1080 N.
1515 1051 1543 1079 in
1565 1050 1703 1079 vicarium
1731 1059 1779 1079 no-

1035 1103 1136 1135 strum,
1159 1100 1239 1138 eique
1260 1100 1333 1128 vices
1355 1103 1460 1128 nostras
1481 1100 1664 1132 commisisse,
1690 1102 1718 1127 nl
1740 1099 1778 1127 ri-

1034 1149 1095 1176 sitet
1127 1157 1172 1177 cos
1193 1152 1218 1177 et
1241 1153 1361 1177 vestrum
1384 1150 1581 1177 monasteriam
1613 1149 1643 1176 in
1675 1152 1778 1186 tempo-

1034 1196 1140 1225 ralibus
1162 1200 1187 1226 et
1208 1196 1415 1236 spiritualibus,
1439 1200 1463 1225 et
1486 1197 1611 1235 inquirat
1633 1196 1663 1224 in
1686 1197 1777 1225 omnia

1035 1247 1068 1274 ad
1085 1255 1129 1274 cos
1141 1246 1297 1283 dictamque
1310 1245 1504 1274 monasterium
1518 1245 1680 1283 spectantia,
1699 1245 1777 1274 iuxta

1034 1300 1140 1324 nostras
1169 1295 1391 1329 consuetudines,
1423 1295 1629 1324 constitutiones
1650 1298 1675 1323 ct
1697 1304 1777 1332 requ-

1035 1344 1108 1381 lam,
1132 1353 1193 1373 cum
1219 1343 1352 1382 facultate
1380 1344 1562 1377 decernendi,
1597 1353 1666 1382 quac
1687 1343 1777 1372 decer-

1034 1394 1123 1422 nenda
1144 1403 1201 1422 esse
1223 1403 1322 1431 urgens
1344 1394 1489 1422 necessitas
1517 1393 1698 1431 compulerit,
1722 1393 1778 1422 alia

1036 1452 1096 1471 vero
1119 1443 1153 1471 ad
1175 1452 1223 1471 nos
1245 1443 1406 1481 deserendi,-
1434 1452 1488 1471 non
1515 1447 1606 1471 tamen
1639 1442 1727 1471 alium
1748 1444 1777 1471 in

1035 1492 1124 1520 Iocum
1146 1501 1227 1520 suum
1249 1492 1442 1527 substituendi,
1467 1501 1516 1521 nec
1537 1492 1724 1521 visitationem
1750 1493 1777 1520 in

1035 1540 1153 1578 quolibet
1175 1542 1341 1569 monasterio
1363 1540 1437 1569 ultra
1452 1541 1577 1570 triduam
1596 1541 1777 1579 prorogandi.

1037 1588 1172 1624 Quocirca
1202 1590 1364 1618 mandamus
1395 1589 1468 1618 robis
1488 1590 1518 1619 in
1541 1589 1640 1618 virture
1671 1595 1780 1619 sanctae

1035 1638 1222 1673 obedientiae,
1248 1642 1277 1667 at
1309 1639 1570 1667 reverendissimum
1600 1643 1710 1677 patrem
1745 1639 1779 1669 lt.

1036 1691 1175 1726 tamqnam
1207 1688 1342 1716 vicarium
1370 1688 1538 1716 visitatorem
1560 1697 1576 1716 α
1597 1687 1673 1716 nobis
1695 1688 1780 1727 depv-

1036 1741 1122 1765 tatnm
1145 1737 1297 1775 recipiatis,
1321 1737 1400 1775 eique
1422 1736 1539 1765 debitam
1563 1738 1746 1766 reverentiam
1756 1744 1780 1766 et

1037 1786 1218 1815 obedientiam
1256 1787 1334 1815 iusta
1368 1786 1541 1815 conmissum
1575 1787 1630 1824 ipsi
1662 1787 1779 1825 officium

1036 1834 1197 1864 exhibeatis.
1239 1834 1270 1863 St
1308 1835 1369 1872 quis
1404 1834 1448 1864 illi
1479 1835 1667 1863 contradicere
1699 1845 1782 1864 ausas

1036 1885 1133 1922 fuerit,
1156 1884 1272 1919 noverit,
1295 1893 1323 1911 se
1345 1892 1458 1911 suornm
1480 1886 1605 1911 votorum
1628 1887 1782 1921 transyres-

1036 1941 1123 1960 sorem
1146 1934 1217 1969 sore.
1252 1931 1412 1960 Benedictio
1442 1932 1478 1960 sit
1504 1941 1588 1970 saper
1619 1931 1781 1961 obedientes.

1037 1981 1137 2009 Datum
1161 1982 1188 2009 in
1213 1981 1376 2009 monasteria
1399 1981 1446 2015 N„
1471 1982 1516 2010 dic
1538 1980 1586 2014 N,
1611 1991 1703 2011 mense
1734 1981 1779 2015 N,

1036 2040 1107 2059 anno
1129 2031 1165 2061 N.

1116 2080 1204 2109 Abbas
1224 2080 1376 2117 ⁸(jener-alis,
1393 2080 1437 2109 vel
1461 2080 1617 2118 beymneni,
1636 2081 1678 2110 vel
1701 2081 1781 2111 abba.-⁴

1033 2131 1197 2170 provinciae
1218 2130 1254 2160 N.
1280 2146 1314 2150 ——
1338 2129 1412 2158 Loco
1433 2130 1451 2165 †
1472 2129 1574 2167 sigilli.

1075 2190 1115 2210 111.
1141 2179 1234 2209 Lectis
1257 2179 1287 2208 in
1306 2178 1532 2216 congregatione
1547 2179 1665 2214 litteris,
1682 2181 1780 2211 statim

1036 2239 1138 2260 omnes
1161 2229 1377 2267 genuflectent,
1402 2232 1522 2267 excepto
1551 2229 1660 2259 vicario
1683 2231 1782 2260 visita-

1037 2284 1113 2316 t‹›re;
1138 2279 1243 2308 deinde
1276 2282 1430 2315 surgentes
1462 2278 1611 2307 deducunt
1639 2278 1721 2308 illum
1751 2280 1779 2309 111

1036 2328 1190 2358 ecclesiam
1213 2337 1228 2357 a
1251 2327 1362 2357 dextris
1384 2326 1497 2356 abbatis
1520 2327 1687 2357 monasterii
1716 2337 1781 2367 pro-

1036 2378 1199 2407 cedentem.

1116 2427 1144 2455 Si
1167 2425 1256 2455 abbas
1279 2425 1424 2463 generalis
1443 2430 1491 2455 iut
1506 2425 1594 2455 abbas
1611 2427 1780 2465 provinciae
1811 2447 1876 2471 Qu,
1878 2449 1942 2468 mn:
1946 2449 1972 2468 do

1790 2456 1887 2495 facienda
1925 2482 1934 2493 v

1790 2503 1827 2521 luit
1823 2507 1850 2522 t.u

1037 2476 1232 2516 personaliter
1253 2475 1287 2504 ad
1311 2475 1488 2504 visitandum
1506 2476 1714 2505 monasterium
1732 2486 1780 2507 ve-

1038 2526 1126 2560 niret
1150 2525 1308 2554 convocata
1324 2523 1359 2552 ab
1375 2522 1478 2553 abbate
1494 2523 1549 2553 loci
1567 2524 1777 2554 monachorum

1037 2574 1276 2612 congregatione,
1299 2572 1476 2610 significabit
1492 2572 1621 2602 breviter
1643 2578 1673 2603 ut
1697 2583 1781 2613 prae-

1038 2627 1139 2662 parent
1162 2632 1192 2652 se
1214 2622 1248 2651 ad
1282 2622 1457 2652 reddendam
1491 2622 1656 2658 rationem,
1690 2633 1777 2663 quam

1669 208 1734 242 373
1781 218 1832 243 11η.
1848 217 1878 244 c.
1901 217 1967 245 1⁷32
