2182 3137
1708 210 1773 243 0253
1819 219 1867 245 An.
1887 219 1915 245 c.
1940 219 2000 246 ¹731

1066 268 1127 299 sibi
1166 268 1371 310 propositum
1405 268 1570 311 fixumque
1597 268 1897 306 babueruntffsrerm
1939 285 2005 306 [mssa

1066 321 1300 353 exactissimam
1327 321 1479 353 nimirum
1518 321 1725 364 disciplinam
1751 331 1806 353 re·
1821 313 2006 353 efg‘gfflmv'g2

895 220 1035 243 cmunxs
1059 220 1101 243 xn
1128 221 1174 243 [¹1³.

279 270 456 312 quartaria
482 270 666 311 appellant,
695 267 813 311 partita
843 268 1017 309 reperitur,

281 334 317 355 ao
341 323 476 365 singulis
502 320 715 364 reglonibus¹
742 320 881 352 vicarius
908 319 1022 361 praeti—

81 223 133 249 ΑΒ.
151 222 181 249 C.
199 222 262 249 ¹731

1821 360 1940 385 dulgentia*

121 2391 187 2414 Quale
203 2391 268 2411 detri-

79 2421 175 2438 mentum
220 2418 267 2437 stri-

82 2444 145 2463 ctiori
176 2444 266 2470 (intigro-

80 2470 175 2495 gationis
207 2471 267 2490 hum-

80 2502 119 2516 sca
140 2497 267 2523 disciptinae

279 377 383 414 citur,
410 376 485 418 qni,
511 376 646 407 absente
672 374 781 417 priore
808 372 1019 415 provinciali,

279 430 433 462 subiectis
459 429 520 461 sibi
547 427 759 460 conventibus
777 426 929 467 advigilet
947 436 1021 467 pro-

280 483 476 524 spiciatque3
515 481 558 513 ita
592 489 705 512 novam
739 480 771 511 in
799 479 911 511 cadem
946 489 1020 520 pro-

281 534 386 567 vincia
411 533 580 575 regionem
606 533 686 573 erigi
721 532 885 564 mandavit
909 531 940 563 S.
967 531 1022 563 Sa-

283 587 381 619 binae
407 597 524 618 nomen
552 591 775 621 retenturam,
804 584 835 616 in
863 595 927 626 qua
949 594 1022 616 con-

280 645 395 673 ventus
436 639 538 682 ipsius
573 637 841 680 Congreaationis
875 637 906 669 S.
933 637 1022 669 Sabi-

281 704 342 726 nae
374 693 758 735 comprehenderentur,
797 690 892 733 eique
929 702 946 722 a
978 691 1022 722 di-

281 752 335 778 eto
374 745 484 788 priore
522 744 711 787 provinciali
759 744 896 775 vicarius
931 753 1045 800 prae-²

281 804 474 842 poneretur,
495 798 661 839 variasque
687 796 899 839 praescripsit
927 806 1022 837 regu-

281 853 346 890 las,
372 861 451 893 quas
477 849 702 892 propagationi
730 849 874 880 eiusdem
911 849 1022 881 obser-

282 903 408 936 vantiae
434 903 464 934 in
493 905 557 934 tota
582 902 749 945 provincia
772 901 954 933 huiusmodi
974 911 1022 933 ac-

281 956 470 989 comodatas
496 956 564 987 sore
590 955 734 994 censuit,
768 960 800 987 et
823 954 907 986 inter
932 954 1022 992 alias,

282 1009 368 1051 quod
395 1008 447 1040 ubi
474 1008 506 1039 in
532 1008 618 1039 dicta
644 1010 724 1039 nova
750 1007 884 1049 regione
909 1007 940 1040 S.
968 1006 1023 1039 Sa-

280 1062 378 1094 binae
405 1060 588 1093 abundaret
614 1070 767 1092 numerus
795 1059 1021 1101 religiosorum

281 1115 491 1153 studentium,
519 1113 537 1145 ii
565 1113 595 1145 in
623 1113 702 1145 alios
729 1113 913 1155 provinciae
934 1124 1023 1154 prae-

281 1168 385 1200 dictae
411 1172 591 1199 conventus
618 1166 800 1198 litterarum
827 1166 939 1198 studiis
968 1167 1022 1198 dc-

281 1220 418 1253 stinatos
455 1230 515 1262 per
541 1219 689 1252 cumdem
716 1219 858 1261 priorem
894 1219 1022 1261 provin—

281 1274 396 1306 cialem
440 1273 521 1305 mitti
563 1274 730 1311 valerent,
771 1273 948 1305 dummodo
989 1273 1021 1304 in

281 1327 371 1359 hisce
408 1326 621 1358 conventibus
657 1326 783 1367 rigeret
818 1327 1022 1358 observantia

281 1391 342 1423 per
362 1379 656 1422 Congregationem
681 1380 874 1422 disciplinae
896 1381 1019 1422 regula-

281 1434 308 1465 ri
327 1433 544 1476 praepositam
570 1433 759 1475 approbata,
782 1434 933 1475 quodque
963 1434 1022 1464 sra-

282 1493 348 1518 tres
374 1487 475 1529 ipsius
503 1497 601 1518 novae
628 1485 771 1527 regionis
806 1486 835 1517 in
871 1486 1020 1529 priores,

281 1540 433 1575 lectores,
451 1539 698 1572 concionatores
724 1545 756 1570 et
780 1539 949 1580 magistros
967 1550 1023 1572 no-

280 1593 432 1625 vitiorum
471 1593 502 1624 in
540 1593 611 1624 aliis
649 1593 796 1624 eiusdem
835 1593 1021 1634 provinciae

280 1646 494 1679 conventibus
520 1652 609 1677 extra
634 1645 721 1677 illam
744 1646 909 1687 regionem
932 1646 1020 1687 eligi,

281 1699 377 1731 etad
410 1698 472 1730 alia
502 1698 621 1730 ibidem
657 1698 766 1729 munia
799 1698 918 1730 assumi
952 1709 1023 1740 pos-

282 1756 368 1791 sent·,
395 1756 481 1783 ratus
509 1751 572 1783 boc
597 1751 693 1783 modo
715 1751 842 1793 priscae
864 1751 1021 1793 regularis

282 1804 509 1837 observantiae
535 1803 684 1845 spiritum
703 1815 738 1835 ac
757 1804 875 1836 cultum
896 1804 1020 1837 facilius

280 1869 341 1901 per
366 1863 464 1889 totam
493 1856 691 1899 provinciam
719 1856 869 1889 [lill'usum
906 1863 937 1889 et
966 1868 1020 1889 an-

281 1916 369 1943 ctum
396 1910 456 1950 iri;
485 1915 516 1942 et
541 1910 629 1948 alias,
658 1915 752 1952 prout
779 1910 809 1941 in
838 1910 937 1953 ipsius
963 1911 1020 1943 Be-

280 1963 400 1996 nedicti
441 1962 702 2005 praedecessoris
740 1963 857 1995 litteris
893 1963 925 1994 in
953 1963 1018 2006 pari

280 2026 410 2058 quoque
426 2015 527 2048 forma
541 2015 651 2047 Brevis
666 2015 717 2047 die
732 2025 749 2047 v
764 2015 842 2047 iunii
861 2025 1019 2048 Moccxxw

280 2069 425 2111 desuper
450 2068 618 2107 emanatis,
646 2068 803 2110 quarum’
827 2069 965 2111 perinde
990 2075 1022 2101 et

278 2121 427 2164 priorum
452 2120 632 2153 iunocentii
654 2121 917 2163 praedecessoris
935 2121 1021 2154 litte-

279 2185 387 2206 rarum
415 2174 604 2206 huiusmodi
632 2180 759 2206 tenores
793 2175 1019 2216 praesentibus

279 2237 340 2269 pro
366 2228 463 2270 plene
498 2233 528 2260 et
562 2227 760 2259 sufficienter
785 2228 947 2269 expressis
983 2239 1020 2261 ac

280 2280 320 2312 de
356 2280 455 2313 verbo
491 2280 529 2312 ad
566 2281 699 2312 verbum
739 2280 867 2312 insertis
906 2281 1018 2313 baberi

280 2334 449 2372 volumus,
475 2334 603 2376 plenius
630 2333 724 2365 etiam
752 2333 950 2366 continetur.

323 2385 393 2429 5⁶2.
421 2385 496 2418 Cum
532 2391 659 2425 autem,
693 2386 774 2418 sicut
810 2387 1017 2429 accepimus,

278 2439 351 2482 pins
375 2449 412 2471 ac
437 2438 609 2470 laudabilis
636 2438 718 2478 sinis,
747 2449 842 2481 quem
863 2450 963 2471 unum
989 2445 1020 2471 et

280 2492 429 2524 eumdem
455 2497 591 2533 uterque
618 2492 767 2523 laudatus
785 2493 1020 2535 praedeeessor

317 2564 325 2587 ἱ
350 2561 417 2588 Male
437 2561 502 2587 edit.
520 2561 603 2588 Main.
619 2561 684 2596 legit
703 2563 896 2595 reliyionibus
914 2564 954 2596 (a.
969 2564 1017 2595 T.).

313 2606 330 2632 2
350 2606 421 2632 Edit.
442 2606 526 2632 Main.
547 2606 613 2640 legit
632 2614 757 2640 quorum
777 2612 814 2638 (n.
827 2608 876 2641 τ.).

1065 373 1209 413 gularem
1235 373 1267 404 in
1295 373 1380 405 dicta
1406 374 1573 416 provincia
1593 373 1807 406 Lombardiae

1065 424 1257 456 confovendi
1285 433 1317 457 et
1348 426 1574 467 propagandi,
1601 426 1716 458 melius
1753 436 1808 458 cu-

1066 477 1284 519 mulatiusque
1311 478 1451 509 obtineri
1477 480 1580 511 valeat
1606 479 1699 511 exiis
1725 490 1808 521 quae

1066 540 1124 571 per
1161 535 1375 561 memoratum
1413 530 1639 563 Innocentium
1673 532 1809 574 praede-

1065 592 1228 614 cessorem
1256 582 1411 623 disposita
1433 583 1573 622 suerunt,
1596 584 1714 616 nedum
1733 584 1808 626 quia

1066 635 1122 667 illa
1148 635 1293 667 eiusdem
1320 635 1512 677 disciplinae
1538 643 1747 677 augmentum
1776 638 1807 670 in

1067 690 1202 730 utraque
1229 687 1490 729 Congi'cgatione
1509 690 1655 731 praefata
1674 691 1807 732 egregie

1067 740 1182 773 iuvisse
1221 742 1317 783 longa
1343 741 1545 783 experientia
1571 743 1721 782 edocuit,
1756 754 1808 776 ve-

1066 805 1135 826 rum
1162 794 1258 827 etiam
1278 794 1364 837 quia,
1385 805 1457 826 cum
1477 795 1629 837 superior
1645 796 1804 828 commissi

1065 847 1124 879 sibi
1166 848 1275 889 gregis
1314 847 1416 879 sorma
1456 857 1525 879 esse
1566 847 1683 880 debeat
1722 849 1807 881 unde

1067 901 1188 934 subditi
1214 910 1361 933 normam
1388 899 1515 932 vivendi
1540 905 1681 939 sumant,
1702 900 1733 932 id
1759 911 1806 932 sa·

1067 965 1106 986 ne
1131 954 1257 996 sperari
1283 958 1402 995 potest,
1426 953 1454 985 si
1480 953 1564 985 dicta
1590 953 1807 995 Congregatio

1065 1008 1096 1040 S.
1113 1007 1252 1040 Sabinae
1271 1019 1287 1038 a
1306 1006 1427 1039 vicario
1445 1016 1503 1039 suo
1519 1006 1676 1048 generali,
1692 1007 1744 1049 qui
1760 1018 1808 1039 ar-

1067 1061 1146 1093 ctius
1173 1061 1260 1093 illins
1284 1060 1469 1092 institutum
1507 1060 1673 1102 professus
1700 1061 1808 1099 suerit,

1066 1119 1163 1156 prout
1189 1113 1328 1145 antebac
1345 1112 1451 1151 tiebat,
1473 1112 1693 1154 guberne1nr3
1714 1124 1806 1145 secus

1067 1177 1141 1198 vero
1178 1166 1202 1198 si
1241 1171 1375 1208 regatur
1407 1166 1692 1208 perpraedictum
1718 1166 1807 1209 prio-

1067 1230 1133 1252 rem
1155 1219 1400 1262 provincialem,
1419 1218 1474 1261 qui
1493 1218 1601 1250 mitius
1624 1218 1806 1251 institutum

1066 1273 1234 1316 sequitur,
1262 1273 1412 1315 adeoque
1438 1271 1602 1314 religiosis
1628 1272 1727 1314 ipsius
1755 1283 1805 1305 re-

1066 1327 1172 1368 gionis
1197 1326 1228 1358 S.
1256 1326 1395 1358 Sabinae
1422 1325 1553 1358 assiduo
1572 1326 1744 1358 severioris
1763 1327 1807 1358 ri-

1068 1385 1115 1411 tae
1152 1380 1303 1421 exemplo
1341 1389 1405 1411 non
1444 1379 1562 1411 valebit
1590 1380 1804 1420 praelucere:

1067 1438 1296 1475 praeterquam
1316 1432 1403 1474 quod
1422 1432 1524 1473 magis
1538 1432 1577 1463 ad
1596 1443 1805 1474 progressum

1066 1485 1258 1528 disciplinae
1285 1484 1433 1517 conserre
1452 1483 1657 1526 dignoscitur
1673 1484 1807 1518 difficul-

1067 1544 1112 1570 tas
1138 1538 1169 1569 in
1197 1537 1420 1580 permittendo
1437 1537 1590 1569 fratribus
1609 1537 1712 1570 dictae
1731 1538 1806 1570 Con-

1065 1590 1264 1633 gregationis
1289 1589 1320 1622 S.
1340 1589 1479 1622 Sabinae
1498 1599 1663 1631 egressum
1682 1601 1718 1623 ex
1738 1591 1807 1634 ipsa

1065 1643 1336 1685 Congregatione,
1351 1643 1390 1675 ad
1406 1643 1542 1675 sormam
1562 1643 1742 1676 litterarum
1757 1645 1807 1677 ln-

1065 1696 1219 1734 nocentii,
1242 1706 1336 1738 quam
1356 1695 1488 1727 facultas
1506 1695 1538 1727 in
1557 1696 1620 1728 illis
1639 1697 1805 1730 Benedicti

1065 1749 1358 1792 praedecessorum
1374 1749 1595 1791 praefatorum
1611 1749 1733 1782 eisdem
1750 1750 1807 1782 sra-

1066 1803 1167 1835 tribus
1204 1801 1360 1834 attributa
1402 1801 1506 1834 libere
1540 1803 1728 1835 transeundi
1765 1804 1805 1836 ad

1064 1857 1144 1890 alios
1184 1856 1287 1888 dictae
1327 1855 1512 1897 provinciae
1538 1862 1718 1888 conventus
1743 1867 1804 1900 pro

1065 1909 1255 1943 exercendis
1291 1908 1412 1940 ibidem
1450 1908 1618 1950 priorum,
1646 1909 1802 1942 lectorum

1064 1969 1096 1996 et
1120 1963 1190 1995 aliis
1216 1961 1349 2000 officiis,
1379 1961 1432 1992 ubi
1459 1961 1527 2001 illi,
1554 1962 1803 1996 reformatorum

1065 2026 1198 2048 munere
1226 2025 1290 2047 non
1318 2014 1501 2055 fungentes,
1519 2024 1536 2046 a
1554 2014 1715 2056 religiosis
1737 2015 1803 2048 exi-

1064 2079 1142 2111 gere
1168 2078 1228 2100 nec
1255 2072 1366 2099 tenere
1403 2072 1560 2109 poterunt
1595 2073 1629 2098 ut
1665 2068 1804 2101 strictio-

1064 2133 1153 2159 rem,
1192 2131 1290 2163 quam
1323 2119 1541 2162 profitentur,
1567 2120 1804 2153 observantiam

1065 2174 1170 2218 quoad
1198 2174 1292 2205 vitam
1319 2183 1523 2206 communem
1540 2200 1547 2213 ,
1575 2173 1802 2207 abstinentiam

1064 2229 1103 2261 ab
1128 2239 1183 2260 esu
1211 2227 1373 2265 carnium,
1397 2227 1539 2265 ieiunia,
1565 2227 1744 2266 silentiumy
1773 2234 1804 2260 et

1064 2283 1093 2314 id
1132 2292 1233 2323 genus
1270 2280 1332 2313 alia
1367 2281 1622 2322 amplectantur;
1658 2280 1803 2322 quinimo

1064 2335 1139 2367 inde
1165 2334 1312 2366 eveniret
1336 2333 1423 2376 quod
1450 2333 1564 2365 fratres
1588 2332 1694 2365 (lictae
1720 2333 1803 2366 Con-

1063 2387 1260 2430 gregationis
1281 2387 1310 2419 S.
1332 2386 1482 2425 Sabinae,
1511 2386 1661 2428 proprias
1687 2387 1736 2418 sui
1755 2387 1803 2419 in-

1063 2441 1165 2474 stituti
1192 2440 1410 2483 obligationes
1436 2439 1468 2471 in
1494 2439 1609 2472 alienis
1634 2440 1802 2472 conventi-

1063 2494 1121 2525 bus
1160 2493 1340 2535 adimplere
1376 2502 1441 2524 non
1479 2493 1645 2531 valentes,
1680 2492 1718 2524 ab
1745 2493 1801 2526 illo

1062 2546 1181 2579 sensim
1200 2547 1270 2577 sine
1287 2545 1423 2577 aliorum
1443 2545 1579 2578 utilitate
1600 2556 1637 2578 ac
1655 2546 1802 2588 prosectu

1064 2599 1296 2638 desciscerent,
1324 2597 1434 2640 sicque
1460 2608 1531 2630 eum
1558 2598 1654 2631 totius
1672 2598 1801 2641 provin-
