2182 3137
206 261 253 285 An.
271 260 300 286 C.
323 259 389 286 ¹732
434 250 499 285 312
981 259 1161 283 autunum
1187 259 1342 283 nomiman

397 316 430 342 ut
455 309 554 342 moris
579 314 635 349 cst,
662 308 926 352 approbandum,
952 319 1009 351 pro
1035 308 1134 341 admi-

1923 259 1970 284 An.
1992 258 2019 285 C.
2039 258 2104 286 ¹732

1176 318 1211 340 ac
1245 307 1403 351 gubernio
1436 306 1661 350 spiritualique
1698 307 1973 342 consolationirans
1997 321 2106 343 cauim-

1924 354 1951 368 »ιε
1967 349 2086 370 subiaceat.

270 2573 358 2593 Momm.
368 2573 392 2592 rii

209 2599 269 2619 Sacri
313 2600 393 2625 Spucus

209 2626 320 2646 directioni
346 2632 382 2651 pro

210 2655 314 2675 curatum
331 2658 393 2679 geue·

396 362 590 396 nistratione
629 367 840 405 proventuum
881 361 1025 395 eiusdem
1066 372 1133 394 nio-

397 416 530 449 nasterii
555 416 642 449 Sacri
675 416 795 455 Specus
827 415 982 459 deputare
1008 416 1131 455 valeat;

396 470 487 513 prior
511 480 599 509 vero,
620 479 656 501 ac
680 479 793 501 omnes
819 468 982 507 monachi,
1001 479 1037 501 ac
1063 468 1134 500 uni-

399 533 491 555 versa
527 522 648 555 familia
674 521 864 554 huiusmodi
902 521 1031 554 abbati¹
1058 521 1133 553 dicti

397 575 583 608 monasterii
604 574 635 608 S.
662 574 878 608 Scholasticae
903 585 963 618 pro
990 579 1134 616 tempore

398 629 559 670 existenti,
578 629 609 661 in
629 628 779 662 omnibus
797 634 828 661 et
844 638 903 672 per
921 627 1027 661 omnia
1052 627 1132 659 sub-

397 682 486 722 sint;
525 688 620 726 atque
656 681 742 715 idem
777 681 1011 715 monasterium
1049 679 1134 712 Sacri

397 736 518 779 Specus
544 734 725 768 membrum
752 746 787 767 ac
813 733 1010 777 pertinentia
1031 733 1134 776 ipsius

398 788 586 822 monasterii
608 787 638 822 S.
662 787 896 827 Scholasficae,
915 786 1008 819 sicuti
1034 787 1136 830 prius,

398 847 581 882 remaneat,
623 841 810 884 dictumque
850 840 882 873 S.
916 840 1135 873 Scholasticae

399 895 631 929 monasterium
665 905 724 938 pro
754 893 990 927 sustentatione
1016 893 1138 937 praefa-

400 955 506 982 torum
532 954 672 992 quatuor
696 946 941 988 monachorum,
967 957 1138 980 converso-

399 1013 470 1036 rum
496 1007 527 1035 et
561 1001 671 1034 famuli
709 1011 779 1034 eum
817 1012 902 1044 equo
939 1000 1005 1033 sive
1038 1000 1136 1040 mula,

400 1067 554 1089 summam
570 1055 822 1099 quingentorum
834 1054 1139 1098 quadragintaquin-

400 1121 462 1154 que
487 1114 649 1142 scutorum
676 1113 826 1141 monetae
848 1108 958 1141 itidem
985 1117 1138 1141 romanae

400 1162 574 1208 quotannis
592 1161 624 1195 in
643 1162 767 1195 duabus
785 1161 1001 1195 solutionibus
1027 1171 1139 1204 aequa-

400 1217 484 1251 libus
509 1215 719 1250 contribuere
740 1221 897 1256 teneatur,
916 1216 1002 1248 ultra
1020 1225 1139 1258 expen-

401 1281 452 1304 sas
488 1281 548 1313 pro
583 1269 828 1302 manutentione
865 1279 900 1301 ac
933 1268 1138 1311 reparatione

403 1329 560 1358 tectorum
586 1329 618 1357 et
642 1322 860 1358 aedificiorum
885 1322 960 1356 dicti
981 1327 1141 1355 monaste-

401 1378 439 1411 rii
457 1378 544 1412 Sacri
562 1378 682 1421 Specus
705 1376 880 1417 faciendas;
900 1388 973 1410 cum
992 1377 1140 1409 facultate

404 1438 519 1473 tamen,
548 1432 579 1464 in
605 1431 851 1465 diminutionem
876 1441 911 1463 ac
936 1436 1140 1474 excomputa-

404 1486 525 1520 tionem
558 1486 721 1529 praefatae
758 1495 902 1518 summae
939 1495 1065 1517 annuae
1096 1484 1141 1517 sic

403 1539 660 1573 contribuendae
681 1566 688 1579 ,
729 1537 996 1571 subministrandi
1038 1542 1140 1570 totum

404 1604 531 1637 panem,
553 1594 660 1626 riuum
686 1597 717 1625 et
742 1593 849 1625 oleum
875 1591 1055 1624 necessaria
1081 1601 1140 1634 pro

403 1647 557 1680 alimonia
581 1646 826 1684 monachorum,
853 1655 1084 1678 conversorum
1111 1650 1141 1676 et

403 1701 537 1734 aliarum
578 1709 792 1742 personarum
834 1709 915 1742 quae
956 1698 988 1731 in
1026 1698 1141 1731 eodem

402 1754 599 1787 monasterio
624 1752 711 1785 Sacri
741 1753 861 1795 Specus
898 1762 957 1795 pro
995 1757 1141 1795 tempore

404 1806 546 1848 degent,
574 1805 672 1848 idque
689 1809 724 1836 ut
742 1804 866 1837 facilius
884 1803 1042 1836 eiusmodi
1068 1813 1142 1836 con-

404 1859 612 1891 tributionem
640 1858 744 1890 facere
777 1868 812 1890 ac
846 1857 929 1890 ferre
953 1857 1067 1901 possit.
1095 1857 1141 1889 Ad

405 1912 495 1950 haec,
514 1911 777 1950 declarationem,
792 1921 809 1943 a
824 1910 989 1954 praedicto
1002 1910 1141 1954 loseplio

405 1965 510 2006 Maria,
529 1966 612 1999 sicut
630 1965 856 2008 praemittitur,
875 1965 1006 2005 editam,
1026 1964 1140 1997 harum

405 2019 488 2052 serie
514 2018 733 2062 approbamus
755 2023 785 2051 et
810 2017 1054 2057 confirmamus,
1082 2016 1143 2049 itli-

405 2083 466 2115 que
506 2072 704 2105 inviolabilis
749 2072 944 2115 apostolicae
983 2070 1142 2103 firmitatis

405 2126 506 2159 robur
530 2125 711 2166 amicimus,
731 2126 920 2158 mandantes
947 2124 1085 2168 proinde
1110 2129 1143 2156 ut

405 2179 531 2219 oliveta,
559 2179 685 2219 domus,
713 2190 840 2219 census,
866 2179 914 2212 vel
939 2179 1025 2212 bona
1050 2179 1143 2211 stabi-

406 2234 449 2266 lia
475 2238 506 2266 et
531 2239 664 2275 argenta
681 2233 877 2275 supradicta,
898 2237 968 2275 post
986 2231 1074 2265 illius
1093 2232 1144 2265 de-

406 2297 541 2327 cessum,
560 2286 714 2318 uniantur
740 2296 776 2318 ac
801 2286 1058 2329 incorporentur
1075 2285 1144 2318 red-

407 2340 526 2373 ditibus
545 2339 692 2373 eiusdem
711 2339 901 2372 monasterii
919 2338 1007 2372 Sacri
1022 2339 1142 2382 Specus

406 2393 437 2425 in
455 2392 648 2425 beneticium
675 2403 711 2425 ac
735 2392 906 2424 utilitatem
933 2391 1019 2424 illius
1044 2391 1145 2424 sacri-

405 2446 485 2479 stiae
508 2446 594 2479 iuxta
619 2445 720 2489 ipsius
746 2445 877 2488 losephi
895 2445 1011 2479 Mariae
1037 2446 1145 2478 volun-

407 2506 502 2534 tatem
529 2512 566 2533 ac
591 2499 853 2533 declarationem.

449 2554 462 2597 ᾗ
488 2553 519 2586 4.
548 2553 728 2593 Praeterea,
755 2558 789 2585 ut
814 2552 899 2586 felici
921 2563 1143 2596 prosperoque

406 2606 481 2639 dicti
503 2600 692 2639 vmonasterii
719 2605 808 2639 Sacri
840 2605 960 2649 Specus
995 2606 1143 2649 regimini

441 2669 451 2697 1
474 2668 544 2696 Edit.
565 2667 642 2696 Maia.
665 2668 728 2704 legit
748 2668 859 2698 abbatis
878 2669 917 2704 (a.
932 2668 982 2702 T.).

1177 367 1208 394 et
1227 360 1474 394 necessitatibus
1493 360 1569 393 illuc
1593 360 1816 393 accedentium
1842 371 1914 404 pro-

1177 420 1326 458 spectum
1352 424 1387 446 ac
1413 415 1596 447 consultum
1622 414 1677 453 sit,
1698 424 1734 446 ea
1760 424 1842 457 quae
1867 424 1915 447 se-

1178 472 1319 510 quuntur
1357 467 1546 506 statuenda,
1580 467 1760 500 ordinanda
1796 473 1827 500 et
1863 467 1916 501 de-

1178 521 1342 554 cernenda
1360 520 1515 560 duximus,
1530 520 1696 554 videlicet:
1717 540 1760 544 —
1782 531 1802 554 ι.
1822 520 1914 559 Quod

1179 574 1411 607 monasterium
1432 574 1518 607 Sacri
1540 574 1660 618 Specus
1680 573 1844 607 subiaceat
1861 584 1915 606 cu-

1181 637 1234 659 rae
1269 632 1300 660 et
1331 627 1502 660 directioni
1534 627 1754 670 procuratoris
1781 637 1915 670 genera·

1179 680 1217 713 lis
1254 690 1312 724 pro
1350 685 1495 724 tempore
1536 680 1700 713 existentis
1738 680 1915 723 Congrega-

1181 733 1277 766 tionis
1301 733 1512 773 Cassinensis,
1534 733 1656 766 eisdem
1682 733 1779 766 niodo
1806 738 1837 765 et
1856 733 1916 766 t'or-

1180 789 1231 820 ma
1257 787 1374 830 quibus
1404 786 1570 819 subiacent
1599 786 1770 829 collegium
1797 789 1826 819 et
1851 787 1916 820 eol-

1180 839 1314 882 legiales
1355 839 1448 872 Urbis
1488 839 1586 883 ipsius
1623 838 1914 881 Congregationis‚

1181 893 1254 936 qui,
1289 893 1411 927 tametsi
1449 893 1614 926 constituti
1652 893 1682 925 in
1719 893 1917 926 monasterio

1180 947 1209 980 S.
1235 947 1325 980 Pauli
1351 957 1454 990 prope
1491 952 1522 979 et
1558 951 1645 979 extra
1671 946 1798 979 moenia
1823 946 1916 979 Urbis

1182 1000 1344 1043 praefatae
1377 1000 1463 1033 totali
1486 1000 1571 1032 illius
1597 999 1720 1032 abbatis
1753 1010 1812 1043 pro
1839 1005 1917 1032 tem-

1181 1064 1260 1097 pore
1286 1053 1501 1086 iurisdictioni
1534 1053 1668 1086 subiecti
1694 1053 1773 1093 sint,
1801 1052 1918 1086 nibilo-

1183 1107 1296 1146 minus,
1312 1106 1418 1150 quoad
1433 1106 1690 1146 destinationem,
1706 1106 1917 1139 mutationem

1183 1170 1217 1192 ac
1235 1170 1384 1192 recursus
1403 1159 1630 1202 collegialium,
1646 1164 1760 1192 cuncta
1776 1158 1919 1202 dirigun-

1184 1218 1234 1246 tur
1266 1224 1282 1246 a
1308 1213 1391 1246 dicto
1425 1213 1539 1245 abbate
1571 1212 1665 1246 simul
1698 1222 1769 1246 cum
1802 1213 1918 1245 eodem

1184 1271 1394 1310 procuratore
1421 1265 1588 1309 generali;
1615 1266 1694 1298 itaut
1718 1265 1749 1298 in
1775 1266 1918 1298 futurum

1183 1320 1215 1353 in
1241 1319 1454 1363 assignandis,
1481 1319 1668 1360 retinendis,
1695 1320 1856 1353 mutandis
1881 1330 1919 1353 ac

1185 1374 1336 1417 regendis
1353 1374 1470 1417 priore,
1491 1373 1658 1406 monachis
1676 1385 1710 1406 ac
1729 1373 1845 1406 oblatis
1862 1384 1918 1406 seu

1184 1427 1349 1461 conversis
1367 1426 1551 1460 monasterii
1570 1426 1658 1460 Sacri
1675 1426 1795 1470 Specus
1820 1426 1867 1459 ius
1884 1436 1920 1459 ac

1185 1481 1369 1515 omnimoda
1383 1480 1519 1513 directio
1537 1480 1576 1513 ad
1595 1481 1742 1513 abbatem
1762 1485 1920 1513 monaste-

1185 1535 1222 1566 rii
1248 1534 1278 1567 S.
1306 1534 1523 1567 Scholasticae
1552 1535 1616 1566 una
1645 1544 1717 1566 cum
1746 1532 1815 1576 ipso
1843 1543 1920 1577 pro-

1185 1593 1331 1621 curatore
1357 1587 1500 1630 generati
1527 1593 1686 1631 perpetuo
1719 1587 1916 1630 pertineant.

1184 1661 1228 1665 ——
1245 1652 1279 1674 11.
1300 1640 1344 1673 Ne
1367 1640 1598 1673 monasterium
1615 1639 1702 1673 Sacri
1715 1640 1834 1682 Specus
1852 1650 1921 1673 cre-

1185 1695 1250 1728 bris
1274 1694 1509 1728 monae-horum
1535 1691 1766 1727 mutationibus
1784 1699 1837 1726 aut
1860 1693 1921 1726 via-

1187 1749 1255 1781 ticis
1274 1753 1432 1791 gravetur,
1451 1758 1558 1791 neque
1576 1748 1661 1780 idem
1680 1747 1918 1787 monasterium,

1185 1813 1291 1846 neque
1317 1801 1395 1835 illud
1420 1802 1448 1834 S.
1474 1801 1692 1834 Scliolasticae
1717 1802 1784 1834 ulla
1809 1801 1921 1833 viatica

1187 1855 1353 1890 monachis
1390 1866 1406 1888 e
1444 1855 1641 1887 monasterio
1674 1853 1760 1887 Sacri
1799 1853 1921 1897 Specus

1186 1908 1431 1942 discedentibus
1466 1908 1624 1951 praebere
1662 1912 1844 1940 teneantur.
1877 1925 1922 1930 ——

1186 1974 1234 1997 111.
1253 1963 1347 1995 Prior
1372 1967 1402 1995 et
1427 1961 1612 1995 cellerarius
1630 1960 1818 1994 monasterii
1834 1960 1921 1993 Sacri
1950 1960 1953 1962 “

1185 2017 1305 2061 Specus
1332 2016 1473 2049 rationes
1497 2015 1621 2059 accepti
1648 2020 1679 2048 et
1703 2014 1842 2058 impensi
1867 2014 1922 2047 de-

1186 2071 1286 2110 canis,
1325 2069 1461 2112 singulis
1498 2068 1674 2107 mensibus,
1701 2067 1809 2101 abbati
1846 2077 1922 2100 vero

1187 2122 1374 2156 monasterii
1404 2121 1435 2154 S.
1463 2121 1681 2154 Scholasticae
1719 2121 1818 2153 semel
1844 2131 1923 2164 quo-

1186 2177 1265 2210 libet
1290 2186 1384 2216 ann0‚
1410 2176 1449 2209 ad
1475 2175 1611 2208 formam
1636 2180 1828 2207 statutorum
1845 2174 1925 2208 Con·

1188 2230 1387 2273 greg-ationis
1398 2229 1607 2268 Cassinensis,
1620 2229 1759 2262 reddere
1773 2228 1922 2261 debeant.

1187 2303 1230 2307 —
1247 2294 1288 2317 1v.
1305 2283 1398 2316 Prior
1415 2282 1604 2315 monasterii
1620 2281 1707 2315 Sacri
1723 2282 1842 2325 Specus
1861 2283 1925 2315 cel-

1187 2337 1340 2371 lerarium
1365 2336 1543 2376 nominare,
1571 2341 1601 2368 et
1618 2336 1762 2379 capitulo
1780 2336 1925 2379 generali

1188 2391 1274 2424 iuxta
1298 2400 1421 2423 morem
1444 2388 1709 2432 Congregationis
1727 2388 1925 2422 Cassinensis

1187 2448 1399 2488 praesentare
1434 2443 1550 2486 possit.
1576 2461 1620 2465 —-
1655 2453 1684 2475 v.
1709 2441 1856 2475 Monachi
1889 2452 1925 2475 ac

1188 2498 1288 2532 oblati
1315 2507 1371 2530 seu
1397 2496 1540 2529 conversi
1571 2496 1602 2528 in
1621 2496 1819 2529 monasterio
1838 2495 1924 2529 Sacri

1188 2552 1310 2596 Specus
1336 2551 1500 2594 degentes,
1526 2549 1578 2582 ubi
1600 2549 1850 2593 aegrotaverint,
1869 2549 1926 2582 ibi-

1189 2605 1261 2638 dem
1293 2603 1397 2637 curari
1423 2604 1574 2644 valeant,
1611 2603 1767 2647 priorque
1804 2602 1850 2635 eis
1885 2602 1924 2636 de

1188 2658 1330 2701 medico,
1364 2657 1517 2702 chirurgo
1543 2668 1578 2692 ac
1602 2655 1788 2702 pharmacis
1814 2665 1925 2690 neces-

2171 2072 2182 2087 ,ι
2164 951 2182 2060 Μὼαὴψψψῌ-
2179 929 2182 934 .

2161 2143 2182 2243 ,ἐκώ
