2182 3137
37 233 87 258 An.
107 228 137 257 C.
151 228 224 255 1730

65 382 176 409 Stipendia
201 384 220 402 in

38 411 92 432 omni
106 410 218 434 scriptura

37 443 83 458 ruin
98 441 175 461 genere
186 441 218 455 se-

37 462 128 484 cretario
168 467 219 482 assi-

37 491 108 514 gnata.

56 2319 189 2340 oeconomus
204 2326 216 2340 a

34 2345 178 2367 definitoribus
185 2352 216 2366 so-

37 2371 137 2418 ligendus:
147 2379 160 2393 a
175 2379 216 2399 qun

66 2398 205 2420 deiunsoriain

36 2425 156 2446 cautionem
181 2432 216 2446 ae-

36 2450 121 2477 etpiani.

858 226 999 249 CLEMENS
1024 227 1068 249 XII
1094 227 1142 250 PP.

230 275 309 305 mine
325 275 488 313 debentur,
507 275 601 314 palam
618 279 645 304 et
662 275 776 314 praesto
792 273 913 309 habeat,
931 278 974 311 ut,

231 329 372 363 quantum
388 324 459 353 solvi
478 328 620 362 oporteat,
640 322 775 352 omnibus
794 322 974 351 innotescat:

272 373 328 402 Pro
361 373 537 409 matricula,
571 371 647 410 quod
680 371 768 400 titulo
799 379 857 399 xx11
890 380 974 409 prae-

231 420 387 457 scribitur,
413 430 463 459 pro
495 420 709 458 incorporando
733 419 819 449 unius
843 419 888 448 vel
912 419 976 458 plu-

230 470 308 499 rium
331 478 469 498 cursuum
490 468 670 504 testimonio,
688 467 796 505 regalia
820 467 898 504 duo,
923 477 974 506 pro

231 517 398 547 testimonio
427 517 596 546 matriculae
619 516 853 555 uniuscuiusque
882 516 973 554 anni,

230 565 329 603 regale
364 574 475 600 unum;
510 574 562 603 pro
590 565 758 594 testimonio
787 565 974 594 uniuscuius-

230 622 287 652 que
319 622 425 643 cursus
458 613 487 642 in
521 613 653 652 qualibet
687 614 843 648 facultate,
875 613 973 652 sesqui

230 662 346 700 regale3
379 671 430 701 pro
465 663 632 691 testimonio
665 662 900 701 uniuscuiusque
932 662 975 691 le-

230 716 351 748 cturae,
376 711 619 749 propugnationis
642 711 790 744 thesium,
815 715 864 740 aut
893 720 974 750 prae-

229 760 372 790 sidentiae
395 764 422 789 et
444 759 661 789 substitutionis
678 760 844 796 cathedrae,
864 761 973 798 regalia

229 809 308 845 duo,
333 818 384 847 pro
413 809 538 846 singulis
572 809 665 838 titulis
698 809 865 848 impressis,
900 819 974 847 quos

229 857 443 896 subscriptione
473 858 634 895 munierit,
659 857 765 895 regalis
794 858 971 894 dimidium,

229 915 282 945 pro
306 906 472 935 testimonio
502 906 695 945 possessionis
724 906 899 943 cathedrae,
928 916 971 936 re-

228 955 303 993 galia
327 960 473 994 quatuor·,
498 965 549 994 pro
572 955 739 985 testimonio
772 956 878 993 gradus
906 955 974 985 bac-

231 1004 371 1040 calaurei,
397 1004 550 1038 licentiati,
575 1004 715 1039 doctoris,
733 1009 783 1033 aut
804 1004 973 1043 incorpora-

230 1051 320 1081 tionis
336 1052 364 1080 in
383 1052 514 1090 qualibet
531 1052 679 1085 facultate,
700 1052 809 1090 regalia
826 1058 972 1091 quatuor,

230 1109 282 1138 pro
305 1101 476 1130 testimonio
500 1103 598 1139 praxis
621 1101 766 1130 biennalis
788 1101 970 1139 medicinae,

230 1149 338 1186 regalia
371 1154 456 1185 octo,
482 1159 533 1188 pro
556 1150 724 1179 testimonio
757 1150 881 1180 alicuius
903 1160 971 1179 con-

234 1197 382 1229 cessionis.
399 1201 448 1226 aut
464 1197 611 1236 privilegii
634 1198 846 1235 universitatis,
863 1199 971 1236 regalia

229 1245 360 1282 triginta,
386 1246 430 1275 vel
455 1246 519 1284 plus
543 1247 677 1275 minusve
693 1271 700 1283 ,
725 1247 839 1276 ratione
862 1247 972 1276 laboris

230 1294 443 1333 impendendi,
462 1304 513 1333 pro
533 1296 699 1324 testimonio
722 1295 847 1325 alicuius
869 1296 971 1326 statuti

229 1343 416 1379 academiae,
441 1343 549 1380 regalia
573 1348 710 1382 quatuor.
740 1350 748 1356 ·

270 1390 326 1420 Pro
340 1391 462 1429 reliquis
476 1396 572 1420 autem
586 1392 752 1431 scripturis,
766 1402 839 1431 quae
852 1402 880 1422 in
894 1393 972 1423 hisce

230 1440 493 1469 constitutionibus
516 1446 733 1477 memorantur,
764 1442 839 1480 quod
864 1442 973 1481 ubique

229 1488 461 1526 praescribitur,
491 1489 683 1527 persolvetur.
712 1490 765 1519 Pro
794 1491 852 1519 illis
882 1500 971 1527 vero,

230 1545 281 1574 pro
304 1536 422 1575 quibus,
440 1539 507 1575 quia
533 1538 576 1566 vel
599 1539 665 1567 raro
682 1538 725 1567 vel
742 1544 822 1567 extra
840 1539 972 1568 ordinem

230 1585 305 1614 tradi
323 1587 482 1623 continget,
501 1591 580 1615 certa
601 1588 698 1624 regula
717 1588 832 1617 definiri
850 1598 907 1617 non
926 1598 974 1627 po-

229 1637 295 1670 test,
309 1634 396 1663 veluti
415 1644 465 1673 pro
482 1636 654 1664 testiinonii¹
669 1637 710 1665 vel
729 1637 837 1666 decreti
855 1638 972 1666 concilii

228 1682 400 1720 academici,
419 1684 462 1712 vel
483 1685 573 1722 partis
596 1685 736 1720 eiusdem,
757 1689 806 1714 aut
829 1685 972 1714 brevioris

228 1735 277 1760 aut
293 1732 469 1770 prolixioris,
484 1732 545 1761 sive
561 1733 718 1761 rationein2
737 1733 926 1769 redditurum,
944 1739 972 1763 et

227 1779 257 1809 id
280 1790 371 1817 genus
389 1781 542 1816 similium,
560 1782 738 1820 stipendium
762 1783 905 1812 eiusmodi
929 1793 973 1813 se-

228 1830 371 1858 cretarius
387 1831 500 1867 exiget,
514 1830 603 1868 quod,
618 1831 730 1860 rationo
748 1830 846 1859 habita
864 1831 971 1860 laboris

228 1877 365 1916 impensi,
383 1888 508 1916 aequum
532 1884 560 1907 et
583 1879 692 1908 iustum
717 1879 750 1907 ad
774 1881 972 1909 conscientiae

229 1934 362 1955 normam
387 1927 565 1956 aestimabit.
581 1928 670 1966 Sique
694 1928 800 1966 aliquis
818 1938 868 1967 pro
893 1929 971 1958 hisce

228 1974 317 2004 rebus
334 1976 424 2005 iiiiiiio
447 1986 477 2005 se
499 1977 562 2012 cogi
586 1977 740 2015 dispendio
763 1978 886 2017 putabit,
905 1988 972 2008 can-

231 2023 384 2052 cellarium
409 2025 513 2058 adeat,
538 2025 572 2053 ad
606 2026 690 2054 cuius
723 2027 920 2063 coguitionem
943 2032 971 2056 et

229 2072 314 2101 fidem
339 2072 498 2111 pertinebit
522 2074 686 2111 providere,
707 2079 738 2104 ut
760 2075 895 2113 exigendi
913 2085 972 2105 mo·

229 2121 297 2151 dum
321 2122 498 2151 secretarius
522 2132 579 2151 uon
603 2124 735 2152 excedat.

227 2196 290 2226 Tit.
314 2196 422 2226 XXXV.
442 2216 482 2220 —
498 2197 536 2226 De
558 2208 698 2227 oeconomo
714 2222 720 2233 ,
743 2209 789 2227 seii
812 2200 972 2228 i’cdrli'tuum

393 2247 549 2275 academiae
571 2248 803 2277 administratam.

269 2316 460 2345 Definitorum
494 2317 650 2346 concilium
667 2342 673 2354 ‚
708 2318 844 2347 idoneum
883 2318 972 2348 bono-

229 2373 294 2393 rum
311 2365 477 2394 academiae
496 2366 762 2395 administratorem
779 2367 900 2403 creabit,
921 2369 970 2406 qui

229 2413 329 2441 eadem
353 2417 430 2442 sarta
454 2417 527 2442 tecta
552 2424 724 2444 conservare
740 2416 899 2453 diligenter
921 2427 971 2446 cu—

229 2466 293 2499 ret,
318 2471 351 2491 ac
385 2462 540 2499 redditus,
565 2468 725 2501 proventus
747 2469 773 2493 et
798 2465 912 2495 fructus
935 2465 970 2495 ad

229 2510 359 2539 eamdem
385 2511 565 2549 pertinentes
587 2512 690 2541 sedulo
712 2522 745 2541 ac
768 2513 895 2543 fideliter
911 2514 970 2543 col-

266 2570 275 2595 1
300 2568 365 2599 [γε.
388 2569 558 2594 testimoniis
579 2569 619 2594 vet
641 2570 805 2596 (estimonio
825 2576 862 2599 (a.
884 2572 934 2599 in).

264 2612 279 2637 Q
301 2611 365 2645 Leg.
387 2613 536 2639 rationum
556 2614 594 2646 (ii.
612 2613 651 2646 τ.)

1019 273 1110 310 ligere
1122 274 1235 304 debeat.
1250 276 1418 306 Cautionem
1433 281 1529 307 tamen
1547 277 1758 307 fideiussoriam

1019 321 1054 350 ab
1071 323 1172 352 eodem
1188 325 1357 363 postulabit,
1372 335 1424 355 nec
1438 327 1493 355 nisi
1512 326 1644 364 diligenti
1663 327 1760 366 inqui-

1018 370 1124 400 sitione
1147 373 1364 410 comprobatam
1392 375 1535 404 admittat.
1561 375 1668 405 Deinde
1693 385 1759 406 vero

1018 422 1168 457 tamquam
1185 420 1333 458 legitimus
1349 431 1526 452 oeconomus
1544 424 1681 461 exigendi
1699 433 1760 454 mu-

1018 476 1072 495 nus
1094 467 1155 505 ipse
1177 468 1338 506 suscipiat,
1362 470 1500 509 dabitque
1523 481 1660 510 operam,
1686 473 1758 503 nihil

1017 515 1133 545 incuria
1156 519 1209 545 sua
1232 523 1348 555 pereat,
1373 519 1446 548 nihil
1469 521 1633 550 inexactum
1657 531 1760 560 super-

1018 563 1066 600 sit,
1092 564 1169 602 quod
1193 567 1280 594 etiam
1304 566 1443 603 legitimis
1459 568 1641 598 documentis
1665 574 1760 600 osten-

1017 611 1086 641 dere
1116 616 1260 642 teneatur.
1292 614 1411 652 Accepti
1440 626 1557 655 quoque
1591 617 1706 647 tabulas
1728 618 1758 648 in

1017 665 1155 698 promptu
1179 661 1304 691 habeant
1321 664 1554 701 ratiocinatores,
1569 670 1600 694 ut
1617 672 1759 704 quantum

1017 708 1045 737 in
1070 708 1154 738 bonis
1176 710 1214 739 sit
1236 711 1402 741 academiae
1417 736 1424 749 ‚
1445 717 1493 742 aut
1517 714 1638 744 cesserit
1659 715 1689 744 in
1713 725 1759 745 ae-

1017 757 1141 793 rarium,
1164 762 1288 787 constet.

1058 805 1287 836 Administi'ator
1310 809 1467 846 quotannis
1491 819 1559 839 suae
1575 811 1759 841 administra-

1017 854 1105 883 tionis
1127 856 1271 885 rationeui
1296 857 1417 894 reddat,
1441 867 1474 886 ac
1497 858 1519 887 si
1543 859 1613 897 quid
1636 860 1671 889 de
1694 870 1761 889 exa-

1017 903 1072 931 ctis
1094 903 1263 933 academiae
1295 905 1457 934 redditibus
1473 907 1549 944 apud
1567 916 1633 935 eum
1657 917 1760 946 super-

1017 952 1086 987 erit,
1114 952 1191 981 intra
1215 953 1277 981 dies
1299 958 1363 982 octo
1382 955 1411 982 iu
1435 955 1601 984 academiae
1625 965 1760 995 compen-

1016 1000 1096 1029 dium
1119 1001 1262 1039 deponat;
1287 1002 1363 1040 quod
1391 1003 1415 1031 si
1438 1008 1615 1040 cunctetur,
1640 1004 1668 1033 in
1693 1014 1760 1034 eum

1017 1050 1170 1079 executive
1200 1051 1386 1088 procedatur.
1411 1051 1481 1081 Pars
1510 1053 1598 1081 etiam
1623 1062 1674 1091 pro
1697 1056 1759 1083 raia

1016 1097 1130 1127 dierum
1153 1098 1259 1128 dilatae
1281 1100 1435 1129 solutionis
1453 1100 1483 1129 iii
1500 1101 1630 1130 eiusdem
1650 1102 1759 1131 salario

1016 1147 1177 1176 deducatur
1198 1148 1227 1177 in
1252 1149 1402 1185 mulctam,
1420 1154 1447 1178 et
1471 1149 1493 1178 si
1518 1160 1575 1188 quo
1599 1151 1758 1180 efficaciori

1016 1197 1146 1226 remedio
1171 1206 1243 1235 opus
1271 1198 1329 1234 sit,
1355 1198 1428 1227 illud
1461 1198 1610 1228 academia
1645 1204 1758 1229 mature

1016 1244 1157 1274 adhibere
1180 1254 1237 1274 non
1261 1246 1488 1284 praetermittat.
1513 1247 1687 1277 Ratiouibus
1710 1249 1760 1278 de-

1018 1302 1095 1322 mum
1119 1294 1271 1323 subductis
1286 1319 1293 1331 ,
1318 1296 1428 1333 accepti
1451 1300 1477 1325 et
1501 1297 1621 1335 expensi
1643 1297 1759 1326 tabulae

1017 1343 1174 1380 protectori
1197 1342 1404 1372 exhibeantur.

1057 1390 1197 1427 Lag-tinne
1220 1391 1342 1420 solvisse
1365 1392 1586 1422 administrator
1613 1402 1669 1422 non
1695 1404 1761 1423 cen-

1016 1443 1128 1476 seatur,
1148 1440 1204 1468 nisi
1229 1449 1280 1478 per
1300 1441 1436 1469 schedam
1454 1450 1467 1469 a
1486 1442 1658 1479 secretario,
1676 1443 1760 1472 scho-

1017 1487 1138 1524 lastico,
1163 1493 1190 1517 et
1213 1488 1328 1517 duobus
1352 1489 1610 1520 ratiocinatoribus
1632 1490 1667 1520 ab
1697 1501 1761 1521 aca-

1016 1535 1115 1564 demia
1137 1536 1301 1572 destinatis,
1325 1537 1534 1575 subscriptam.

1056 1584 1144 1613 Statis
1168 1585 1361 1623 temporibus,
1380 1585 1461 1615 iuxta
1478 1587 1644 1616 sanctiones
1661 1588 1762 1617 acade-

1018 1633 1102 1666 miae,
1119 1642 1215 1662 annua
1234 1634 1448 1671 professoribus
1471 1639 1498 1664 et
1522 1636 1665 1665 ministris
1688 1637 1762 1666 sala-

1017 1681 1059 1710 ria
1084 1683 1250 1720 persolvat,
1275 1692 1330 1721 qua
1355 1683 1383 1712 iii
1406 1693 1438 1712 re
1460 1693 1594 1713 normam
1618 1690 1760 1724 sequatur

1017 1730 1137 1759 omnino
1162 1731 1216 1760 sibi
1238 1740 1252 1760 a
1276 1732 1534 1762 ratiocinatoribus
1559 1734 1762 1772 praescriben-

1016 1778 1094 1815 dam,
1118 1783 1145 1808 et
1168 1789 1182 1808 a
1206 1781 1365 1810 secretario
1387 1780 1636 1818 subsignandaun
1661 1783 1690 1811 iu
1714 1792 1761 1812 cu-

1017 1828 1062 1857 ius
1085 1829 1165 1857 calco
1188 1829 1296 1867 singuli
1320 1830 1501 1868 professores
1524 1835 1552 1860 et
1571 1831 1697 1861 ministri
1715 1842 1761 1861 ac—

1016 1877 1252 1915 ceptilationeui¹
1276 1878 1454 1907 adscribent.

1057 1926 1135 1954 inter
1157 1930 1269 1955 ceteras
1302 1936 1369 1955 vero
1392 1927 1576 1956 conditiones
1599 1932 1626 1956 et
1650 1929 1760 1966 pactio-

1017 1983 1086 2011 nes,
1110 1974 1144 2003 ad
1169 1985 1241 2013 quas
1264 1975 1431 2013 obligetur,
1457 1975 1503 2004 illa
1528 1976 1685 2014 praecipua
1709 1977 1757 2013 sit,

1017 2026 1047 2051 ut
1069 2022 1196 2052 debitam
1220 2028 1248 2052 et
1270 2025 1495 2054 convenientem
1530 2025 1685 2063 pecuniam
1709 2035 1761 2055 iio-

1016 2072 1144 2101 socouiio
1167 2076 1195 2101 et
1217 2073 1384 2102 academiae
1407 2074 1514 2102 sacello
1530 2074 1591 2103 sive
1606 2075 1757 2113 anticipet,

1015 2120 1075 2149 sive
1098 2121 1133 2149 ad
1156 2126 1264 2150 certam
1288 2122 1363 2151 diem
1388 2127 1597 2161 repraesentet.

1056 2170 1216 2199 OEconomo
1239 2171 1268 2199 in
1294 2170 1420 2209 publicis
1445 2171 1610 2200 academiae
1634 2171 1759 2200 functio-

1015 2218 1115 2255 nibus,
1132 2219 1240 2258 quibus
1262 2220 1412 2248 ministros
1435 2219 1578 2248 interes->0
1596 2220 1684 2248 moris
1703 2223 1756 2252 cst,

1016 2268 1166 2307 proximus
1188 2277 1203 2297 a
1227 2268 1383 2297 secretario
1406 2268 1486 2297 locus
1509 2268 1682 2297 destinetur.

1154 2343 1216 2372 Trr.
1242 2343 1362 2373 XXXVI.
1387 2361 1419 2365 7-
1437 2344 1475 2373 De
1497 2345 1618 2380 syndico.

1659 220 1722 253 187
1770 231 1818 256 An.
1841 231 1869 257 c.
1890 231 1957 258 1730

1786 1414 1907 1434 solutiones
1918 1416 1954 1435 ad-

1773 1444 1955 1462 iiiiiiistrfltorisir-

1773 1470 1825 1487 ritae
1841 1468 1880 1487 niSt
1897 1474 1954 1493 prius

1772 1494 1930 1516 subsiziieutiii:

1055 2415 1086 2444 ln
1117 2416 1212 2454 primo
1239 2415 1381 2451 concilio,
1413 2416 1488 2454 quod
1516 2424 1530 2443 a
1556 2416 1628 2443 festo
1650 2415 1679 2443 S.
1705 2414 1818 2450 Lii-onis
1834 2429 1950 2455 nquinat»

1015 2474 1065 2494 cae
1088 2464 1307 2501 convocabitur‚
1333 2464 1480 2502 syndicus,
1498 2464 1531 2492 ad
1550 2468 1661 2493 certum
1685 2468 1757 2493 tein-

1016 2522 1068 2552 pus
1095 2522 1146 2552 pro
1178 2513 1219 2541 rei
1248 2512 1467 2551 opportunitate
1499 2512 1754 2550 prwtiniendum,

1015 2562 1151 2599 eligatur,
1169 2561 1218 2600 qui
1242 2562 1388 2599 professor
1409 2561 1526 2599 quidem
1551 2561 1578 2590 iii
1603 2561 1755 2590 academia

1052 2615 1062 2640 t
1088 2614 1133 2640 Vel
1154 2614 1242 2648 potius
1265 2614 1375 2648 accepti
1394 2614 1539 2641 ritlz'oiiem
1559 2616 1597 2647 (ii.
1611 2618 1660 2642 τ.).

1768 2455 1877 2479 eligendus
1901 2462 1950 2482 syu-

1767 2482 1835 2502 dicus.
