2182 3137
44 245 102 278 SAR.
123 244 155 273 C.
171 244 239 273 1732

864 245 1006 285 CLEMEN‘S
1032 245 1077 268 x11
1100 246 1151 269 PP.

246 293 315 324 CAP.
333 293 380 323 XI.
399 312 434 315 —
453 293 493 323 De
507 294 647 332 praefecto
668 301 762 321 rerum
784 291 987 330 spiritualium.

287 351 306 371 1.
324 341 355 371 In
370 341 504 371 omnibus
521 339 707 370 monasteriis
719 339 918 377 designandus
934 340 991 368 erit

246 391 412 430 praefectus
430 399 528 419 rerum
544 389 761 428 spiritualium,
780 388 863 418 cuius
884 397 990 417 munus

246 438 284 468 sit
311 438 508 468 consessiones
532 436 741 466 monachorum
765 436 919 474 excipere,
943 444 991 465 eo-

246 497 371 526 rumque
393 487 555 526 profectum
577 486 607 515 in
630 485 738 524 spiritu
761 494 947 523 promovere.

286 545 316 565 11.
341 535 542 573 Cognitionem
564 535 663 573 itaque
685 533 812 562 instituti
835 532 939 562 habeat
962 537 989 562 et

247 585 342 614 zelum
365 584 433 614 boni
457 592 629 623 progressus
651 582 791 620 fratrum,
816 592 901 621 quem
925 592 991 621 pro-

247 643 351 663 curare
373 633 459 663 debet
490 633 579 667 verbo
601 637 629 662 et
652 632 797 671 exemplo.
827 631 989 661 Amabilem

247 687 398 721 praeterea
423 693 453 712 se
476 683 518 712 eis
540 683 686 720 exhibeat,
703 687 735 712 ut
750 682 785 711 ad
801 691 866 711 eum
888 690 989 710 omnes

247 732 428 770 confugiant,
453 732 692 771 confidenterque
714 740 765 761 sua
788 731 885 760 omnia
909 730 990 760 dete-

246 785 328 819 gant,
351 785 380 810 et
407 780 443 810 ab
475 790 508 811 eo
541 781 771 811 consolationem
794 785 822 809 et.
844 779 988 809 auxilium

246 835 365 869 sperent
386 830 416 859 in
437 830 571 860 Domino.

285 888 327 909 111.
351 879 480 909 Instrnat
502 880 659 909 monachos
675 879 811 919 privatim
828 879 988 908 secundum

246 928 481 967 uniuscuiusque
503 933 631 967 captum,
650 928 821 968 praesertim
838 932 869 957 nt
885 937 987 967 puram

244 975 440 1006 intentionem
473 976 564 1006 divini
597 977 712 1006 servitii
733 976 876 1011 habeant,
899 981 927 1006 et
949 977 989 1005 fa-

245 1025 445 1055 miliaritatem
468 1035 534 1055 cum
550 1026 607 1056 Deo
630 1026 660 1056 in
683 1026 885 1066 spiritualibus
901 1026 988 1055 devo-

246 1073 336 1104 tionis
359 1075 520 1105 exercitiis.

285 1131 321 1152 iv.
350 1123 433 1153 Petat
468 1133 553 1163 quem
591 1123 767 1163 procedendi
804 1123 921 1152 modum
958 1124 987 1153 in

246 1171 407 1201 orationem
431 1171 566 1207 habeant,
587 1177 614 1201 et
637 1181 672 1200 an
697 1175 798 1201 contra
822 1181 889 1201 suos
911 1171 989 1201 defe-

245 1224 310 1250 ctus
343 1230 464 1250 examen
498 1221 674 1260 particulare
697 1220 875 1257 observent3
900 1225 928 1250 et
951 1230 987 1250 an

243 1274 348 1299 contra
370 1269 552 1299 inordinatos
575 1270 696 1299 affectus
721 1269 837 1308 propria
861 1269 987 1298 remedia

247 1318 413 1353 adhibeant,
438 1324 466 1348 et
488 1320 517 1348 in
541 1319 641 1348 solidis
659 1318 815 1348 virtutibus
837 1319 988 1357 acquiren-

247 1366 303 1404 dis,
335 1368 507 1406 praesertin]
541 1368 725 1404 obedientiai,
750 1377 847 1397 amore
880 1367 929 1397 Dei
961 1372 988 1397 et

242 1417 384 1456 proximi,
409 1417 513 1456 quibus
536 1421 657 1447 utantur
679 1417 794 1455 mediis,
814 1421 841 1446 et
864 1417 899 1446 de
923 1426 989 1455 poe<

246 1465 380 1495 nitentiis
401 1470 429 1495 et
452 1466 516 1495 aliis
540 1466 654 1505 pietatis=
676 1465 945 1496 exercitationibus.

289 1524 318 1543 v.
342 1514 496 1544 Versatum
519 1524 584 1544 eum
609 1519 723 1554 oportet
739 1524 801 1544 esse
817 1515 847 1544 in
863 1515 988 1544 lectione

247 1562 391 1593 librorum
408 1564 617 1602 spiritualium,
632 1568 659 1593 et
675 1564 833 1603 unicuique
852 1564 989 1593 decernat

247 1615 361 1650 tempus
384 1617 411 1641 et
434 1612 553 1642 modum
575 1622 641 1641 cum
670 1613 764 1642 fructu
788 1622 836 1642 eos
859 1613 985 1651 legendi.

287 1669 326 1690 vi.
351 1661 532 1691 Peculiarem
556 1672 655 1691 curam
680 1661 784 1691 habeat
816 1662 986 1691 consolandi

245 1709 371 1739 afflictos
394 1714 421 1739 et
444 1711 557 1749 tepidos
580 1711 768 1749 exhortandi,
786 1711 916 1741 remedia
935 1721 987 1750 pro

245 1759 390 1798 cuiusque
412 1761 583 1790 necessitate
607 1760 782 1797 adhibendo,
800 1761 895 1800 qualia
920 1765 987 1791 sunt

244 1807 429 1846 frequentius
459 1809 650 1839 consessionis
677 1815 704 1839 et
726 1810 921 1839 eucharistiae
943 1820 988 1840 sa-

246 1860 394 1886 cramenta
417 1856 510 1894 obire,
535 1858 600 1897 plus
622 1858 762 1897 temporis
785 1859 910 1888 orationi
932 1859 985 1888 im-

246 1905 387 1943 pendere,
405 1905 470 1944 plus
486 1906 596 1945 aliquid
613 1907 809 1945 poenitentiae
825 1916 984 1944 assumere,

246 1953 338 1983 libros
360 1954 473 1993 aliquos
500 1955 668 1994 spirituales
690 1956 798 1994 legere,
815 1960 844 1986 et
866 1956 984 1986 siinilia.

245 1998 439 2041 Praecipuam
458 2013 527 2033 vero
550 2013 649 2033 curam
672 2004 808 2034 adhibeat
830 2005 907 2034 circa
927 2014 987 2034 mo-

246 2051 357 2081 nachos
379 2052 479 2087 laicos,
499 2062 590 2082 novos
606 2054 780 2092 praesertim
799 2057 827 2083 et
846 2053 986 2084 infirmio-

244 2109 304 2138 reS,
325 2105 356 2130 ut
379 2101 469 2140 quieti
492 2101 560 2138 sint,
579 2106 606 2131 et
625 2107 701 2131 sorte
716 2102 844 2132 Marthae
867 2108 985 2133 conten-

244 2149 288 2187 ti,
313 2150 479 2189 dirigatque
503 2160 551 2180 eos
578 2150 627 2180 ubi
650 2161 722 2190 opus
744 2151 842 2181 suerit.
867 2151 986 2182 Praeter

244 2207 294 2228 eos
318 2208 405 2236 vero,
429 2209 502 2238 quos
523 2199 594 2229 satis
615 2200 777 2230 instructos
799 2200 888 2230 abbas
911 2201 986 2231 iudi-

243 2248 364 2282 caverit,
386 2258 452 2277 cum
474 2258 651 2288 unoquoque
673 2258 762 2287 agere
785 2249 820 2279 de
843 2250 886 2279 bis
910 2250 983 2280 ultra

244 2306 374 2327 mensem
398 2307 456 2327 non
473 2298 598 2327 differat.
616 2297 708 2337 Saepe
724 2308 792 2328 vero
807 2299 983 2339 consideret,

243 2354 332 2385 quem
355 2346 482 2376 fructum
505 2346 647 2377 bonorum
666 2357 786 2386 operum
803 2358 837 2377 ex
852 2349 984 2379 oratione

244 2399 273 2425 et
290 2395 477 2425 meditatione
501 2400 529 2425 et
550 2405 585 2426 ex
601 2396 723 2436 reliquis
745 2396 832 2427 rebus
847 2397 985 2437 spiritua-

243 2443 323 2474 libus
345 2444 496 2483 colligant,
515 2445 591 2474 utin
614 2445 675 2475 dies
698 2446 789 2484 magis
811 2447 840 2476 in
863 2447 984 2477 Domino

245 2493 411 2533 proficiant.

285 2550 335 2572 vn.
354 2542 387 2572 ln
409 2542 454 2571 his
477 2542 612 2573 omnibus
635 2542 742 2580 videat,
766 2553 802 2574 ne
826 2544 898 2574 ordo
921 2545 986 2575 uni-

243 2591 351 2631 cuique
382 2591 578 2631 praescriptus
609 2591 810 2631 impediatur,
834 2593 890 2623 nisi
918 2603 983 2624 cum

236 2638 335 2670 -abbas
356 2640 441 2670 aliter
463 2639 647 2671 iudicaverit.

1074 302 1133 322 vm.
1157 293 1260 324 Curam
1284 295 1389 325 habeat
1411 296 1600 334 novitiorum,
1624 297 1648 325 si
1671 296 1721 335 qui
1743 296 1774 326 in

1035 343 1214 372 monasterio
1240 344 1349 373 fuerint
1363 368 1370 382 ,
1394 344 1451 374 nisi
1473 344 1508 374 ab
1531 345 1634 375 abbate
1656 345 1775 375 aliunde

1034 395 1237 428 prospectum,
1261 396 1289 421 et
1311 401 1379 430 erga
1403 402 1452 422 eos
1474 393 1632 423 observare
1658 393 1774 423 studeat

1034 446 1107 476 quae
1130 438 1210 467 iuxta
1230 440 1346 477 regulas
1368 441 1501 479 magistri
1525 442 1703 472 novitiorum
1722 442 1772 472 oh-

1034 486 1144 515 servari
1166 488 1317 517 commode
1340 493 1488 527 poterunt.

1074 543 1113 563 lx.
1137 534 1339 565 Consessiones
1362 538 1571 567 monachorum
1595 539 1708 575 audiet,
1733 544 1773 575 et,

1034 583 1058 611 si
1080 582 1169 613 abbas
1191 584 1383 622 iudicaverit,
1407 586 1500 616 eidem
1523 588 1613 617 alium
1635 589 1679 617 vel
1703 589 1775 618 alios

1034 631 1192 670 adiungere
1216 633 1338 671 poterit,
1365 644 1423 663 non
1447 640 1544 664 autern
1569 636 1666 674 plures
1685 646 1772 675 quam

1034 684 1169 718 quatuor,
1194 685 1221 710 et
1244 681 1363 720 quidem
1387 682 1416 711 in
1439 684 1690 722 frequentioribus
1713 694 1775 715 rno—

1034 729 1172 759 nasteriis
1196 733 1319 759 tantum.

1099 778 1169 809 CAP.
1192 779 1252 809 XII.
1276 798 1315 803 --
1337 780 1377 810 De
1396 784 1539 820 praefecta
1562 783 1701 812 ecclesiae.

1073 837 1093 858 1.
1117 828 1285 859 Praefectus
1317 830 1457 860 ecclesiae
1480 831 1515 860 ab
1541 831 1644 861 abbate
1667 833 1776 862 consti-

1033 877 1126 907 tuitur
1143 902 1150 915 ,
1175 878 1259 907 cuius
1289 879 1416 908 officium
1449 885 1493 909 est
1515 890 1561 910 res
1583 881 1724 911 ecclesiae
1747 886 1776 911 et

1033 926 1115 955 chori
1148 927 1295 956 custodire
1327 932 1354 957 et
1380 938 1504 967 curare,
1528 933 1560 958 ut
1583 929 1681 959 divina
1712 930 1775 959 offi-

1032 975 1075 1005 cia
1098 985 1150 1005 suo
1173 980 1304 1015 tempore
1327 977 1466 1007 decenter
1489 988 1521 1007 ae
1543 977 1639 1008 debite
1664 979 1744 1008 siant.

1072 1034 1102 1054 11.
1123 1024 1154 1054 ln
1178 1026 1280 1064 primis
1313 1026 1429 1056 habebit
1454 1027 1651 1057 inventarium
1675 1037 1773 1058 rerum

1033 1073 1163 1103 omnium
1197 1074 1232 1103 ad
1266 1075 1420 1105 ecclesiam
1444 1080 1473 1105 et
1494 1076 1616 1105 chorum
1639 1081 1775 1115 spectan-

1032 1121 1118 1159 tium,
1136 1127 1193 1151 tam
1211 1123 1242 1152 in
1265 1123 1350 1153 libris
1373 1134 1459 1163 quam
1481 1124 1511 1153 in
1534 1125 1625 1154 sacris
1642 1125 1774 1154 vestibus

1032 1174 1060 1199 et
1076 1171 1161 1207 vasis,
1177 1171 1317 1211 aliisque,
1336 1174 1418 1202 cuius
1431 1173 1588 1203 inventarii
1605 1173 1661 1203 duo
1677 1183 1774 1203 exem-

1032 1220 1077 1258 pla
1101 1225 1199 1258 erunt,
1223 1222 1348 1251 alterum
1372 1231 1460 1261 penes
1482 1223 1588 1262 ipsum,
1603 1223 1727 1252 alterum
1743 1223 1774 1253 in

1032 1269 1164 1299 archivio
1186 1271 1358 1300 monasterii
1379 1294 1386 1307 ,
1409 1271 1439 1300 in
1470 1281 1526 1310 quo
1559 1272 1722 1310 scripturae
1745 1277 1774 1301 et

1031 1317 1226 1348 instrumenta
1255 1324 1454 1349 asservantur.
1479 1320 1513 1349 Et
1541 1320 1657 1359 qnando
1680 1330 1773 1350 novus

1031 1367 1171 1397 ecclesiae
1188 1369 1352 1407 praefectus
1367 1369 1544 1407 instituitur,
1559 1379 1656 1399 coram
1668 1369 1773 1400 abbate

1031 1421 1059 1445 et
1081 1426 1238 1446 oeconomo
1254 1418 1397 1447 rationem
1421 1428 1520 1447 rerum
1543 1419 1674 1448 omnium
1693 1419 1771 1449 iuxta

1031 1465 1229 1495 inventarium
1252 1467 1347 1505 exiget
1369 1478 1383 1497 a
1407 1468 1640 1507 praedecessore.

1071 1524 1112 1544 111.
1136 1515 1254 1545 Librum
1278 1517 1365 1546 etiam
1393 1516 1498 1546 habeat
1526 1517 1584 1546 dati
1608 1521 1636 1546 et
1659 1517 1769 1556 accepti

1031 1573 1083 1602 pro
1105 1564 1246 1594 ecelesiae
1269 1565 1421 1604 expensis,
1446 1569 1477 1594 ut
1500 1565 1644 1595 rationem
1673 1565 1771 1595 abbati

1031 1622 1207 1652 unoquoque
1230 1623 1329 1643 mense
1351 1614 1473 1643 reddere
1497 1614 1598 1653 possit.

1070 1670 1108 1691 iv.
1132 1662 1336 1701 Eleemosynas
1367 1673 1552 1702 quocumque
1579 1663 1664 1692 modo
1686 1663 1773 1693 obve-

1031 1711 1163 1748 nientes,
1188 1715 1215 1741 et
1237 1712 1376 1750 pecunias
1407 1722 1458 1751 pro
1481 1712 1703 1742 manutentione
1726 1723 1773 1742 ec-

1030 1760 1137 1790 clesiae
1159 1761 1306 1797 collectas,
1323 1761 1399 1800 apud
1418 1770 1608 1791 oeconomum
1632 1761 1769 1800 deponat,

1031 1813 1063 1838 ut
1085 1809 1114 1838 in
1137 1811 1206 1838 arca
1228 1814 1418 1848 reponantur,
1443 1810 1526 1839 cuius
1548 1810 1658 1839 clavem
1683 1820 1770 1839 unam

1031 1857 1135 1887 habeat
1154 1858 1253 1896 abbas,
1271 1859 1391 1887 alteram
1410 1859 1473 1897 ipse
1488 1868 1673 1888 oeconomus.
1691 1858 1770 1894 Quae

1031 1916 1099 1935 vero
1119 1916 1171 1945 pro
1188 1907 1285 1936 missis
1306 1907 1488 1936 celebrandis
1510 1907 1623 1937 oblatae
1645 1907 1768 1945 fuerint,

1030 1954 1186 1992 diligenter
1207 1955 1355 1985 describat
1377 1956 1406 1984 in
1430 1955 1538 1985 tabella
1559 1956 1720 1993 sacristiae,
1738 1961 1770 1987 ut

1029 2004 1136 2033 missae
1159 2004 1294 2033 dicantur
1320 2003 1481 2033 secundum
1505 2004 1698 2034 intentionem
1722 2004 1770 2034 be-

1029 2053 1230 2089 nefactorum,
1248 2058 1276 2083 et
1299 2057 1416 2082 notetur
1438 2053 1467 2082 in
1490 2053 1576 2090 libro,
1600 2063 1657 2093 quo
1680 2054 1726 2083 die
1741 2058 1770 2083 et

1029 2112 1044 2131 a
1067 2112 1124 2141 quo
1146 2102 1295 2132 sacerdote
1318 2101 1486 2131 earumdem
1510 2102 1591 2132 oneri
1614 2102 1701 2132 suerit
1725 2112 1770 2132 sa-

1027 2152 1184 2181 tissactum.

1068 2212 1096 2231 v.
1120 2202 1247 2240 Satagat,
1265 2206 1296 2232 ut
1312 2202 1476 2231 necessaria
1499 2201 1534 2231 ad
1557 2201 1687 2231 divinum
1707 2203 1769 2232 cul-

1028 2253 1089 2279 tum
1112 2260 1168 2279 non
1193 2250 1309 2288 desint,
1330 2254 1361 2280 ut
1394 2250 1495 2279 altaria
1530 2250 1588 2280 sint
1610 2249 1718 2279 munda
1741 2256 1769 2280 et

1028 2299 1101 2329 bene
1124 2304 1309 2338 praeparata,
1333 2304 1420 2339 atque
1443 2303 1474 2329 ut
1495 2308 1562 2328 vasa
1595 2308 1675 2329 sacra
1690 2324 1698 2338 ,
1722 2309 1768 2329 or-

1027 2353 1163 2378 namenta
1181 2371 1188 2385 ,
1212 2348 1278 2378 libri
1303 2352 1331 2378 et
1353 2353 1447 2378 cetera
1470 2348 1566 2378 onmia
1590 2348 1618 2377 in
1642 2348 1703 2377 suis
1726 2349 1767 2379 lo-

1028 2398 1070 2427 cis
1091 2402 1157 2436 apte
1179 2402 1360 2436 reponantur
1381 2402 1409 2426 et
1431 2401 1650 2426 conserventur.
1674 2397 1767 2428 Panni

1027 2456 1129 2476 omnes
1154 2446 1223 2476 linei
1255 2455 1372 2485 semper
1402 2445 1502 2475 mundi
1528 2450 1683 2476 serventur
1701 2471 1708 2484 ‚
1739 2450 1768 2477 et

1027 2496 1186 2535 separatim
1209 2495 1370 2534 corporalia
1394 2498 1422 2524 et
1445 2494 1644 2533 purificatoria
1668 2495 1767 2526 laven·

1028 2548 1086 2574 tur.
1110 2543 1201 2583 Saepe
1216 2543 1303 2573 etiam
1326 2552 1373 2572 res
1395 2543 1585 2582 pretiosiores
1607 2543 1713 2582 visitet,
1729 2554 1767 2575 ne

1027 2596 1077 2622 aut
1099 2592 1254 2622 laedantur
1269 2595 1320 2622 aut
1335 2591 1520 2622 amittantur:
1546 2592 1658 2632 templi,
1682 2602 1767 2632 para-

1027 2645 1216 2680 mentorum,
1241 2641 1382 2671 librorum
1410 2641 1637 2671 instaurationes
1659 2646 1763 2682 curet,

1672 238 1738 272 359
1784 248 1836 275 An.
1854 248 1886 276 c.
1903 249 1971 277 1732

1801 867 1804 870 Ι
1831 840 1897 865 Ipsius
1925 842 1970 863 offi-

1787 872 1851 888 cmm.
