<?xml version="1.0" encoding="UTF-8"?>
<!DOCTYPE html PUBLIC "-//W3C//DTD XHTML 1.0 Transitional//EN"
    "http://www.w3.org/TR/xhtml1/DTD/xhtml1-transitional.dtd">
<html xmlns="http://www.w3.org/1999/xhtml" xml:lang="en" lang="en">
 <head>
  <title>
</title>
<meta http-equiv="Content-Type" content="text/html;charset=utf-8" />
  <meta name='ocr-system' content='tesseract 3.04.00' />
  <meta name='ocr-capabilities' content='ocr_page ocr_carea ocr_par ocr_line ocrx_word'/>
</head>
<body>
  <div class='ocr_page' id='page_1' title='image "./bullarumdiplomat23cath_0467.png"; bbox 0 0 2182 3137; ppageno 0'>
   <div class='ocr_carea' id='block_1_1' title="bbox 45 287 233 316">
    <p class='ocr_par' dir='ltr' id='par_1_1' title="bbox 45 287 233 316">
     <span class='ocr_line' id='line_1_1' title="bbox 45 287 233 316; baseline -0.011 0"><span class='ocrx_word' id='word_1_1' title='bbox 45 290 97 316; x_wconf 68' lang='lat' dir='ltr'>An.</span> <span class='ocrx_word' id='word_1_2' title='bbox 113 288 143 315; x_wconf 91' lang='lat' dir='ltr'>C.</span> <span class='ocrx_word' id='word_1_3' title='bbox 166 287 233 314; x_wconf 77' lang='lat'>¹732</span> 
     </span>
    </p>
   </div>
   <div class='ocr_carea' id='block_1_2' title="bbox 45 350 228 451">
    <p class='ocr_par' dir='ltr' id='par_1_2' title="bbox 46 350 228 424">
     <span class='ocr_line' id='line_1_2' title="bbox 74 350 228 371; baseline -0.019 0"><span class='ocrx_word' id='word_1_4' title='bbox 74 350 228 371; x_wconf 81' lang='lat' dir='ltr'>Praedecesso-</span> 
     </span>
     <span class='ocr_line' id='line_1_3' title="bbox 46 376 227 398; baseline -0.006 -1"><span class='ocrx_word' id='word_1_5' title='bbox 46 384 90 398; x_wconf 83' lang='lat' dir='ltr'>rum</span> <span class='ocrx_word' id='word_1_6' title='bbox 103 376 227 397; x_wconf 73' lang='lat' dir='ltr'>Pontificum</span> 
     </span>
     <span class='ocr_line' id='line_1_4' title="bbox 59 403 218 424; baseline -0.013 0"><span class='ocrx_word' id='word_1_7' title='bbox 59 403 218 424; x_wconf 71' lang='lat' dir='ltr'>constitutiones</span> 
     </span>
    </p>

    <p class='ocr_par' dir='ltr' id='par_1_3' title="bbox 45 430 202 451">
     <span class='ocr_line' id='line_1_5' title="bbox 45 430 202 451; baseline -0.013 0"><span class='ocrx_word' id='word_1_8' title='bbox 45 430 202 451; x_wconf 79' lang='lat' dir='ltr'>confirmantur.</span> 
     </span>
    </p>
   </div>
   <div class='ocr_carea' id='block_1_3' title="bbox 56 773 224 794">
    <p class='ocr_par' dir='ltr' id='par_1_4' title="bbox 56 773 224 794">
     <span class='ocr_line' id='line_1_6' title="bbox 56 773 224 794; baseline -0.006 0"><span class='ocrx_word' id='word_1_9' title='bbox 56 773 183 794; x_wconf 80' lang='lat' dir='ltr'>Adhortatio</span> <span class='ocrx_word' id='word_1_10' title='bbox 198 773 224 793; x_wconf 81' lang='lat' dir='ltr'>ad</span> 
     </span>
    </p>
   </div>
   <div class='ocr_carea' id='block_1_4' title="bbox 43 800 246 821">
    <p class='ocr_par' dir='ltr' id='par_1_5' title="bbox 43 800 246 821">
     <span class='ocr_line' id='line_1_7' title="bbox 43 800 246 821; baseline 0 0"><span class='ocrx_word' id='word_1_11' title='bbox 43 800 65 821; x_wconf 92' lang='lat' dir='ltr'>S.</span> <span class='ocrx_word' id='word_1_12' title='bbox 82 800 107 820; x_wconf 80' lang='lat' dir='ltr'>R.</span> <span class='ocrx_word' id='word_1_13' title='bbox 122 800 146 820; x_wconf 87' lang='lat' dir='ltr'>E.</span> <span class='ocrx_word' id='word_1_14' title='bbox 156 800 225 820; x_wconf 80' lang='lat' dir='ltr'>cardi·</span> <span class='ocrx_word' id='word_1_15' title='bbox 240 816 246 821; x_wconf 89' lang='lat'>.</span> 
     </span>
    </p>
   </div>
   <div class='ocr_carea' id='block_1_5' title="bbox 42 826 225 900">
    <p class='ocr_par' dir='ltr' id='par_1_6' title="bbox 42 826 225 900">
     <span class='ocr_line' id='line_1_8' title="bbox 43 826 224 850; baseline 0 -4"><span class='ocrx_word' id='word_1_16' title='bbox 43 826 108 850; x_wconf 81' lang='lat' dir='ltr'>nales,</span> <span class='ocrx_word' id='word_1_17' title='bbox 118 828 143 847; x_wconf 88' lang='lat' dir='ltr'>ut</span> <span class='ocrx_word' id='word_1_18' title='bbox 157 826 224 846; x_wconf 86' lang='lat' dir='ltr'>solum</span> 
     </span>
     <span class='ocr_line' id='line_1_9' title="bbox 43 853 223 874; baseline 0 -1"><span class='ocrx_word' id='word_1_19' title='bbox 43 853 111 874; x_wconf 83' lang='lat' dir='ltr'>Deum</span> <span class='ocrx_word' id='word_1_20' title='bbox 121 856 142 873; x_wconf 85' lang='lat' dir='ltr'>et</span> <span class='ocrx_word' id='word_1_21' title='bbox 151 853 223 873; x_wconf 77' lang='lat' dir='ltr'>Eccle-</span> 
     </span>
     <span class='ocr_line' id='line_1_10' title="bbox 42 880 225 900; baseline 0.005 -1"><span class='ocrx_word' id='word_1_22' title='bbox 42 880 87 900; x_wconf 75' lang='lat' dir='ltr'>siae</span> <span class='ocrx_word' id='word_1_23' title='bbox 101 885 152 900; x_wconf 82' lang='lat' dir='ltr'>suae</span> <span class='ocrx_word' id='word_1_24' title='bbox 168 880 225 900; x_wconf 86' lang='lat' dir='ltr'>utili-</span> 
     </span>
    </p>
   </div>
   <div class='ocr_carea' id='block_1_6' title="bbox 864 287 1153 311">
    <p class='ocr_par' dir='ltr' id='par_1_7' title="bbox 864 287 1153 311">
     <span class='ocr_line' id='line_1_11' title="bbox 864 287 1153 311; baseline 0.007 -2"><span class='ocrx_word' id='word_1_25' title='bbox 864 287 1006 309; x_wconf 79' lang='lat' dir='ltr'>CLEMENS</span> <span class='ocrx_word' id='word_1_26' title='bbox 1032 287 1078 310; x_wconf 77' lang='lat' dir='ltr'>xli</span> <span class='ocrx_word' id='word_1_27' title='bbox 1102 289 1153 311; x_wconf 74' lang='lat'>1³1³.</span> 
     </span>
    </p>
   </div>
   <div class='ocr_carea' id='block_1_7' title="bbox 236 336 978 911">
    <p class='ocr_par' dir='ltr' id='par_1_8' title="bbox 236 336 978 750">
     <span class='ocr_line' id='line_1_12' title="bbox 283 336 978 379; baseline -0.004 -10"><span class='ocrx_word' id='word_1_28' title='bbox 283 337 298 379; x_wconf 62' lang='grc' dir='ltr'><strong>ἓ</strong></span> <span class='ocrx_word' id='word_1_29' title='bbox 322 336 354 369; x_wconf 75' lang='lat'>4.</span> <span class='ocrx_word' id='word_1_30' title='bbox 382 336 520 369; x_wconf 90' lang='lat' dir='ltr'>Primum</span> <span class='ocrx_word' id='word_1_31' title='bbox 546 336 646 379; x_wconf 84' lang='lat' dir='ltr'>igitur</span> <span class='ocrx_word' id='word_1_32' title='bbox 681 339 847 368; x_wconf 71' lang='lat' dir='ltr'>enai-ratos</span> <span class='ocrx_word' id='word_1_33' title='bbox 884 344 978 377; x_wconf 86' lang='lat' dir='ltr'>prae-</span> 
     </span>
     <span class='ocr_line' id='line_1_13' title="bbox 239 389 978 425; baseline -0.004 -2"><span class='ocrx_word' id='word_1_34' title='bbox 239 390 446 423; x_wconf 87' lang='lat' dir='ltr'>decessorum</span> <span class='ocrx_word' id='word_1_35' title='bbox 464 396 649 423; x_wconf 88' lang='lat' dir='ltr'>nostrorum</span> <span class='ocrx_word' id='word_1_36' title='bbox 667 389 926 425; x_wconf 68' lang='lat' dir='ltr'>constitutiones,</span> <span class='ocrx_word' id='word_1_37' title='bbox 941 398 978 420; x_wconf 89' lang='lat' dir='ltr'>ac</span> 
     </span>
     <span class='ocr_line' id='line_1_14' title="bbox 239 441 977 485; baseline -0.005 -9"><span class='ocrx_word' id='word_1_38' title='bbox 239 443 348 476; x_wconf 91' lang='lat' dir='ltr'>omnia</span> <span class='ocrx_word' id='word_1_39' title='bbox 366 449 397 475; x_wconf 88' lang='lat' dir='ltr'>et</span> <span class='ocrx_word' id='word_1_40' title='bbox 413 443 541 485; x_wconf 84' lang='lat' dir='ltr'>singula</span> <span class='ocrx_word' id='word_1_41' title='bbox 565 443 597 475; x_wconf 92' lang='lat' dir='ltr'>in</span> <span class='ocrx_word' id='word_1_42' title='bbox 624 443 670 475; x_wconf 91' lang='lat' dir='ltr'>eis</span> <span class='ocrx_word' id='word_1_43' title='bbox 696 447 849 474; x_wconf 84' lang='lat' dir='ltr'>contenta</span> <span class='ocrx_word' id='word_1_44' title='bbox 867 446 898 473; x_wconf 89' lang='lat' dir='ltr'>et</span> <span class='ocrx_word' id='word_1_45' title='bbox 916 441 977 473; x_wconf 86' lang='lat' dir='ltr'>dis-</span> 
     </span>
     <span class='ocr_line' id='line_1_15' title="bbox 238 494 977 539; baseline -0.004 -11"><span class='ocrx_word' id='word_1_46' title='bbox 238 496 361 539; x_wconf 88' lang='lat' dir='ltr'>posita,</span> <span class='ocrx_word' id='word_1_47' title='bbox 388 506 473 537; x_wconf 86' lang='lat' dir='ltr'>qnae</span> <span class='ocrx_word' id='word_1_48' title='bbox 505 496 733 538; x_wconf 86' lang='lat' dir='ltr'>praesentibus</span> <span class='ocrx_word' id='word_1_49' title='bbox 759 499 867 527; x_wconf 86' lang='lat' dir='ltr'>tamen</span> <span class='ocrx_word' id='word_1_50' title='bbox 893 494 977 526; x_wconf 90' lang='lat' dir='ltr'>litte-</span> 
     </span>
     <span class='ocr_line' id='line_1_16' title="bbox 238 547 975 587; baseline -0.003 -6"><span class='ocrx_word' id='word_1_51' title='bbox 238 549 283 581; x_wconf 88' lang='lat' dir='ltr'>ris</span> <span class='ocrx_word' id='word_1_52' title='bbox 308 559 375 581; x_wconf 89' lang='lat' dir='ltr'>non</span> <span class='ocrx_word' id='word_1_53' title='bbox 402 549 620 587; x_wconf 72' lang='lat' dir='ltr'>adversantur,</span> <span class='ocrx_word' id='word_1_54' title='bbox 648 549 762 580; x_wconf 86' lang='lat' dir='ltr'>harum</span> <span class='ocrx_word' id='word_1_55' title='bbox 788 547 872 580; x_wconf 89' lang='lat' dir='ltr'>serie</span> <span class='ocrx_word' id='word_1_56' title='bbox 897 558 975 580; x_wconf 92' lang='lat' dir='ltr'>con-</span> 
     </span>
     <span class='ocr_line' id='line_1_17' title="bbox 238 600 976 644; baseline -0.003 -11"><span class='ocrx_word' id='word_1_57' title='bbox 238 601 412 640; x_wconf 82' lang='lat' dir='ltr'>firmamus,</span> <span class='ocrx_word' id='word_1_58' title='bbox 429 601 647 644; x_wconf 78' lang='lat' dir='ltr'>approbamus</span> <span class='ocrx_word' id='word_1_59' title='bbox 666 607 697 633; x_wconf 90' lang='lat' dir='ltr'>et</span> <span class='ocrx_word' id='word_1_60' title='bbox 715 600 919 639; x_wconf 81' lang='lat' dir='ltr'>innovamus,</span> <span class='ocrx_word' id='word_1_61' title='bbox 940 611 976 632; x_wconf 88' lang='lat' dir='ltr'>ae</span> 
     </span>
     <span class='ocr_line' id='line_1_18' title="bbox 238 653 975 687; baseline -0.001 -1"><span class='ocrx_word' id='word_1_62' title='bbox 238 655 431 687; x_wconf 75' lang='lat' dir='ltr'>inconcusse</span> <span class='ocrx_word' id='word_1_63' title='bbox 472 660 504 687; x_wconf 83' lang='lat' dir='ltr'>et</span> <span class='ocrx_word' id='word_1_64' title='bbox 539 654 769 687; x_wconf 84' lang='lat' dir='ltr'>inviolabiliter</span> <span class='ocrx_word' id='word_1_65' title='bbox 810 653 975 686; x_wconf 88' lang='lat' dir='ltr'>observari</span> 
     </span>
     <span class='ocr_line' id='line_1_19' title="bbox 236 707 736 750; baseline 0.002 -11"><span class='ocrx_word' id='word_1_66' title='bbox 236 707 455 750; x_wconf 87' lang='lat' dir='ltr'>praecipimus</span> <span class='ocrx_word' id='word_1_67' title='bbox 481 713 512 740; x_wconf 88' lang='lat' dir='ltr'>et</span> <span class='ocrx_word' id='word_1_68' title='bbox 536 707 736 740; x_wconf 88' lang='lat' dir='ltr'>mandamus.</span> 
     </span>
    </p>

    <p class='ocr_par' dir='ltr' id='par_1_9' title="bbox 237 761 976 911">
     <span class='ocr_line' id='line_1_20' title="bbox 281 761 975 805; baseline -0.003 -11"><span class='ocrx_word' id='word_1_69' title='bbox 281 761 345 805; x_wconf 65' lang='lat'>§5-</span> <span class='ocrx_word' id='word_1_70' title='bbox 372 761 537 800; x_wconf 89' lang='lat' dir='ltr'>Ceterum,</span> <span class='ocrx_word' id='word_1_71' title='bbox 563 761 690 794; x_wconf 85' lang='lat' dir='ltr'>tametsi</span> <span class='ocrx_word' id='word_1_72' title='bbox 716 771 797 804; x_wconf 89' lang='lat' dir='ltr'>opus</span> <span class='ocrx_word' id='word_1_73' title='bbox 818 771 884 793; x_wconf 91' lang='lat' dir='ltr'>non</span> <span class='ocrx_word' id='word_1_74' title='bbox 903 770 975 792; x_wconf 84' lang='lat' dir='ltr'>esse</span> 
     </span>
     <span class='ocr_line' id='line_1_21' title="bbox 239 815 976 856; baseline -0.004 -8"><span class='ocrx_word' id='word_1_75' title='bbox 239 827 271 848; x_wconf 87' lang='lat' dir='ltr'>in</span> <span class='ocrx_word' id='word_1_76' title='bbox 295 815 430 848; x_wconf 90' lang='lat' dir='ltr'>Domino</span> <span class='ocrx_word' id='word_1_77' title='bbox 456 815 661 854; x_wconf 78' lang='lat' dir='ltr'>confidimus,</span> <span class='ocrx_word' id='word_1_78' title='bbox 688 820 825 856; x_wconf 83' lang='lat' dir='ltr'>urgente</span> <span class='ocrx_word' id='word_1_79' title='bbox 851 824 911 846; x_wconf 87' lang='lat' dir='ltr'>nos</span> <span class='ocrx_word' id='word_1_80' title='bbox 933 818 976 845; x_wconf 88' lang='lat' dir='ltr'>ta-</span> 
     </span>
     <span class='ocr_line' id='line_1_22' title="bbox 237 867 976 911; baseline -0.003 -10"><span class='ocrx_word' id='word_1_81' title='bbox 237 879 309 902; x_wconf 85' lang='lat' dir='ltr'>men</span> <span class='ocrx_word' id='word_1_82' title='bbox 336 868 506 911; x_wconf 86' lang='lat' dir='ltr'>pastoralis</span> <span class='ocrx_word' id='word_1_83' title='bbox 531 867 627 900; x_wconf 80' lang='lat' dir='ltr'>officii</span> <span class='ocrx_word' id='word_1_84' title='bbox 654 867 784 906; x_wconf 90' lang='lat' dir='ltr'>debito,</span> <span class='ocrx_word' id='word_1_85' title='bbox 812 878 849 899; x_wconf 88' lang='lat' dir='ltr'>ac</span> <span class='ocrx_word' id='word_1_86' title='bbox 881 878 976 910; x_wconf 89' lang='lat' dir='ltr'>prae-</span> 
     </span>
    </p>
   </div>
   <div class='ocr_carea' id='block_1_8' title="bbox 44 907 265 927">
    <p class='ocr_par' dir='ltr' id='par_1_10' title="bbox 44 907 265 927">
     <span class='ocr_line' id='line_1_23' title="bbox 44 907 265 927; baseline 0.005 -1"><span class='ocrx_word' id='word_1_87' title='bbox 44 908 108 926; x_wconf 79' lang='lat' dir='ltr'>tatem</span> <span class='ocrx_word' id='word_1_88' title='bbox 138 907 158 927; x_wconf 89' lang='lat' dir='ltr'>in</span> <span class='ocrx_word' id='word_1_89' title='bbox 187 907 224 926; x_wconf 77' lang='lat' dir='ltr'>eli·</span> <span class='ocrx_word' id='word_1_90' title='bbox 259 922 265 927; x_wconf 93' lang='lat'>.</span> 
     </span>
    </p>
   </div>
   <div class='ocr_carea' id='block_1_9' title="bbox 40 933 224 985">
    <p class='ocr_par' dir='ltr' id='par_1_11' title="bbox 40 933 224 985">
     <span class='ocr_line' id='line_1_24' title="bbox 42 933 224 962; baseline 0.005 -10"><span class='ocrx_word' id='word_1_91' title='bbox 42 933 111 962; x_wconf 68' lang='lat' dir='ltr'>gendo</span> <span class='ocrx_word' id='word_1_92' title='bbox 121 933 224 953; x_wconf 80' lang='lat' dir='ltr'>Pontiflce</span> 
     </span>
     <span class='ocr_line' id='line_1_25' title="bbox 40 961 166 985; baseline -0.008 -5"><span class='ocrx_word' id='word_1_93' title='bbox 40 961 166 985; x_wconf 74' lang='lat' dir='ltr'>respiciant.</span> 
     </span>
    </p>
   </div>
   <div class='ocr_carea' id='block_1_10' title="bbox 200 2415 976 2459">
    <p class='ocr_par' dir='ltr' id='par_1_12' title="bbox 200 2415 976 2459">
     <span class='ocr_line' id='line_1_26' title="bbox 200 2415 976 2459; baseline 0.006 -13"><span class='ocrx_word' id='word_1_94' title='bbox 200 2441 203 2445; x_wconf 93' lang='lat'>.</span> <span class='ocrx_word' id='word_1_95' title='bbox 239 2415 432 2448; x_wconf 68' lang='lat' dir='ltr'>electionem</span> <span class='ocrx_word' id='word_1_96' title='bbox 469 2417 715 2459; x_wconf 80' lang='lat' dir='ltr'>quomodolibet</span> <span class='ocrx_word' id='word_1_97' title='bbox 750 2419 976 2451; x_wconf 84' lang='lat' dir='ltr'>concernenti-</span> 
     </span>
    </p>
   </div>
   <div class='ocr_carea' id='block_1_11' title="bbox 234 920 977 2406">
    <p class='ocr_par' dir='ltr' id='par_1_13' title="bbox 234 920 977 2406">
     <span class='ocr_line' id='line_1_27' title="bbox 238 920 977 965; baseline -0.003 -11"><span class='ocrx_word' id='word_1_98' title='bbox 238 933 347 965; x_wconf 77' lang='lat' dir='ltr'>C1puo,</span> <span class='ocrx_word' id='word_1_99' title='bbox 372 932 435 965; x_wconf 82' lang='lat' dir='ltr'>quo</span> <span class='ocrx_word' id='word_1_100' title='bbox 462 928 623 961; x_wconf 88' lang='lat' dir='ltr'>tenemur,</span> <span class='ocrx_word' id='word_1_101' title='bbox 651 920 728 954; x_wconf 90' lang='lat' dir='ltr'>boni</span> <span class='ocrx_word' id='word_1_102' title='bbox 755 920 876 964; x_wconf 81' lang='lat' dir='ltr'>publici</span> <span class='ocrx_word' id='word_1_103' title='bbox 895 921 977 953; x_wconf 90' lang='lat' dir='ltr'>desi—</span> 
     </span>
     <span class='ocr_line' id='line_1_28' title="bbox 239 975 975 1017; baseline -0.004 -9"><span class='ocrx_word' id='word_1_104' title='bbox 239 976 341 1016; x_wconf 83' lang='lat' dir='ltr'>derio,</span> <span class='ocrx_word' id='word_1_105' title='bbox 368 975 550 1008; x_wconf 73' lang='lat' dir='ltr'>cardinales</span> <span class='ocrx_word' id='word_1_106' title='bbox 578 985 664 1007; x_wconf 91' lang='lat' dir='ltr'>nune</span> <span class='ocrx_word' id='word_1_107' title='bbox 686 979 717 1007; x_wconf 88' lang='lat' dir='ltr'>et</span> <span class='ocrx_word' id='word_1_108' title='bbox 742 985 802 1017; x_wconf 90' lang='lat' dir='ltr'>pro</span> <span class='ocrx_word' id='word_1_109' title='bbox 830 979 975 1017; x_wconf 88' lang='lat' dir='ltr'>tempore</span> 
     </span>
     <span class='ocr_line' id='line_1_29' title="bbox 239 1027 976 1071; baseline -0.001 -10"><span class='ocrx_word' id='word_1_110' title='bbox 239 1028 414 1062; x_wconf 70' lang='lat' dir='ltr'>existentes</span> <span class='ocrx_word' id='word_1_111' title='bbox 443 1038 503 1071; x_wconf 88' lang='lat' dir='ltr'>per</span> <span class='ocrx_word' id='word_1_112' title='bbox 526 1027 650 1060; x_wconf 82' lang='lat' dir='ltr'>viscera</span> <span class='ocrx_word' id='word_1_113' title='bbox 675 1027 919 1060; x_wconf 75' lang='lat' dir='ltr'>misericordiae</span> <span class='ocrx_word' id='word_1_114' title='bbox 945 1037 976 1060; x_wconf 89' lang='lat' dir='ltr'>e-</span> 
     </span>
     <span class='ocr_line' id='line_1_30' title="bbox 237 1080 975 1114; baseline -0.003 0"><span class='ocrx_word' id='word_1_115' title='bbox 237 1081 363 1114; x_wconf 85' lang='lat' dir='ltr'>iusdem</span> <span class='ocrx_word' id='word_1_116' title='bbox 400 1081 523 1113; x_wconf 89' lang='lat' dir='ltr'>domiui</span> <span class='ocrx_word' id='word_1_117' title='bbox 557 1081 660 1113; x_wconf 90' lang='lat' dir='ltr'>nostri</span> <span class='ocrx_word' id='word_1_118' title='bbox 694 1080 765 1113; x_wconf 88' lang='lat' dir='ltr'>Iesu</span> <span class='ocrx_word' id='word_1_119' title='bbox 792 1080 909 1113; x_wconf 82' lang='lat' dir='ltr'>Christi</span> <span class='ocrx_word' id='word_1_120' title='bbox 945 1085 975 1112; x_wconf 89' lang='lat' dir='ltr'>et</span> 
     </span>
     <span class='ocr_line' id='line_1_31' title="bbox 236 1133 974 1177; baseline 0 -12"><span class='ocrx_word' id='word_1_121' title='bbox 236 1145 296 1177; x_wconf 83' lang='lat' dir='ltr'>per</span> <span class='ocrx_word' id='word_1_122' title='bbox 331 1135 519 1168; x_wconf 84' lang='lat' dir='ltr'>effusionem</span> <span class='ocrx_word' id='word_1_123' title='bbox 554 1135 602 1167; x_wconf 89' lang='lat' dir='ltr'>sui</span> <span class='ocrx_word' id='word_1_124' title='bbox 640 1133 775 1177; x_wconf 78' lang='lat' dir='ltr'>pretiosi</span> <span class='ocrx_word' id='word_1_125' title='bbox 808 1133 974 1175; x_wconf 84' lang='lat' dir='ltr'>sanguinis</span> 
     </span>
     <span class='ocr_line' id='line_1_32' title="bbox 236 1187 973 1231; baseline -0.005 -9"><span class='ocrx_word' id='word_1_126' title='bbox 236 1190 329 1222; x_wconf 74' lang='lat' dir='ltr'>enixe</span> <span class='ocrx_word' id='word_1_127' title='bbox 353 1199 526 1231; x_wconf 85' lang='lat' dir='ltr'>rogamus,</span> <span class='ocrx_word' id='word_1_128' title='bbox 553 1188 737 1227; x_wconf 86' lang='lat' dir='ltr'>hortamur,</span> <span class='ocrx_word' id='word_1_129' title='bbox 764 1187 973 1219; x_wconf 84' lang='lat' dir='ltr'>obsecramus</span> 
     </span>
     <span class='ocr_line' id='line_1_33' title="bbox 237 1241 973 1284; baseline -0.003 -9"><span class='ocrx_word' id='word_1_130' title='bbox 237 1248 270 1275; x_wconf 89' lang='lat' dir='ltr'>et</span> <span class='ocrx_word' id='word_1_131' title='bbox 293 1253 485 1281; x_wconf 82' lang='lat' dir='ltr'>monemus,</span> <span class='ocrx_word' id='word_1_132' title='bbox 512 1247 547 1273; x_wconf 90' lang='lat' dir='ltr'>ut</span> <span class='ocrx_word' id='word_1_133' title='bbox 572 1247 647 1274; x_wconf 88' lang='lat' dir='ltr'>tunc</span> <span class='ocrx_word' id='word_1_134' title='bbox 672 1241 862 1284; x_wconf 82' lang='lat' dir='ltr'>potissime,</span> <span class='ocrx_word' id='word_1_135' title='bbox 897 1241 973 1273; x_wconf 89' lang='lat' dir='ltr'>dum</span> 
     </span>
     <span class='ocr_line' id='line_1_34' title="bbox 238 1293 974 1329; baseline -0.004 -1"><span class='ocrx_word' id='word_1_136' title='bbox 238 1295 366 1329; x_wconf 86' lang='lat' dir='ltr'>scilicet</span> <span class='ocrx_word' id='word_1_137' title='bbox 402 1295 441 1327; x_wconf 89' lang='lat' dir='ltr'>de</span> <span class='ocrx_word' id='word_1_138' title='bbox 477 1295 616 1327; x_wconf 87' lang='lat' dir='ltr'>creando</span> <span class='ocrx_word' id='word_1_139' title='bbox 647 1294 793 1327; x_wconf 80' lang='lat' dir='ltr'>Romano</span> <span class='ocrx_word' id='word_1_140' title='bbox 819 1293 974 1326; x_wconf 80' lang='lat' dir='ltr'>Pontifice</span> 
     </span>
     <span class='ocr_line' id='line_1_35' title="bbox 238 1348 974 1393; baseline -0.001 -11"><span class='ocrx_word' id='word_1_141' title='bbox 238 1350 354 1393; x_wconf 83' lang='lat' dir='ltr'>agitur,</span> <span class='ocrx_word' id='word_1_142' title='bbox 380 1349 464 1382; x_wconf 77' lang='lat' dir='ltr'>serio</span> <span class='ocrx_word' id='word_1_143' title='bbox 490 1348 695 1392; x_wconf 78' lang='lat' dir='ltr'>perpendant</span> <span class='ocrx_word' id='word_1_144' title='bbox 720 1348 776 1388; x_wconf 90' lang='lat' dir='ltr'>rei,</span> <span class='ocrx_word' id='word_1_145' title='bbox 803 1360 898 1391; x_wconf 86' lang='lat' dir='ltr'>quam</span> <span class='ocrx_word' id='word_1_146' title='bbox 925 1360 974 1391; x_wconf 82' lang='lat' dir='ltr'>ge-</span> 
     </span>
     <span class='ocr_line' id='line_1_36' title="bbox 237 1402 975 1445; baseline 0 -10"><span class='ocrx_word' id='word_1_147' title='bbox 237 1408 328 1443; x_wconf 90' lang='lat' dir='ltr'>runt,</span> <span class='ocrx_word' id='word_1_148' title='bbox 354 1403 562 1445; x_wconf 80' lang='lat' dir='ltr'>gravitatem,</span> <span class='ocrx_word' id='word_1_149' title='bbox 589 1402 777 1441; x_wconf 88' lang='lat' dir='ltr'>ministerii,</span> <span class='ocrx_word' id='word_1_150' title='bbox 805 1403 889 1445; x_wconf 87' lang='lat' dir='ltr'>quod</span> <span class='ocrx_word' id='word_1_151' title='bbox 916 1414 975 1445; x_wconf 89' lang='lat' dir='ltr'>per</span> 
     </span>
     <span class='ocr_line' id='line_1_37' title="bbox 236 1456 974 1499; baseline -0.003 -9"><span class='ocrx_word' id='word_1_152' title='bbox 236 1467 291 1490; x_wconf 88' lang='lat' dir='ltr'>eos</span> <span class='ocrx_word' id='word_1_153' title='bbox 318 1462 499 1496; x_wconf 81' lang='lat' dir='ltr'>tractatur,</span> <span class='ocrx_word' id='word_1_154' title='bbox 526 1456 802 1497; x_wconf 80' lang='lat' dir='ltr'>magnitudinem,</span> <span class='ocrx_word' id='word_1_155' title='bbox 829 1467 865 1488; x_wconf 89' lang='lat' dir='ltr'>ac</span> <span class='ocrx_word' id='word_1_156' title='bbox 900 1467 974 1499; x_wconf 86' lang='lat' dir='ltr'>per-</span> 
     </span>
     <span class='ocr_line' id='line_1_38' title="bbox 235 1509 972 1552; baseline 0 -10"><span class='ocrx_word' id='word_1_157' title='bbox 235 1520 346 1549; x_wconf 84' lang='lat' dir='ltr'>sonae,</span> <span class='ocrx_word' id='word_1_158' title='bbox 373 1520 469 1552; x_wconf 88' lang='lat' dir='ltr'>quam</span> <span class='ocrx_word' id='word_1_159' title='bbox 494 1509 527 1541; x_wconf 92' lang='lat' dir='ltr'>in</span> <span class='ocrx_word' id='word_1_160' title='bbox 552 1509 697 1541; x_wconf 76' lang='lat' dir='ltr'>Ecclesia</span> <span class='ocrx_word' id='word_1_161' title='bbox 722 1509 776 1540; x_wconf 86' lang='lat' dir='ltr'>Dei</span> <span class='ocrx_word' id='word_1_162' title='bbox 802 1510 972 1549; x_wconf 84' lang='lat' dir='ltr'>sustinent,</span> 
     </span>
     <span class='ocr_line' id='line_1_39' title="bbox 237 1562 973 1606; baseline -0.001 -11"><span class='ocrx_word' id='word_1_163' title='bbox 237 1563 446 1606; x_wconf 71' lang='lat' dir='ltr'>dignitatem,</span> <span class='ocrx_word' id='word_1_164' title='bbox 474 1562 656 1605; x_wconf 80' lang='lat' dir='ltr'>seduloque</span> <span class='ocrx_word' id='word_1_165' title='bbox 678 1563 869 1604; x_wconf 80' lang='lat' dir='ltr'>recogitent,</span> <span class='ocrx_word' id='word_1_166' title='bbox 889 1574 922 1596; x_wconf 87' lang='lat' dir='ltr'>se</span> <span class='ocrx_word' id='word_1_167' title='bbox 941 1563 973 1595; x_wconf 90' lang='lat' dir='ltr'>in</span> 
     </span>
     <span class='ocr_line' id='line_1_40' title="bbox 235 1615 972 1659; baseline 0.001 -11"><span class='ocrx_word' id='word_1_168' title='bbox 235 1616 452 1649; x_wconf 89' lang='lat' dir='ltr'>renuntiando</span> <span class='ocrx_word' id='word_1_169' title='bbox 481 1626 634 1659; x_wconf 88' lang='lat' dir='ltr'>supremo</span> <span class='ocrx_word' id='word_1_170' title='bbox 672 1615 774 1658; x_wconf 88' lang='lat' dir='ltr'>ipsius</span> <span class='ocrx_word' id='word_1_171' title='bbox 808 1616 972 1649; x_wconf 83' lang='lat' dir='ltr'>Ecclesiae</span> 
     </span>
     <span class='ocr_line' id='line_1_41' title="bbox 235 1669 973 1712; baseline 0.001 -11"><span class='ocrx_word' id='word_1_172' title='bbox 235 1675 361 1702; x_wconf 86' lang='lat' dir='ltr'>rectore</span> <span class='ocrx_word' id='word_1_173' title='bbox 388 1669 515 1702; x_wconf 89' lang='lat' dir='ltr'>divinae</span> <span class='ocrx_word' id='word_1_174' title='bbox 540 1669 657 1702; x_wconf 88' lang='lat' dir='ltr'>mentis</span> <span class='ocrx_word' id='word_1_175' title='bbox 683 1670 882 1712; x_wconf 84' lang='lat' dir='ltr'>interpretes</span> <span class='ocrx_word' id='word_1_176' title='bbox 899 1681 973 1702; x_wconf 89' lang='lat' dir='ltr'>con-</span> 
     </span>
     <span class='ocr_line' id='line_1_42' title="bbox 236 1722 972 1766; baseline 0.003 -12"><span class='ocrx_word' id='word_1_177' title='bbox 236 1723 374 1763; x_wconf 79' lang='lat' dir='ltr'>stitutos,</span> <span class='ocrx_word' id='word_1_178' title='bbox 400 1723 552 1765; x_wconf 89' lang='lat' dir='ltr'>nudaque</span> <span class='ocrx_word' id='word_1_179' title='bbox 579 1722 687 1755; x_wconf 89' lang='lat' dir='ltr'>omnia</span> <span class='ocrx_word' id='word_1_180' title='bbox 712 1728 744 1755; x_wconf 90' lang='lat' dir='ltr'>et</span> <span class='ocrx_word' id='word_1_181' title='bbox 768 1729 879 1766; x_wconf 89' lang='lat' dir='ltr'>aperta</span> <span class='ocrx_word' id='word_1_182' title='bbox 901 1734 972 1756; x_wconf 87' lang='lat' dir='ltr'>esse</span> 
     </span>
     <span class='ocr_line' id='line_1_43' title="bbox 234 1775 972 1816; baseline 0.001 -8"><span class='ocrx_word' id='word_1_183' title='bbox 234 1777 268 1808; x_wconf 90' lang='lat' dir='ltr'>in</span> <span class='ocrx_word' id='word_1_184' title='bbox 293 1776 395 1809; x_wconf 93' lang='lat' dir='ltr'>oculis</span> <span class='ocrx_word' id='word_1_185' title='bbox 420 1776 489 1808; x_wconf 84' lang='lat' dir='ltr'>eius</span> <span class='ocrx_word' id='word_1_186' title='bbox 505 1803 512 1816; x_wconf 92' lang='lat'>,</span> <span class='ocrx_word' id='word_1_187' title='bbox 540 1775 591 1808; x_wconf 89' lang='lat' dir='ltr'>cui</span> <span class='ocrx_word' id='word_1_188' title='bbox 616 1777 770 1809; x_wconf 90' lang='lat' dir='ltr'>solemnis</span> <span class='ocrx_word' id='word_1_189' title='bbox 797 1781 829 1809; x_wconf 85' lang='lat' dir='ltr'>et</span> <span class='ocrx_word' id='word_1_190' title='bbox 854 1777 972 1809; x_wconf 83' lang='lat' dir='ltr'>aretis-</span> 
     </span>
     <span class='ocr_line' id='line_1_44' title="bbox 239 1829 972 1871; baseline 0 -9"><span class='ocrx_word' id='word_1_191' title='bbox 239 1829 312 1862; x_wconf 90' lang='lat' dir='ltr'>simi</span> <span class='ocrx_word' id='word_1_192' title='bbox 336 1829 548 1861; x_wconf 84' lang='lat' dir='ltr'>iurisiurandi</span> <span class='ocrx_word' id='word_1_193' title='bbox 574 1829 735 1871; x_wconf 81' lang='lat' dir='ltr'>religione</span> <span class='ocrx_word' id='word_1_194' title='bbox 760 1829 857 1862; x_wconf 80' lang='lat' dir='ltr'>fidem</span> <span class='ocrx_word' id='word_1_195' title='bbox 879 1841 972 1862; x_wconf 88' lang='lat' dir='ltr'>suam</span> 
     </span>
     <span class='ocr_line' id='line_1_45' title="bbox 234 1882 972 1927; baseline 0.003 -13"><span class='ocrx_word' id='word_1_196' title='bbox 234 1882 426 1925; x_wconf 86' lang='lat' dir='ltr'>promissuri</span> <span class='ocrx_word' id='word_1_197' title='bbox 464 1888 495 1915; x_wconf 88' lang='lat' dir='ltr'>et</span> <span class='ocrx_word' id='word_1_198' title='bbox 530 1883 705 1925; x_wconf 79' lang='lat' dir='ltr'>obligaturi</span> <span class='ocrx_word' id='word_1_199' title='bbox 731 1888 826 1923; x_wconf 75' lang='lat' dir='ltr'>sunt3</span> <span class='ocrx_word' id='word_1_200' title='bbox 865 1894 972 1927; x_wconf 88' lang='lat' dir='ltr'>neque</span> 
     </span>
     <span class='ocr_line' id='line_1_46' title="bbox 238 1936 972 1979; baseline 0.001 -11"><span class='ocrx_word' id='word_1_201' title='bbox 238 1937 324 1968; x_wconf 90' lang='lat' dir='ltr'>aliud</span> <span class='ocrx_word' id='word_1_202' title='bbox 350 1947 422 1969; x_wconf 88' lang='lat' dir='ltr'>esse</span> <span class='ocrx_word' id='word_1_203' title='bbox 447 1936 553 1969; x_wconf 77' lang='lat' dir='ltr'>forsan</span> <span class='ocrx_word' id='word_1_204' title='bbox 579 1947 677 1979; x_wconf 85' lang='lat' dir='ltr'>posse</span> <span class='ocrx_word' id='word_1_205' title='bbox 703 1938 735 1969; x_wconf 93' lang='lat' dir='ltr'>in</span> <span class='ocrx_word' id='word_1_206' title='bbox 754 1937 840 1969; x_wconf 89' lang='lat' dir='ltr'>omni</span> <span class='ocrx_word' id='word_1_207' title='bbox 860 1948 972 1969; x_wconf 86' lang='lat' dir='ltr'>eorum</span> 
     </span>
     <span class='ocr_line' id='line_1_47' title="bbox 237 1990 972 2033; baseline 0.001 -11"><span class='ocrx_word' id='word_1_208' title='bbox 237 1990 299 2022; x_wconf 77' lang='lat' dir='ltr'>vita</span> <span class='ocrx_word' id='word_1_209' title='bbox 323 1990 450 2029; x_wconf 85' lang='lat' dir='ltr'>sactum,</span> <span class='ocrx_word' id='word_1_210' title='bbox 476 1990 514 2021; x_wconf 84' lang='lat' dir='ltr'>‹le</span> <span class='ocrx_word' id='word_1_211' title='bbox 541 2001 604 2032; x_wconf 91' lang='lat' dir='ltr'>quo</span> <span class='ocrx_word' id='word_1_212' title='bbox 631 1996 693 2022; x_wconf 88' lang='lat' dir='ltr'>tam</span> <span class='ocrx_word' id='word_1_213' title='bbox 720 1990 856 2022; x_wconf 85' lang='lat' dir='ltr'>arduum</span> <span class='ocrx_word' id='word_1_214' title='bbox 874 1995 972 2033; x_wconf 89' lang='lat' dir='ltr'>atque</span> 
     </span>
     <span class='ocr_line' id='line_1_48' title="bbox 235 2042 972 2076; baseline 0.003 -2"><span class='ocrx_word' id='word_1_215' title='bbox 235 2042 366 2075; x_wconf 81' lang='lat' dir='ltr'>difficile</span> <span class='ocrx_word' id='word_1_216' title='bbox 392 2043 437 2075; x_wconf 84' lang='lat' dir='ltr'>eis</span> <span class='ocrx_word' id='word_1_217' title='bbox 471 2044 611 2075; x_wconf 89' lang='lat' dir='ltr'>futurum</span> <span class='ocrx_word' id='word_1_218' title='bbox 637 2043 678 2075; x_wconf 82' lang='lat' dir='ltr'>sit</span> <span class='ocrx_word' id='word_1_219' title='bbox 710 2043 871 2076; x_wconf 86' lang='lat' dir='ltr'>rationem</span> <span class='ocrx_word' id='word_1_220' title='bbox 900 2044 972 2076; x_wconf 89' lang='lat' dir='ltr'>red-</span> 
     </span>
     <span class='ocr_line' id='line_1_49' title="bbox 235 2096 972 2140; baseline 0.003 -12"><span class='ocrx_word' id='word_1_221' title='bbox 235 2096 310 2129; x_wconf 90' lang='lat' dir='ltr'>dere</span> <span class='ocrx_word' id='word_1_222' title='bbox 329 2100 462 2130; x_wconf 72' lang='lat' dir='ltr'>aetcrno</span> <span class='ocrx_word' id='word_1_223' title='bbox 481 2097 630 2140; x_wconf 78' lang='lat' dir='ltr'>iustoque</span> <span class='ocrx_word' id='word_1_224' title='bbox 649 2097 756 2136; x_wconf 79' lang='lat' dir='ltr'>iudici,</span> <span class='ocrx_word' id='word_1_225' title='bbox 776 2098 972 2140; x_wconf 85' lang='lat' dir='ltr'>sempiterna</span> 
     </span>
     <span class='ocr_line' id='line_1_50' title="bbox 235 2150 969 2193; baseline 0.001 -11"><span class='ocrx_word' id='word_1_226' title='bbox 235 2151 284 2182; x_wconf 91' lang='lat' dir='ltr'>vel</span> <span class='ocrx_word' id='word_1_227' title='bbox 325 2150 469 2193; x_wconf 83' lang='lat' dir='ltr'>praemia</span> <span class='ocrx_word' id='word_1_228' title='bbox 505 2151 553 2182; x_wconf 74' lang='lat' dir='ltr'>vel</span> <span class='ocrx_word' id='word_1_229' title='bbox 591 2150 749 2192; x_wconf 84' lang='lat' dir='ltr'>supplicia</span> <span class='ocrx_word' id='word_1_230' title='bbox 785 2151 969 2183; x_wconf 66' lang='lat' dir='ltr'>decreturi).</span> 
     </span>
     <span class='ocr_line' id='line_1_51' title="bbox 235 2202 972 2246; baseline 0.001 -11"><span class='ocrx_word' id='word_1_231' title='bbox 235 2202 347 2246; x_wconf 84' lang='lat' dir='ltr'>Itaque</span> <span class='ocrx_word' id='word_1_232' title='bbox 373 2203 469 2235; x_wconf 90' lang='lat' dir='ltr'>etiam</span> <span class='ocrx_word' id='word_1_233' title='bbox 495 2203 553 2235; x_wconf 87' lang='lat' dir='ltr'>sub</span> <span class='ocrx_word' id='word_1_234' title='bbox 580 2203 678 2235; x_wconf 89' lang='lat' dir='ltr'>divini</span> <span class='ocrx_word' id='word_1_235' title='bbox 705 2203 972 2237; x_wconf 81' lang='lat' dir='ltr'>iuteriuiuatiOne</span> 
     </span>
     <span class='ocr_line' id='line_1_52' title="bbox 236 2255 972 2300; baseline 0.004 -13"><span class='ocrx_word' id='word_1_236' title='bbox 236 2255 343 2288; x_wconf 88' lang='lat' dir='ltr'>iudicii</span> <span class='ocrx_word' id='word_1_237' title='bbox 370 2256 492 2289; x_wconf 90' lang='lat' dir='ltr'>eisdem</span> <span class='ocrx_word' id='word_1_238' title='bbox 511 2256 730 2289; x_wconf 83' lang='lat' dir='ltr'>cardinalibus</span> <span class='ocrx_word' id='word_1_239' title='bbox 752 2257 972 2300; x_wconf 83' lang='lat' dir='ltr'>praecipimus</span> 
     </span>
     <span class='ocr_line' id='line_1_53' title="bbox 237 2308 974 2353; baseline 0.003 -13"><span class='ocrx_word' id='word_1_240' title='bbox 237 2308 349 2341; x_wconf 87' lang='lat' dir='ltr'>itidem</span> <span class='ocrx_word' id='word_1_241' title='bbox 383 2315 414 2341; x_wconf 87' lang='lat' dir='ltr'>et</span> <span class='ocrx_word' id='word_1_242' title='bbox 449 2310 659 2350; x_wconf 84' lang='lat' dir='ltr'>mandamus,</span> <span class='ocrx_word' id='word_1_243' title='bbox 686 2316 719 2342; x_wconf 90' lang='lat' dir='ltr'>ut</span> <span class='ocrx_word' id='word_1_244' title='bbox 752 2311 784 2342; x_wconf 91' lang='lat' dir='ltr'>in</span> <span class='ocrx_word' id='word_1_245' title='bbox 814 2310 974 2353; x_wconf 77' lang='lat' dir='ltr'>sull&#39;ragiis</span> 
     </span>
     <span class='ocr_line' id='line_1_54' title="bbox 238 2361 973 2406; baseline 0.004 -13"><span class='ocrx_word' id='word_1_246' title='bbox 238 2361 399 2401; x_wconf 76' lang='lat' dir='ltr'>serendis,</span> <span class='ocrx_word' id='word_1_247' title='bbox 427 2374 462 2395; x_wconf 86' lang='lat' dir='ltr'>ac</span> <span class='ocrx_word' id='word_1_248' title='bbox 487 2363 557 2395; x_wconf 90' lang='lat' dir='ltr'>aliis</span> <span class='ocrx_word' id='word_1_249' title='bbox 584 2364 734 2396; x_wconf 86' lang='lat' dir='ltr'>omuibus</span> <span class='ocrx_word' id='word_1_250' title='bbox 770 2369 801 2396; x_wconf 89' lang='lat' dir='ltr'>et</span> <span class='ocrx_word' id='word_1_251' title='bbox 837 2364 973 2406; x_wconf 84' lang='lat' dir='ltr'>singulis</span> 
     </span>
    </p>
   </div>
   <div class='ocr_carea' id='block_1_12' title="bbox 234 2468 974 2727">
    <p class='ocr_par' dir='ltr' id='par_1_14' title="bbox 234 2468 974 2727">
     <span class='ocr_line' id='line_1_55' title="bbox 237 2468 972 2512; baseline 0.008 -13"><span class='ocrx_word' id='word_1_252' title='bbox 237 2468 310 2506; x_wconf 88' lang='lat' dir='ltr'>bus,</span> <span class='ocrx_word' id='word_1_253' title='bbox 335 2470 439 2501; x_wconf 91' lang='lat' dir='ltr'>solum</span> <span class='ocrx_word' id='word_1_254' title='bbox 465 2469 563 2502; x_wconf 89' lang='lat' dir='ltr'>Deum</span> <span class='ocrx_word' id='word_1_255' title='bbox 582 2481 659 2512; x_wconf 86' lang='lat' dir='ltr'>prae</span> <span class='ocrx_word' id='word_1_256' title='bbox 678 2472 780 2503; x_wconf 88' lang='lat' dir='ltr'>oculis</span> <span class='ocrx_word' id='word_1_257' title='bbox 800 2472 972 2512; x_wconf 86' lang='lat' dir='ltr'>habentes,</span> 
     </span>
     <span class='ocr_line' id='line_1_56' title="bbox 237 2522 974 2569; baseline 0.007 -17"><span class='ocrx_word' id='word_1_258' title='bbox 237 2527 269 2552; x_wconf 87' lang='lat' dir='ltr'>et</span> <span class='ocrx_word' id='word_1_259' title='bbox 292 2531 357 2554; x_wconf 92' lang='lat' dir='ltr'>non</span> <span class='ocrx_word' id='word_1_260' title='bbox 379 2532 446 2559; x_wconf 81' lang='lat' dir='ltr'>sua,</span> <span class='ocrx_word' id='word_1_261' title='bbox 465 2522 520 2554; x_wconf 87' lang='lat' dir='ltr'>sed</span> <span class='ocrx_word' id='word_1_262' title='bbox 539 2534 618 2566; x_wconf 91' lang='lat' dir='ltr'>quae</span> <span class='ocrx_word' id='word_1_263' title='bbox 637 2524 755 2556; x_wconf 75' lang='lat' dir='ltr'>Christi</span> <span class='ocrx_word' id='word_1_264' title='bbox 774 2531 857 2564; x_wconf 90' lang='lat' dir='ltr'>sunt,</span> <span class='ocrx_word' id='word_1_265' title='bbox 876 2536 974 2569; x_wconf 88' lang='lat' dir='ltr'>quae-</span> 
     </span>
     <span class='ocr_line' id='line_1_57' title="bbox 236 2575 973 2617; baseline 0.003 -10"><span class='ocrx_word' id='word_1_266' title='bbox 236 2580 358 2614; x_wconf 85' lang='lat' dir='ltr'>rentes,</span> <span class='ocrx_word' id='word_1_267' title='bbox 387 2575 548 2617; x_wconf 85' lang='lat' dir='ltr'>religiose,</span> <span class='ocrx_word' id='word_1_268' title='bbox 575 2576 700 2609; x_wconf 88' lang='lat' dir='ltr'>sincere</span> <span class='ocrx_word' id='word_1_269' title='bbox 726 2582 757 2609; x_wconf 90' lang='lat' dir='ltr'>et</span> <span class='ocrx_word' id='word_1_270' title='bbox 782 2578 894 2617; x_wconf 89' lang='lat' dir='ltr'>libere,</span> <span class='ocrx_word' id='word_1_271' title='bbox 917 2579 973 2610; x_wconf 82' lang='lat' dir='ltr'>liu-</span> 
     </span>
     <span class='ocr_line' id='line_1_58' title="bbox 235 2628 970 2672; baseline 0.005 -12"><span class='ocrx_word' id='word_1_272' title='bbox 235 2628 337 2661; x_wconf 87' lang='lat' dir='ltr'>manis</span> <span class='ocrx_word' id='word_1_273' title='bbox 374 2629 556 2672; x_wconf 83' lang='lat' dir='ltr'>quibusque</span> <span class='ocrx_word' id='word_1_274' title='bbox 582 2629 726 2670; x_wconf 89' lang='lat' dir='ltr'>artibus,</span> <span class='ocrx_word' id='word_1_275' title='bbox 762 2631 970 2672; x_wconf 77' lang='lat' dir='ltr'>factionibus,</span> 
     </span>
     <span class='ocr_line' id='line_1_59' title="bbox 234 2682 973 2727; baseline 0.007 -14"><span class='ocrx_word' id='word_1_276' title='bbox 234 2682 373 2725; x_wconf 89' lang='lat' dir='ltr'>partium</span> <span class='ocrx_word' id='word_1_277' title='bbox 399 2682 529 2723; x_wconf 79' lang='lat' dir='ltr'>studiis,</span> <span class='ocrx_word' id='word_1_278' title='bbox 557 2683 713 2727; x_wconf 88' lang='lat' dir='ltr'>omnique</span> <span class='ocrx_word' id='word_1_279' title='bbox 750 2684 878 2718; x_wconf 89' lang='lat' dir='ltr'>demum</span> <span class='ocrx_word' id='word_1_280' title='bbox 904 2696 973 2718; x_wconf 86' lang='lat' dir='ltr'>ear-</span> 
     </span>
    </p>
   </div>
   <div class='ocr_carea' id='block_1_13' title="bbox 993 1909 996 2718">
    <p class='ocr_par' dir='ltr' id='par_1_15' title="bbox 993 1909 996 2718">
     <span class='ocr_line' id='line_1_60' title="bbox 993 1909 996 2718; baseline 0 0"><span class='ocrx_word' id='word_1_281' title='bbox 993 1909 996 2718; x_wconf 95' lang='lat' dir='ltr'> </span> 
     </span>
    </p>
   </div>
   <div class='ocr_carea' id='block_1_14' title="bbox 1015 335 1762 2734">
    <p class='ocr_par' dir='ltr' id='par_1_16' title="bbox 1017 335 1762 1338">
     <span class='ocr_line' id='line_1_61' title="bbox 1021 335 1762 380; baseline 0.005 -13"><span class='ocrx_word' id='word_1_282' title='bbox 1021 335 1069 367; x_wconf 86' lang='lat' dir='ltr'>nis</span> <span class='ocrx_word' id='word_1_283' title='bbox 1091 335 1214 376; x_wconf 81' lang='lat' dir='ltr'>affectu,</span> <span class='ocrx_word' id='word_1_284' title='bbox 1241 348 1278 369; x_wconf 87' lang='lat' dir='ltr'>ac</span> <span class='ocrx_word' id='word_1_285' title='bbox 1304 337 1437 380; x_wconf 87' lang='lat' dir='ltr'>privatis</span> <span class='ocrx_word' id='word_1_286' title='bbox 1462 338 1640 371; x_wconf 88' lang='lat' dir='ltr'>commodis</span> <span class='ocrx_word' id='word_1_287' title='bbox 1659 344 1691 371; x_wconf 87' lang='lat' dir='ltr'>et</span> <span class='ocrx_word' id='word_1_288' title='bbox 1708 338 1762 371; x_wconf 90' lang='lat' dir='ltr'>de—</span> 
     </span>
     <span class='ocr_line' id='line_1_62' title="bbox 1020 387 1761 434; baseline 0.009 -15"><span class='ocrx_word' id='word_1_289' title='bbox 1020 387 1149 420; x_wconf 86' lang='lat' dir='ltr'>sideriis</span> <span class='ocrx_word' id='word_1_290' title='bbox 1168 390 1311 429; x_wconf 78' lang='lat' dir='ltr'>remotis,</span> <span class='ocrx_word' id='word_1_291' title='bbox 1329 395 1425 433; x_wconf 85' lang='lat' dir='ltr'>atque</span> <span class='ocrx_word' id='word_1_292' title='bbox 1450 390 1633 434; x_wconf 90' lang='lat' dir='ltr'>principum</span> <span class='ocrx_word' id='word_1_293' title='bbox 1652 403 1761 426; x_wconf 83' lang='lat' dir='ltr'>saecu-</span> 
     </span>
     <span class='ocr_line' id='line_1_63' title="bbox 1020 441 1759 489; baseline 0.008 -15"><span class='ocrx_word' id='word_1_294' title='bbox 1020 441 1134 474; x_wconf 91' lang='lat' dir='ltr'>larium</span> <span class='ocrx_word' id='word_1_295' title='bbox 1153 442 1451 483; x_wconf 82' lang='lat' dir='ltr'>intercessionibus,</span> <span class='ocrx_word' id='word_1_296' title='bbox 1471 446 1650 489; x_wconf 85' lang='lat' dir='ltr'>ceterisque</span> <span class='ocrx_word' id='word_1_297' title='bbox 1669 457 1759 480; x_wconf 89' lang='lat' dir='ltr'>mnn—</span> 
     </span>
     <span class='ocr_line' id='line_1_64' title="bbox 1020 494 1759 539; baseline 0.008 -14"><span class='ocrx_word' id='word_1_298' title='bbox 1020 494 1109 526; x_wconf 89' lang='lat' dir='ltr'>danis</span> <span class='ocrx_word' id='word_1_299' title='bbox 1135 495 1360 537; x_wconf 88' lang='lat' dir='ltr'>respectibus,</span> <span class='ocrx_word' id='word_1_300' title='bbox 1386 507 1422 528; x_wconf 90' lang='lat' dir='ltr'>ac</span> <span class='ocrx_word' id='word_1_301' title='bbox 1447 497 1542 529; x_wconf 89' lang='lat' dir='ltr'>etiam</span> <span class='ocrx_word' id='word_1_302' title='bbox 1577 498 1657 539; x_wconf 83' lang='lat' dir='ltr'>grati</span> <span class='ocrx_word' id='word_1_303' title='bbox 1690 499 1759 531; x_wconf 80' lang='lat' dir='ltr'>ani—</span> 
     </span>
     <span class='ocr_line' id='line_1_65' title="bbox 1019 547 1758 586; baseline 0.008 -7"><span class='ocrx_word' id='word_1_304' title='bbox 1019 547 1060 579; x_wconf 89' lang='lat' dir='ltr'>mi</span> <span class='ocrx_word' id='word_1_305' title='bbox 1098 554 1129 579; x_wconf 86' lang='lat' dir='ltr'>et</span> <span class='ocrx_word' id='word_1_306' title='bbox 1165 548 1305 580; x_wconf 88' lang='lat' dir='ltr'>cuiusvis</span> <span class='ocrx_word' id='word_1_307' title='bbox 1342 549 1475 582; x_wconf 87' lang='lat' dir='ltr'>alterius</span> <span class='ocrx_word' id='word_1_308' title='bbox 1509 552 1758 586; x_wconf 82' lang='lat' dir='ltr'>necessitudinis</span> 
     </span>
     <span class='ocr_line' id='line_1_66' title="bbox 1021 601 1756 648; baseline 0.01 -16"><span class='ocrx_word' id='word_1_309' title='bbox 1021 601 1112 633; x_wconf 87' lang='lat' dir='ltr'>titulo</span> <span class='ocrx_word' id='word_1_310' title='bbox 1138 602 1269 634; x_wconf 87' lang='lat' dir='ltr'>minime</span> <span class='ocrx_word' id='word_1_311' title='bbox 1296 603 1426 635; x_wconf 87' lang='lat' dir='ltr'>attentis</span> <span class='ocrx_word' id='word_1_312' title='bbox 1451 610 1482 636; x_wconf 93' lang='lat' dir='ltr'>et</span> <span class='ocrx_word' id='word_1_313' title='bbox 1500 606 1701 648; x_wconf 85' lang='lat' dir='ltr'>postpositis,</span> <span class='ocrx_word' id='word_1_314' title='bbox 1721 617 1756 640; x_wconf 82' lang='lat' dir='ltr'>se</span> 
     </span>
     <span class='ocr_line' id='line_1_67' title="bbox 1019 655 1759 701; baseline 0.007 -14"><span class='ocrx_word' id='word_1_315' title='bbox 1019 660 1132 696; x_wconf 81' lang='lat' dir='ltr'>gerant</span> <span class='ocrx_word' id='word_1_316' title='bbox 1158 655 1195 687; x_wconf 88' lang='lat' dir='ltr'>ad</span> <span class='ocrx_word' id='word_1_317' title='bbox 1223 655 1410 697; x_wconf 88' lang='lat' dir='ltr'>eligendum</span> <span class='ocrx_word' id='word_1_318' title='bbox 1444 667 1535 696; x_wconf 88' lang='lat' dir='ltr'>eum,</span> <span class='ocrx_word' id='word_1_319' title='bbox 1563 669 1658 701; x_wconf 87' lang='lat' dir='ltr'>quem</span> <span class='ocrx_word' id='word_1_320' title='bbox 1688 660 1759 692; x_wconf 86' lang='lat' dir='ltr'>uni-</span> 
     </span>
     <span class='ocr_line' id='line_1_68' title="bbox 1019 708 1755 756; baseline 0.007 -16"><span class='ocrx_word' id='word_1_321' title='bbox 1019 708 1132 741; x_wconf 86' lang='lat' dir='ltr'>versali</span> <span class='ocrx_word' id='word_1_322' title='bbox 1177 708 1343 741; x_wconf 86' lang='lat' dir='ltr'>Ecclesiae</span> <span class='ocrx_word' id='word_1_323' title='bbox 1384 709 1547 743; x_wconf 84' lang='lat' dir='ltr'>fructuose</span> <span class='ocrx_word' id='word_1_324' title='bbox 1567 712 1755 756; x_wconf 85' lang='lat' dir='ltr'>utiliterque</span> 
     </span>
     <span class='ocr_line' id='line_1_69' title="bbox 1019 761 1756 803; baseline 0.011 -11"><span class='ocrx_word' id='word_1_325' title='bbox 1019 761 1252 803; x_wconf 73' lang='lat' dir='ltr'>gubernandae</span> <span class='ocrx_word' id='word_1_326' title='bbox 1279 762 1433 795; x_wconf 87' lang='lat' dir='ltr'>idoneum</span> <span class='ocrx_word' id='word_1_327' title='bbox 1460 765 1636 797; x_wconf 85' lang='lat' dir='ltr'>secundum</span> <span class='ocrx_word' id='word_1_328' title='bbox 1659 767 1756 800; x_wconf 87' lang='lat' dir='ltr'>Deum</span> 
     </span>
     <span class='ocr_line' id='line_1_70' title="bbox 1018 815 1758 861; baseline 0.008 -15"><span class='ocrx_word' id='word_1_329' title='bbox 1018 815 1250 853; x_wconf 77' lang='lat' dir='ltr'>iudicaverint3</span> <span class='ocrx_word' id='word_1_330' title='bbox 1290 826 1325 848; x_wconf 88' lang='lat' dir='ltr'>ac</span> <span class='ocrx_word' id='word_1_331' title='bbox 1360 826 1523 849; x_wconf 88' lang='lat' dir='ltr'>memores</span> <span class='ocrx_word' id='word_1_332' title='bbox 1556 819 1758 861; x_wconf 87' lang='lat' dir='ltr'>supradicta-</span> 
     </span>
     <span class='ocr_line' id='line_1_71' title="bbox 1020 868 1757 916; baseline 0.012 -18"><span class='ocrx_word' id='word_1_333' title='bbox 1020 878 1088 899; x_wconf 85' lang='lat' dir='ltr'>rum</span> <span class='ocrx_word' id='word_1_334' title='bbox 1123 868 1392 902; x_wconf 85' lang='lat' dir='ltr'>constitutionum</span> <span class='ocrx_word' id='word_1_335' title='bbox 1435 881 1682 916; x_wconf 85' lang='lat' dir='ltr'>poenarumque</span> <span class='ocrx_word' id='word_1_336' title='bbox 1725 875 1757 907; x_wconf 91' lang='lat' dir='ltr'>in</span> 
     </span>
     <span class='ocr_line' id='line_1_72' title="bbox 1019 920 1756 967; baseline 0.012 -16"><span class='ocrx_word' id='word_1_337' title='bbox 1019 920 1064 952; x_wconf 89' lang='lat' dir='ltr'>eis</span> <span class='ocrx_word' id='word_1_338' title='bbox 1090 926 1317 954; x_wconf 85' lang='lat' dir='ltr'>contentarum</span> <span class='ocrx_word' id='word_1_339' title='bbox 1335 949 1342 959; x_wconf 86' lang='lat'>,</span> <span class='ocrx_word' id='word_1_340' title='bbox 1367 933 1407 955; x_wconf 89' lang='lat' dir='ltr'>ne</span> <span class='ocrx_word' id='word_1_341' title='bbox 1433 924 1610 967; x_wconf 83' lang='lat' dir='ltr'>quidquam</span> <span class='ocrx_word' id='word_1_342' title='bbox 1637 928 1756 966; x_wconf 84' lang='lat' dir='ltr'>facere,</span> 
     </span>
     <span class='ocr_line' id='line_1_73' title="bbox 1019 974 1757 1021; baseline 0.014 -16"><span class='ocrx_word' id='word_1_343' title='bbox 1019 974 1189 1007; x_wconf 87' lang='lat' dir='ltr'>admittere</span> <span class='ocrx_word' id='word_1_344' title='bbox 1215 981 1271 1007; x_wconf 86' lang='lat' dir='ltr'>aut</span> <span class='ocrx_word' id='word_1_345' title='bbox 1296 977 1480 1016; x_wconf 87' lang='lat' dir='ltr'>attendere,</span> <span class='ocrx_word' id='word_1_346' title='bbox 1507 979 1594 1021; x_wconf 91' lang='lat' dir='ltr'>quod</span> <span class='ocrx_word' id='word_1_347' title='bbox 1628 980 1667 1012; x_wconf 86' lang='lat' dir='ltr'>ab</span> <span class='ocrx_word' id='word_1_348' title='bbox 1696 982 1757 1015; x_wconf 87' lang='lat' dir='ltr'>hoc</span> 
     </span>
     <span class='ocr_line' id='line_1_74' title="bbox 1019 1028 1758 1076; baseline 0.014 -18"><span class='ocrx_word' id='word_1_349' title='bbox 1019 1028 1187 1071; x_wconf 86' lang='lat' dir='ltr'>proposito</span> <span class='ocrx_word' id='word_1_350' title='bbox 1213 1029 1356 1062; x_wconf 86' lang='lat' dir='ltr'>alienum</span> <span class='ocrx_word' id='word_1_351' title='bbox 1380 1031 1431 1070; x_wconf 84' lang='lat' dir='ltr'>sit,</span> <span class='ocrx_word' id='word_1_352' title='bbox 1459 1033 1507 1064; x_wconf 78' lang='lat' dir='ltr'>rel</span> <span class='ocrx_word' id='word_1_353' title='bbox 1532 1043 1592 1075; x_wconf 89' lang='lat' dir='ltr'>per</span> <span class='ocrx_word' id='word_1_354' title='bbox 1617 1035 1701 1076; x_wconf 82' lang='lat' dir='ltr'>quod</span> <span class='ocrx_word' id='word_1_355' title='bbox 1725 1045 1758 1068; x_wconf 89' lang='lat' dir='ltr'>e-</span> 
     </span>
     <span class='ocr_line' id='line_1_75' title="bbox 1019 1082 1757 1123; baseline 0.011 -9"><span class='ocrx_word' id='word_1_356' title='bbox 1019 1082 1114 1114; x_wconf 87' lang='lat' dir='ltr'>lectio</span> <span class='ocrx_word' id='word_1_357' title='bbox 1152 1083 1353 1123; x_wconf 80' lang='lat' dir='ltr'>retardetur,</span> <span class='ocrx_word' id='word_1_358' title='bbox 1380 1089 1433 1116; x_wconf 82' lang='lat' dir='ltr'>ant</span> <span class='ocrx_word' id='word_1_359' title='bbox 1469 1085 1611 1119; x_wconf 88' lang='lat' dir='ltr'>libertati</span> <span class='ocrx_word' id='word_1_360' title='bbox 1647 1088 1757 1122; x_wconf 82' lang='lat' dir='ltr'>suffra-</span> 
     </span>
     <span class='ocr_line' id='line_1_76' title="bbox 1018 1135 1755 1182; baseline 0.014 -16"><span class='ocrx_word' id='word_1_361' title='bbox 1018 1135 1113 1176; x_wconf 84' lang='lat' dir='ltr'>gandi</span> <span class='ocrx_word' id='word_1_362' title='bbox 1137 1137 1369 1179; x_wconf 85' lang='lat' dir='ltr'>quoquomodo</span> <span class='ocrx_word' id='word_1_363' title='bbox 1388 1138 1558 1180; x_wconf 85' lang='lat' dir='ltr'>officiatur,</span> <span class='ocrx_word' id='word_1_364' title='bbox 1577 1151 1634 1182; x_wconf 89' lang='lat' dir='ltr'>per</span> <span class='ocrx_word' id='word_1_365' title='bbox 1655 1152 1689 1174; x_wconf 90' lang='lat' dir='ltr'>se</span> <span class='ocrx_word' id='word_1_366' title='bbox 1708 1146 1755 1177; x_wconf 88' lang='lat' dir='ltr'>vel</span> 
     </span>
     <span class='ocr_line' id='line_1_77' title="bbox 1017 1189 1757 1237; baseline 0.012 -17"><span class='ocrx_word' id='word_1_367' title='bbox 1017 1190 1127 1227; x_wconf 83' lang='lat' dir='ltr'>alium,</span> <span class='ocrx_word' id='word_1_368' title='bbox 1153 1189 1274 1222; x_wconf 86' lang='lat' dir='ltr'>directe</span> <span class='ocrx_word' id='word_1_369' title='bbox 1299 1196 1353 1222; x_wconf 88' lang='lat' dir='ltr'>aut</span> <span class='ocrx_word' id='word_1_370' title='bbox 1378 1191 1546 1233; x_wconf 86' lang='lat' dir='ltr'>indirecte,</span> <span class='ocrx_word' id='word_1_371' title='bbox 1571 1196 1684 1237; x_wconf 89' lang='lat' dir='ltr'>quovis</span> <span class='ocrx_word' id='word_1_372' title='bbox 1705 1207 1757 1230; x_wconf 88' lang='lat' dir='ltr'>co-</span> 
     </span>
     <span class='ocr_line' id='line_1_78' title="bbox 1018 1244 1755 1287; baseline 0.009 -13"><span class='ocrx_word' id='word_1_373' title='bbox 1018 1244 1085 1275; x_wconf 89' lang='lat' dir='ltr'>lore</span> <span class='ocrx_word' id='word_1_374' title='bbox 1111 1248 1280 1286; x_wconf 84' lang='lat' dir='ltr'>praetextu</span> <span class='ocrx_word' id='word_1_375' title='bbox 1305 1245 1354 1277; x_wconf 87' lang='lat' dir='ltr'>vel</span> <span class='ocrx_word' id='word_1_376' title='bbox 1380 1245 1512 1287; x_wconf 86' lang='lat' dir='ltr'>ingenio</span> <span class='ocrx_word' id='word_1_377' title='bbox 1530 1247 1669 1281; x_wconf 84' lang='lat' dir='ltr'>audeant</span> <span class='ocrx_word' id='word_1_378' title='bbox 1698 1260 1755 1283; x_wconf 86' lang='lat' dir='ltr'>seu</span> 
     </span>
     <span class='ocr_line' id='line_1_79' title="bbox 1017 1303 1238 1338; baseline 0.009 -11"><span class='ocrx_word' id='word_1_379' title='bbox 1017 1303 1238 1338; x_wconf 84' lang='lat' dir='ltr'>praesumant.</span> 
     </span>
    </p>

    <p class='ocr_par' dir='ltr' id='par_1_17' title="bbox 1015 1350 1758 2734">
     <span class='ocr_line' id='line_1_80' title="bbox 1061 1350 1755 1396; baseline 0.013 -15"><span class='ocrx_word' id='word_1_380' title='bbox 1061 1350 1075 1392; x_wconf 62' lang='grc' dir='ltr'><strong>ξ</strong></span> <span class='ocrx_word' id='word_1_381' title='bbox 1100 1350 1131 1382; x_wconf 70' lang='grc' dir='ltr'>Γ».</span> <span class='ocrx_word' id='word_1_382' title='bbox 1159 1351 1259 1383; x_wconf 76' lang='lat' dir='ltr'>Porro</span> <span class='ocrx_word' id='word_1_383' title='bbox 1285 1352 1324 1383; x_wconf 88' lang='lat' dir='ltr'>ab</span> <span class='ocrx_word' id='word_1_384' title='bbox 1350 1352 1471 1385; x_wconf 87' lang='lat' dir='ltr'>eisdem</span> <span class='ocrx_word' id='word_1_385' title='bbox 1497 1355 1755 1396; x_wconf 69' lang='lat' dir='ltr'>praedecessori</span> 
     </span>
     <span class='ocr_line' id='line_1_81' title="bbox 1018 1404 1758 1454; baseline 0.009 -20"><span class='ocrx_word' id='word_1_386' title='bbox 1018 1404 1075 1435; x_wconf 88' lang='lat' dir='ltr'>bus</span> <span class='ocrx_word' id='word_1_387' title='bbox 1101 1405 1233 1446; x_wconf 86' lang='lat' dir='ltr'>provide</span> <span class='ocrx_word' id='word_1_388' title='bbox 1259 1406 1468 1439; x_wconf 86' lang='lat' dir='ltr'>constitutum</span> <span class='ocrx_word' id='word_1_389' title='bbox 1495 1414 1564 1448; x_wconf 83' lang='lat' dir='ltr'>est⁷</span> <span class='ocrx_word' id='word_1_390' title='bbox 1591 1415 1644 1447; x_wconf 79' lang='lat' dir='ltr'>ut,</span> <span class='ocrx_word' id='word_1_391' title='bbox 1672 1413 1758 1454; x_wconf 65' lang='lat' dir='ltr'>Apo-</span> 
     </span>
     <span class='ocr_line' id='line_1_82' title="bbox 1018 1458 1757 1502; baseline 0.012 -13"><span class='ocrx_word' id='word_1_392' title='bbox 1018 1458 1151 1490; x_wconf 84' lang='lat' dir='ltr'>stolicae</span> <span class='ocrx_word' id='word_1_393' title='bbox 1177 1458 1267 1491; x_wconf 80' lang='lat' dir='ltr'>Sedis</span> <span class='ocrx_word' id='word_1_394' title='bbox 1294 1461 1458 1493; x_wconf 88' lang='lat' dir='ltr'>vacatione</span> <span class='ocrx_word' id='word_1_395' title='bbox 1485 1462 1632 1502; x_wconf 86' lang='lat' dir='ltr'>durante,</span> <span class='ocrx_word' id='word_1_396' title='bbox 1658 1466 1757 1498; x_wconf 84' lang='lat' dir='ltr'>colle-</span> 
     </span>
     <span class='ocr_line' id='line_1_83' title="bbox 1018 1511 1758 1557; baseline 0.014 -16"><span class='ocrx_word' id='word_1_397' title='bbox 1018 1511 1105 1552; x_wconf 82' lang='lat' dir='ltr'>gium</span> <span class='ocrx_word' id='word_1_398' title='bbox 1131 1512 1345 1544; x_wconf 90' lang='lat' dir='ltr'>cardinalium</span> <span class='ocrx_word' id='word_1_399' title='bbox 1371 1513 1402 1545; x_wconf 93' lang='lat' dir='ltr'>in</span> <span class='ocrx_word' id='word_1_400' title='bbox 1429 1514 1480 1553; x_wconf 89' lang='lat' dir='ltr'>iis,</span> <span class='ocrx_word' id='word_1_401' title='bbox 1506 1526 1587 1557; x_wconf 85' lang='lat' dir='ltr'>quae</span> <span class='ocrx_word' id='word_1_402' title='bbox 1613 1517 1650 1549; x_wconf 93' lang='lat' dir='ltr'>ad</span> <span class='ocrx_word' id='word_1_403' title='bbox 1678 1518 1758 1550; x_wconf 86' lang='lat' dir='ltr'>Pon-</span> 
     </span>
     <span class='ocr_line' id='line_1_84' title="bbox 1019 1564 1757 1614; baseline 0.011 -18"><span class='ocrx_word' id='word_1_404' title='bbox 1019 1564 1135 1596; x_wconf 85' lang='lat' dir='ltr'>tificem</span> <span class='ocrx_word' id='word_1_405' title='bbox 1161 1565 1356 1605; x_wconf 81' lang='lat' dir='ltr'>maximum,</span> <span class='ocrx_word' id='word_1_406' title='bbox 1384 1567 1459 1599; x_wconf 89' lang='lat' dir='ltr'>dum</span> <span class='ocrx_word' id='word_1_407' title='bbox 1486 1568 1628 1609; x_wconf 90' lang='lat' dir='ltr'>viveret,</span> <span class='ocrx_word' id='word_1_408' title='bbox 1654 1573 1757 1614; x_wconf 88' lang='lat' dir='ltr'>perti-</span> 
     </span>
     <span class='ocr_line' id='line_1_85' title="bbox 1017 1618 1758 1664; baseline 0.012 -15"><span class='ocrx_word' id='word_1_409' title='bbox 1017 1618 1153 1657; x_wconf 88' lang='lat' dir='ltr'>nebant,</span> <span class='ocrx_word' id='word_1_410' title='bbox 1180 1619 1301 1651; x_wconf 86' lang='lat' dir='ltr'>nullam</span> <span class='ocrx_word' id='word_1_411' title='bbox 1328 1621 1459 1653; x_wconf 90' lang='lat' dir='ltr'>omuino</span> <span class='ocrx_word' id='word_1_412' title='bbox 1484 1628 1678 1664; x_wconf 85' lang='lat' dir='ltr'>potestatem</span> <span class='ocrx_word' id='word_1_413' title='bbox 1704 1633 1758 1658; x_wconf 90' lang='lat' dir='ltr'>aut</span> 
     </span>
     <span class='ocr_line' id='line_1_86' title="bbox 1017 1671 1753 1720; baseline 0.012 -18"><span class='ocrx_word' id='word_1_414' title='bbox 1017 1671 1275 1705; x_wconf 88' lang='lat' dir='ltr'>iurisdictionem</span> <span class='ocrx_word' id='word_1_415' title='bbox 1312 1673 1451 1714; x_wconf 86' lang='lat' dir='ltr'>habeat,</span> <span class='ocrx_word' id='word_1_416' title='bbox 1478 1685 1585 1718; x_wconf 90' lang='lat' dir='ltr'>neque</span> <span class='ocrx_word' id='word_1_417' title='bbox 1618 1677 1753 1720; x_wconf 81' lang='lat' dir='ltr'>gratiam</span> 
     </span>
     <span class='ocr_line' id='line_1_87' title="bbox 1017 1724 1757 1775; baseline 0.014 -19"><span class='ocrx_word' id='word_1_418' title='bbox 1017 1735 1123 1767; x_wconf 84' lang='lat' dir='ltr'>neque</span> <span class='ocrx_word' id='word_1_419' title='bbox 1150 1724 1303 1758; x_wconf 88' lang='lat' dir='ltr'>iustitiam</span> <span class='ocrx_word' id='word_1_420' title='bbox 1335 1726 1474 1760; x_wconf 89' lang='lat' dir='ltr'>faciendi</span> <span class='ocrx_word' id='word_1_421' title='bbox 1511 1735 1566 1761; x_wconf 89' lang='lat' dir='ltr'>aut</span> <span class='ocrx_word' id='word_1_422' title='bbox 1590 1730 1674 1764; x_wconf 87' lang='lat' dir='ltr'>facta</span> <span class='ocrx_word' id='word_1_423' title='bbox 1697 1743 1757 1775; x_wconf 89' lang='lat' dir='ltr'>per</span> 
     </span>
     <span class='ocr_line' id='line_1_88' title="bbox 1016 1777 1755 1818; baseline 0.012 -8"><span class='ocrx_word' id='word_1_424' title='bbox 1016 1777 1203 1811; x_wconf 81' lang='lat' dir='ltr'>Pontificem</span> <span class='ocrx_word' id='word_1_425' title='bbox 1222 1779 1410 1813; x_wconf 87' lang='lat' dir='ltr'>defunctum</span> <span class='ocrx_word' id='word_1_426' title='bbox 1425 1782 1607 1815; x_wconf 83' lang='lat' dir='ltr'>executioni</span> <span class='ocrx_word' id='word_1_427' title='bbox 1626 1785 1755 1818; x_wconf 91' lang='lat' dir='ltr'>deman-</span> 
     </span>
     <span class='ocr_line' id='line_1_89' title="bbox 1017 1832 1755 1872; baseline 0.011 -8"><span class='ocrx_word' id='word_1_428' title='bbox 1017 1832 1124 1871; x_wconf 86' lang='lat' dir='ltr'>dandi,</span> <span class='ocrx_word' id='word_1_429' title='bbox 1150 1833 1206 1865; x_wconf 86' lang='lat' dir='ltr'>sed</span> <span class='ocrx_word' id='word_1_430' title='bbox 1232 1834 1340 1866; x_wconf 88' lang='lat' dir='ltr'>omnia</span> <span class='ocrx_word' id='word_1_431' title='bbox 1361 1834 1468 1868; x_wconf 86' lang='lat' dir='ltr'>futuro</span> <span class='ocrx_word' id='word_1_432' title='bbox 1487 1835 1632 1870; x_wconf 85' lang='lat' dir='ltr'>Pontifici</span> <span class='ocrx_word' id='word_1_433' title='bbox 1650 1849 1755 1872; x_wconf 84' lang='lat' dir='ltr'>reser—</span> 
     </span>
     <span class='ocr_line' id='line_1_90' title="bbox 1016 1887 1752 1935; baseline 0.014 -19"><span class='ocrx_word' id='word_1_434' title='bbox 1016 1892 1152 1918; x_wconf 83' lang='lat' dir='ltr'>ventur:</span> <span class='ocrx_word' id='word_1_435' title='bbox 1193 1897 1299 1929; x_wconf 89' lang='lat' dir='ltr'>neque</span> <span class='ocrx_word' id='word_1_436' title='bbox 1336 1887 1374 1920; x_wconf 90' lang='lat' dir='ltr'>de</span> <span class='ocrx_word' id='word_1_437' title='bbox 1416 1889 1539 1922; x_wconf 89' lang='lat' dir='ltr'>ditione</span> <span class='ocrx_word' id='word_1_438' title='bbox 1582 1895 1752 1935; x_wconf 89' lang='lat' dir='ltr'>temporali</span> 
     </span>
     <span class='ocr_line' id='line_1_91' title="bbox 1015 1939 1756 1983; baseline 0.013 -13"><span class='ocrx_word' id='word_1_439' title='bbox 1015 1939 1045 1971; x_wconf 87' lang='lat' dir='ltr'>S.</span> <span class='ocrx_word' id='word_1_440' title='bbox 1074 1939 1110 1971; x_wconf 77' lang='lat' dir='ltr'>P..</span> <span class='ocrx_word' id='word_1_441' title='bbox 1141 1939 1176 1971; x_wconf 91' lang='lat' dir='ltr'>E.</span> <span class='ocrx_word' id='word_1_442' title='bbox 1211 1941 1260 1972; x_wconf 86' lang='lat' dir='ltr'>vel</span> <span class='ocrx_word' id='word_1_443' title='bbox 1287 1941 1326 1973; x_wconf 89' lang='lat' dir='ltr'>de</span> <span class='ocrx_word' id='word_1_444' title='bbox 1351 1942 1500 1983; x_wconf 82' lang='lat' dir='ltr'>pecuniis</span> <span class='ocrx_word' id='word_1_445' title='bbox 1527 1943 1679 1978; x_wconf 83' lang='lat' dir='ltr'>Gamerae</span> <span class='ocrx_word' id='word_1_446' title='bbox 1703 1954 1756 1980; x_wconf 85' lang='lat' dir='ltr'>aut</span> 
     </span>
     <span class='ocr_line' id='line_1_92' title="bbox 1016 1992 1755 2040; baseline 0.014 -17"><span class='ocrx_word' id='word_1_447' title='bbox 1016 1992 1163 2025; x_wconf 86' lang='lat' dir='ltr'>Datariae</span> <span class='ocrx_word' id='word_1_448' title='bbox 1201 1994 1406 2036; x_wconf 86' lang='lat' dir='ltr'>Apostolicae</span> <span class='ocrx_word' id='word_1_449' title='bbox 1440 1996 1536 2029; x_wconf 89' lang='lat' dir='ltr'>etiam</span> <span class='ocrx_word' id='word_1_450' title='bbox 1573 2008 1632 2040; x_wconf 89' lang='lat' dir='ltr'>pro</span> <span class='ocrx_word' id='word_1_451' title='bbox 1664 2001 1755 2033; x_wconf 90' lang='lat' dir='ltr'>solu-</span> 
     </span>
     <span class='ocr_line' id='line_1_93' title="bbox 1016 2046 1756 2086; baseline 0.012 -9"><span class='ocrx_word' id='word_1_452' title='bbox 1016 2046 1101 2078; x_wconf 87' lang='lat' dir='ltr'>tione</span> <span class='ocrx_word' id='word_1_453' title='bbox 1128 2047 1314 2079; x_wconf 89' lang='lat' dir='ltr'>debitorum</span> <span class='ocrx_word' id='word_1_454' title='bbox 1340 2053 1414 2081; x_wconf 85' lang='lat' dir='ltr'>ante</span> <span class='ocrx_word' id='word_1_455' title='bbox 1440 2049 1565 2083; x_wconf 88' lang='lat' dir='ltr'>obitum</span> <span class='ocrx_word' id='word_1_456' title='bbox 1589 2051 1756 2086; x_wconf 77' lang='lat' dir='ltr'>Pontificis</span> 
     </span>
     <span class='ocr_line' id='line_1_94' title="bbox 1016 2101 1754 2143; baseline 0.012 -12"><span class='ocrx_word' id='word_1_457' title='bbox 1016 2101 1265 2142; x_wconf 84' lang='lat' dir='ltr'>quomodolibet</span> <span class='ocrx_word' id='word_1_458' title='bbox 1290 2108 1554 2143; x_wconf 84' lang='lat' dir='ltr'>contractorum,</span> <span class='ocrx_word' id='word_1_459' title='bbox 1589 2111 1643 2138; x_wconf 86' lang='lat' dir='ltr'>aut</span> <span class='ocrx_word' id='word_1_460' title='bbox 1675 2108 1754 2140; x_wconf 69' lang='lat' dir='ltr'>alias</span> 
     </span>
     <span class='ocr_line' id='line_1_95' title="bbox 1016 2154 1757 2199; baseline 0.015 -16"><span class='ocrx_word' id='word_1_461' title='bbox 1016 2165 1051 2184; x_wconf 63' lang='lat' dir='ltr'>ex</span> <span class='ocrx_word' id='word_1_462' title='bbox 1079 2154 1190 2196; x_wconf 81' lang='lat' dir='ltr'>quavis</span> <span class='ocrx_word' id='word_1_463' title='bbox 1217 2158 1311 2187; x_wconf 77' lang='lat' dir='ltr'>causa</span> <span class='ocrx_word' id='word_1_464' title='bbox 1348 2156 1458 2192; x_wconf 77' lang='lat' dir='ltr'>(certis</span> <span class='ocrx_word' id='word_1_465' title='bbox 1484 2157 1676 2199; x_wconf 82' lang='lat' dir='ltr'>quibusdam</span> <span class='ocrx_word' id='word_1_466' title='bbox 1704 2172 1757 2193; x_wconf 89' lang='lat' dir='ltr'>ca-</span> 
     </span>
     <span class='ocr_line' id='line_1_96' title="bbox 1017 2207 1756 2256; baseline 0.011 -18"><span class='ocrx_word' id='word_1_467' title='bbox 1017 2207 1106 2239; x_wconf 87' lang='lat' dir='ltr'>sibus</span> <span class='ocrx_word' id='word_1_468' title='bbox 1125 2207 1288 2249; x_wconf 74' lang='lat' dir='ltr'>expressis</span> <span class='ocrx_word' id='word_1_469' title='bbox 1304 2208 1468 2242; x_wconf 76' lang='lat' dir='ltr'>dumtaxat</span> <span class='ocrx_word' id='word_1_470' title='bbox 1486 2212 1642 2254; x_wconf 80' lang='lat' dir='ltr'>exccptis&#39;)</span> <span class='ocrx_word' id='word_1_471' title='bbox 1662 2214 1756 2256; x_wconf 84' lang='lat' dir='ltr'>quid-</span> 
     </span>
     <span class='ocr_line' id='line_1_97' title="bbox 1017 2261 1756 2307; baseline 0.011 -15"><span class='ocrx_word' id='word_1_472' title='bbox 1017 2271 1111 2304; x_wconf 87' lang='lat' dir='ltr'>quam</span> <span class='ocrx_word' id='word_1_473' title='bbox 1139 2261 1325 2303; x_wconf 85' lang='lat' dir='ltr'>disponere,</span> <span class='ocrx_word' id='word_1_474' title='bbox 1347 2272 1408 2295; x_wconf 87' lang='lat' dir='ltr'>nec</span> <span class='ocrx_word' id='word_1_475' title='bbox 1426 2263 1464 2295; x_wconf 90' lang='lat' dir='ltr'>ad</span> <span class='ocrx_word' id='word_1_476' title='bbox 1485 2265 1653 2307; x_wconf 89' lang='lat' dir='ltr'>proprium</span> <span class='ocrx_word' id='word_1_477' title='bbox 1672 2277 1756 2300; x_wconf 92' lang='lat' dir='ltr'>com-</span> 
     </span>
     <span class='ocr_line' id='line_1_98' title="bbox 1018 2313 1756 2358; baseline 0.011 -13"><span class='ocrx_word' id='word_1_478' title='bbox 1018 2313 1147 2346; x_wconf 88' lang='lat' dir='ltr'>modum</span> <span class='ocrx_word' id='word_1_479' title='bbox 1173 2314 1296 2357; x_wconf 87' lang='lat' dir='ltr'>aliquid</span> <span class='ocrx_word' id='word_1_480' title='bbox 1324 2315 1504 2358; x_wconf 81' lang='lat' dir='ltr'>percipere,</span> <span class='ocrx_word' id='word_1_481' title='bbox 1526 2327 1586 2349; x_wconf 86' lang='lat' dir='ltr'>nec</span> <span class='ocrx_word' id='word_1_482' title='bbox 1607 2329 1661 2351; x_wconf 86' lang='lat' dir='ltr'>aes</span> <span class='ocrx_word' id='word_1_483' title='bbox 1680 2320 1756 2353; x_wconf 85' lang='lat' dir='ltr'>alie-</span> 
     </span>
     <span class='ocr_line' id='line_1_99' title="bbox 1017 2368 1755 2414; baseline 0.012 -16"><span class='ocrx_word' id='word_1_484' title='bbox 1017 2377 1092 2399; x_wconf 91' lang='lat' dir='ltr'>num</span> <span class='ocrx_word' id='word_1_485' title='bbox 1118 2368 1313 2400; x_wconf 87' lang='lat' dir='ltr'>contrahere</span> <span class='ocrx_word' id='word_1_486' title='bbox 1338 2369 1452 2411; x_wconf 79' lang='lat' dir='ltr'>possit.</span> <span class='ocrx_word' id='word_1_487' title='bbox 1480 2369 1550 2411; x_wconf 90' lang='lat' dir='ltr'>Nos,</span> <span class='ocrx_word' id='word_1_488' title='bbox 1570 2374 1755 2414; x_wconf 88' lang='lat' dir='ltr'>praemissa</span> 
     </span>
     <span class='ocr_line' id='line_1_100' title="bbox 1017 2421 1755 2466; baseline 0.014 -15"><span class='ocrx_word' id='word_1_489' title='bbox 1017 2421 1250 2463; x_wconf 83' lang='lat' dir='ltr'>approbantes,</span> <span class='ocrx_word' id='word_1_490' title='bbox 1277 2422 1337 2454; x_wconf 85' lang='lat' dir='ltr'>sub</span> <span class='ocrx_word' id='word_1_491' title='bbox 1354 2423 1468 2465; x_wconf 88' lang='lat' dir='ltr'>poenis</span> <span class='ocrx_word' id='word_1_492' title='bbox 1487 2434 1545 2466; x_wconf 87' lang='lat' dir='ltr'>per</span> <span class='ocrx_word' id='word_1_493' title='bbox 1561 2424 1660 2458; x_wconf 85' lang='lat' dir='ltr'>dictas</span> <span class='ocrx_word' id='word_1_494' title='bbox 1680 2437 1755 2460; x_wconf 89' lang='lat' dir='ltr'>con-</span> 
     </span>
     <span class='ocr_line' id='line_1_101' title="bbox 1017 2474 1756 2519; baseline 0.009 -13"><span class='ocrx_word' id='word_1_495' title='bbox 1017 2474 1201 2507; x_wconf 88' lang='lat' dir='ltr'>stitutiones</span> <span class='ocrx_word' id='word_1_496' title='bbox 1221 2474 1361 2515; x_wconf 84' lang='lat' dir='ltr'>indictis,</span> <span class='ocrx_word' id='word_1_497' title='bbox 1379 2476 1513 2519; x_wconf 90' lang='lat' dir='ltr'>insuper</span> <span class='ocrx_word' id='word_1_498' title='bbox 1533 2478 1704 2512; x_wconf 85' lang='lat' dir='ltr'>statuimus</span> <span class='ocrx_word' id='word_1_499' title='bbox 1724 2486 1756 2514; x_wconf 90' lang='lat' dir='ltr'>et</span> 
     </span>
     <span class='ocr_line' id='line_1_102' title="bbox 1017 2527 1755 2573; baseline 0.009 -14"><span class='ocrx_word' id='word_1_500' title='bbox 1017 2527 1220 2560; x_wconf 85' lang='lat' dir='ltr'>declaramus</span> <span class='ocrx_word' id='word_1_501' title='bbox 1246 2529 1332 2571; x_wconf 87' lang='lat' dir='ltr'>quod</span> <span class='ocrx_word' id='word_1_502' title='bbox 1369 2529 1455 2562; x_wconf 83' lang='lat' dir='ltr'>idem</span> <span class='ocrx_word' id='word_1_503' title='bbox 1481 2531 1657 2573; x_wconf 80' lang='lat' dir='ltr'>collegium</span> <span class='ocrx_word' id='word_1_504' title='bbox 1688 2543 1755 2567; x_wconf 90' lang='lat' dir='ltr'>car-</span> 
     </span>
     <span class='ocr_line' id='line_1_103' title="bbox 1017 2581 1755 2630; baseline 0.011 -18"><span class='ocrx_word' id='word_1_505' title='bbox 1017 2581 1173 2613; x_wconf 86' lang='lat' dir='ltr'>dinalium</span> <span class='ocrx_word' id='word_1_506' title='bbox 1207 2583 1358 2615; x_wconf 85' lang='lat' dir='ltr'>mandata</span> <span class='ocrx_word' id='word_1_507' title='bbox 1390 2584 1428 2615; x_wconf 89' lang='lat' dir='ltr'>de</span> <span class='ocrx_word' id='word_1_508' title='bbox 1461 2585 1624 2618; x_wconf 88' lang='lat' dir='ltr'>solvendis</span> <span class='ocrx_word' id='word_1_509' title='bbox 1657 2597 1755 2630; x_wconf 87' lang='lat' dir='ltr'>pecu-</span> 
     </span>
     <span class='ocr_line' id='line_1_104' title="bbox 1016 2634 1755 2683; baseline 0.012 -18"><span class='ocrx_word' id='word_1_510' title='bbox 1016 2634 1078 2666; x_wconf 89' lang='lat' dir='ltr'>niis</span> <span class='ocrx_word' id='word_1_511' title='bbox 1105 2635 1290 2668; x_wconf 88' lang='lat' dir='ltr'>huiusmodi</span> <span class='ocrx_word' id='word_1_512' title='bbox 1317 2637 1558 2680; x_wconf 87' lang='lat' dir='ltr'>(praeterquam</span> <span class='ocrx_word' id='word_1_513' title='bbox 1596 2639 1628 2671; x_wconf 92' lang='lat' dir='ltr'>in</span> <span class='ocrx_word' id='word_1_514' title='bbox 1660 2651 1755 2683; x_wconf 88' lang='lat' dir='ltr'>prae-</span> 
     </span>
     <span class='ocr_line' id='line_1_105' title="bbox 1016 2686 1755 2734; baseline 0.011 -15"><span class='ocrx_word' id='word_1_515' title='bbox 1016 2686 1109 2720; x_wconf 87' lang='lat' dir='ltr'>dictis</span> <span class='ocrx_word' id='word_1_516' title='bbox 1134 2688 1262 2722; x_wconf 87' lang='lat' dir='ltr'>casibus</span> <span class='ocrx_word' id='word_1_517' title='bbox 1288 2690 1429 2734; x_wconf 82' lang='lat' dir='ltr'>exceptis</span> <span class='ocrx_word' id='word_1_518' title='bbox 1447 2701 1482 2724; x_wconf 90' lang='lat' dir='ltr'>ac</span> <span class='ocrx_word' id='word_1_519' title='bbox 1502 2691 1573 2725; x_wconf 88' lang='lat' dir='ltr'>aliis</span> <span class='ocrx_word' id='word_1_520' title='bbox 1599 2693 1682 2726; x_wconf 88' lang='lat' dir='ltr'>infra</span> <span class='ocrx_word' id='word_1_521' title='bbox 1703 2705 1755 2728; x_wconf 82' lang='lat' dir='ltr'>ex-</span> 
     </span>
    </p>
   </div>
   <div class='ocr_carea' id='block_1_15' title="bbox 1655 279 1951 317">
    <p class='ocr_par' dir='ltr' id='par_1_18' title="bbox 1655 279 1951 317">
     <span class='ocr_line' id='line_1_106' title="bbox 1655 279 1951 317; baseline 0.02 -6"><span class='ocrx_word' id='word_1_522' title='bbox 1655 279 1720 312; x_wconf 65' lang='lat'>445</span> <span class='ocrx_word' id='word_1_523' title='bbox 1766 290 1817 315; x_wconf 77' lang='lat' dir='ltr'>An.</span> <span class='ocrx_word' id='word_1_524' title='bbox 1838 290 1866 316; x_wconf 92' lang='lat' dir='ltr'>c.</span> <span class='ocrx_word' id='word_1_525' title='bbox 1885 289 1951 317; x_wconf 74' lang='lat'>1732</span> 
     </span>
    </p>
   </div>
   <div class='ocr_carea' id='block_1_16' title="bbox 1769 1370 1950 1446">
    <p class='ocr_par' dir='ltr' id='par_1_19' title="bbox 1769 1370 1950 1446">
     <span class='ocr_line' id='line_1_107' title="bbox 1806 1370 1949 1400; baseline 0.014 -10"><span class='ocrx_word' id='word_1_526' title='bbox 1806 1370 1949 1400; x_wconf 74' lang='lat' dir='ltr'>Cardiuatmm</span> 
     </span>
     <span class='ocr_line' id='line_1_108' title="bbox 1769 1398 1950 1420; baseline 0.028 -5"><span class='ocrx_word' id='word_1_527' title='bbox 1769 1400 1884 1418; x_wconf 55' lang='lat' dir='ltr'>⁴uictorum</span> <span class='ocrx_word' id='word_1_528' title='bbox 1894 1398 1907 1418; x_wconf 63' lang='grc' dir='ltr'>Ξ</span> <span class='ocrx_word' id='word_1_529' title='bbox 1914 1399 1950 1420; x_wconf 63' lang='lat' dir='ltr'>*ede</span> 
     </span>
     <span class='ocr_line' id='line_1_109' title="bbox 1773 1426 1869 1446; baseline 0.042 -4"><span class='ocrx_word' id='word_1_530' title='bbox 1773 1426 1869 1446; x_wconf 52' lang='lat' dir='ltr'>meante.</span> 
     </span>
    </p>
   </div>
  </div>
 </body>
</html>
