2182 3137
87 208 137 236 Αιι.
151 208 183 235 C.
206 206 270 235 1731

901 206 1045 231 CLEMENS
1070 207 1117 231 ΧΠ
1141 208 1190 232 rP.

282 255 412 296 suerint,
433 260 465 289 et
485 266 610 295 causae,
631 261 765 300 propter
784 265 861 298 quas
887 255 1020 288 eaedem

282 315 471 353 praesentes
501 309 705 353 prodierint,
731 309 907 347 adductae,
935 319 1022 340 com-

282 362 438 406 probatae
464 368 494 395 et
520 362 700 395 veritieatae
726 372 791 394 non
817 362 954 400 suerint,
982 361 1020 392 dc

283 415 502 459 subreptionis
521 415 568 447 vel
594 415 796 458 obreptionis
813 420 868 447 aut
893 414 1023 446 nullita-

284 468 324 501 tis
338 470 389 501 vel
406 468 615 501 invaliditatis
632 468 721 508 vitio,
744 468 809 501 sive
830 466 1021 500 intentionis

283 526 413 554 nostrae
439 528 495 554 aut
519 532 723 565 quocumque
748 521 812 554 alio
850 525 1022 564 quantum-

282 575 328 607 vis
354 575 558 608 substantiali
595 585 631 607 ae
660 574 841 618 specificam
877 578 908 606 et
940 572 1023 605 indi-

281 628 408 662 viduam
442 629 684 673 expressionem
719 628 910 672 requirente
936 627 1023 660 dese-

284 687 336 716 ctu
371 683 498 723 notari,
525 682 728 726 impugnari,
763 681 955 721 invalidari,
989 680 1022 712 in

283 735 332 768 ius
355 737 406 769 vel
432 736 688 770 controversiam
724 735 850 774 vocari,
877 735 915 767 ad
941 734 1022 766 viam

284 794 317 822 et
341 789 498 823 terminos
524 789 602 822 iuris
629 789 764 829 reduci,
792 789 840 821 vel
867 788 1021 821 adversus

285 852 340 877 eas
364 842 579 875 restitutionis
613 842 643 874 in
679 842 840 884 integrum
859 868 866 881 ,
896 840 1022 874 aliudve

283 896 370 937 iuris,
396 895 471 929 sacti
495 896 544 929 vel
572 895 693 939 gratiae
720 895 897 927 remedium
920 894 1024 937 impe-

283 950 370 989 trari,
385 949 450 983 sive
470 949 564 982 etiam
581 954 669 982 motu
687 949 782 982 simili
801 959 956 981 concesso
974 949 1022 981 rel

284 1004 456 1048 impetrato
478 1003 524 1036 uti
549 1004 599 1036 vel
625 1002 724 1035 iuvari
743 1013 886 1046 unquam
905 1012 1021 1046 posse;

283 1068 389 1100 neque
416 1057 542 1090 easdem
561 1062 751 1100 praesentes
777 1057 836 1089 sub
858 1055 1023 1099 quibusvis

285 1110 438 1144 similium
463 1111 510 1144 vel
543 1111 746 1144 dissimilium
774 1110 948 1153 gratiarum
974 1120 1024 1142 re-

283 1165 521 1204 vocationibus,
546 1164 833 1208 suspensionibus,
861 1163 1025 1197 limitatio-

285 1219 390 1259 nibus,
416 1218 724 1258 modificationibus,
745 1217 1022 1259 derogationibus,

284 1272 420 1315 aliisque
438 1272 609 1304 contrariis
628 1271 908 1314 dispositionibus,
927 1271 1022 1303 etiam

285 1336 344 1369 per
366 1336 424 1359 nos
451 1331 506 1358 aut
532 1336 734 1358 successores
760 1331 889 1358 nostros
910 1325 1025 1359 Roma-

285 1389 344 1412 nos
369 1379 540 1412 Pontifices
566 1384 652 1412 motu
680 1379 775 1412 etiam
801 1379 869 1422 pari
896 1384 927 1412 et
952 1390 1023 1412 cum

286 1433 451 1477 quibusvis
478 1433 629 1467 clausulis
647 1439 677 1466 et
695 1433 833 1466 decretis
860 1433 1025 1473 faciendis,

287 1487 544 1530 comprehendi;
573 1487 626 1519 sed
654 1487 692 1519 ab
721 1487 785 1520 illis
817 1497 949 1530 semper
974 1498 1027 1520 ex-

287 1541 361 1585 cipi,
387 1546 418 1574 et
443 1541 571 1585 quoties
597 1540 670 1574 illae
699 1541 907 1580 emanabunt,
932 1541 1025 1573 toties

287 1594 319 1627 in
343 1594 516 1637 pristinum
543 1599 573 1627 et
593 1593 822 1627 validissimum
842 1599 959 1627 statum
979 1605 1027 1626 re-

288 1647 427 1687 stitutas,
451 1647 620 1691 repositas,
640 1654 671 1680 et
689 1648 728 1680 de
746 1658 828 1681 novo
854 1647 948 1680 etiam
968 1648 1026 1680 sub

288 1711 491 1745 quacumque
518 1701 695 1745 posteriori
715 1701 785 1734 data
805 1712 864 1744 per
881 1702 1028 1734 commis-

288 1755 410 1789 sarium
437 1756 637 1798 generalem,
665 1754 829 1788 ministros
848 1755 1029 1798 provincia-

288 1810 336 1843 les
360 1813 392 1842 et
416 1809 576 1847 custodes,
603 1814 790 1852 ceterosque
816 1809 932 1841 fratres
959 1820 1028 1842 sae-

289 1862 435 1906 pedictae
453 1862 594 1895 nationis
608 1873 667 1906 pro
684 1868 832 1906 tempore
853 1863 1028 1896 existentes

291 1917 564 1960 quandocumque
601 1917 750 1959 eligenda
787 1927 960 1950 concessas
1000 1922 1030 1949 et

292 1969 439 2003 efficaces
466 1970 533 2003 fore
551 1975 582 2003 et
599 1980 682 2009 esse,
701 1980 841 2014 suosque
866 1970 1029 2013 plenarios

292 2027 324 2056 et
348 2023 489 2066 integros
515 2023 648 2056 effectus
669 2023 776 2056 sortiri
804 2029 835 2057 et
860 2024 1028 2065 obtinere;

291 2077 401 2120 sicque
428 2081 457 2110 et
495 2087 560 2110 non
588 2077 681 2110 aliter
713 2087 772 2120 per
808 2088 1030 2121 quoscumque

291 2130 414 2164 iudices
439 2131 622 2164 ordinarios
643 2141 697 2163 seu
724 2131 900 2174 delegatos,
924 2132 1032 2175 quavis

292 2184 483 2218 auctoritate
517 2183 712 2227 fungentes,
738 2184 834 2216 etiam
865 2195 1032 2218 causarum

292 2238 402 2282 palatii
429 2237 598 2281 apostolici
624 2237 799 2277 auditores,
820 2248 856 2270 ac
879 2237 910 2271 S.
934 2238 969 2271 tt.
996 2237 1028 2271 E.

293 2291 368 2324 dieti
394 2290 523 2324 Ordinis
548 2296 780 2335 protectorem,
800 2291 946 2335 aliosque
968 2302 1034 2324 car-

294 2345 419 2379 dinales
445 2344 622 2387 respective
643 2355 702 2388 pro
721 2350 865 2387 tempore
893 2345 1034 2378 existen-

292 2404 352 2438 tes,
369 2398 465 2431 etiam
482 2398 521 2431 de
547 2399 645 2431 latere
671 2399 804 2440 legatos
823 2398 1031 2441 vicelegatos,

293 2452 451 2496 Sedisque
470 2452 675 2495 Apostolicae
696 2452 864 2495 praefatae
890 2453 1033 2493 nuncios,

294 2505 422 2539 sublata
448 2505 493 2538 cis
512 2510 543 2538 et
560 2515 671 2538 eorum
698 2505 831 2539 cuilibet
848 2505 957 2549 quavis
976 2507 1034 2539 ali-

294 2563 344 2593 ter
359 2558 535 2600 iudicandi,
552 2558 728 2592 definiendi
747 2564 777 2591 et
795 2559 1033 2603 interpretandi

294 2613 462 2655 facultate,
488 2611 634 2653 iudicari,
663 2611 790 2647 definiri
817 2617 847 2646 et
872 2612 1033 2658 interpre-

1042 257 1124 304 Jtari
1152 257 1291 297 debere,
1319 263 1365 298 et,
1393 257 1551 301 quidquid
1577 267 1670 290 secus
1708 255 1806 300 super

1043 332 1044 342 i
1067 310 1116 341 liis
1134 321 1150 341 a
1170 321 1333 353 quoquam
1353 311 1463 354 quavis
1481 311 1682 351 auctoritate,
1703 310 1806 343 scien-

1065 367 1112 395 ter
1136 364 1185 395 vel
1213 364 1413 405 ignoranter,
1441 364 1613 406 contigerit
1639 363 1803 404 attentari,

1066 416 1192 449 irritum
1219 423 1251 449 et
1275 418 1369 451 inane
1396 419 1615 451 decernimus.

1109 470 1123 512 ἓ
1147 469 1178 502 6.
1206 469 1274 502 Non
1297 471 1512 510 obstantibus,
1535 478 1699 514 quatenus
1725 482 1806 515 opus
1844 479 1972 504 Clausulam

1066 522 1122 562 sit,
1149 524 1260 555 nostra
1293 529 1324 555 et
1356 524 1572 557 Cancellariae
1600 526 1805 568 Apostolicae

1065 577 1178 619 regula
1205 577 1243 609 de
1270 577 1338 609 iure
1371 578 1517 619 quaesito
1544 588 1609 610 non
1637 579 1802 618 tollendo,

1067 640 1102 662 ac
1128 629 1201 662 dicti
1230 630 1396 662 Benedicti
1424 631 1684 672 praedecessoris
1708 631 1739 663 in
1762 632 1806 664 sa-

1066 693 1176 715 vorem
1200 683 1342 716 eiusdcm
1369 683 1499 716 Ordinis
1525 686 1698 723 concessa⁷
1725 695 1806 728 quae

1067 737 1183 780 incipit
1220 736 1421 769 Universalz's
1456 736 1636 777 Ecclesiae,
1666 738 1805 781 aliisque

1067 790 1162 823 etiam
1196 789 1228 822 in
1261 790 1497 833 synodalibus,
1526 790 1807 833 provincialibus,

1067 843 1304 877 universalibus
1346 849 1378 877 et
1413 843 1623 887 generalibus
1661 843 1807 876 conciliis

1069 897 1163 930 editis
1188 898 1237 930 vel
1257 897 1403 937 edendis,
1420 897 1616 940 specialibus
1641 897 1688 929 vel
1715 907 1810 938 gene-

1069 951 1201 991 ralibus,
1219 949 1527 984 constitutionibus¹
1546 956 1576 983 et
1594 950 1809 983 ordinationi-

1068 1005 1128 1037 bus
1153 1005 1354 1048 apostolicis‚
1381 1006 1522 1048 dictique
1549 1004 1688 1044 Ordinis,
1713 1004 1809 1037 etiam

1068 1059 1101 1091 in
1127 1059 1275 1102 capitulis
1303 1059 1510 1101 generalibus
1538 1058 1688 1098 conditis,
1714 1058 1810 1090 etiam

1069 1111 1251 1146 iuramento
1276 1114 1326 1145 vel
1353 1112 1464 1156 quavis
1501 1111 1650 1144 firmitate
1676 1110 1737 1143 alia
1763 1121 1811 1144 ro-

1069 1166 1200 1206 boratis,
1221 1166 1345 1199 statutis
1368 1172 1399 1199 et
1424 1165 1727 1205 consuetudinibus,
1747 1165 1811 1208 pri-

1069 1220 1194 1262 vilegiis
1219 1230 1360 1263 quoque,
1378 1220 1511 1253 indultis
1536 1224 1568 1252 et
1592 1219 1708 1252 litteris
1733 1229 1811 1262 apo-

1070 1273 1190 1306 stolicis
1215 1273 1318 1306 eidem
1345 1273 1453 1305 Ordini
1487 1279 1518 1306 et
1547 1272 1668 1305 nationi
1690 1272 1810 1315 praesa·

1071 1333 1130 1365 tae,
1146 1326 1343 1369 illorumque
1362 1325 1584 1369 superioribus
1605 1331 1634 1358 et
1651 1325 1810 1368 personis,

1070 1380 1102 1412 in
1136 1380 1335 1413 contrarium
1360 1380 1608 1424 praemissorum
1636 1378 1812 1422 quomodo-

1071 1434 1151 1467 libet
1187 1434 1283 1467 etiam
1321 1434 1443 1478 pluries
1479 1433 1667 1473 concessis,
1694 1443 1813 1476 appro-

1071 1487 1155 1519 batis
1181 1493 1212 1519 et.
1236 1487 1422 1527 innovatis,
1450 1487 1570 1530 quibus
1606 1486 1755 1520 omnibus
1781 1491 1813 1519 et

1072 1541 1219 1583 singulis,
1242 1540 1366 1573 etiamsi
1392 1551 1451 1583 pro
1482 1540 1610 1573 illorum
1641 1539 1812 1572 sufficienti

1073 1594 1286 1636 derogatione
1321 1594 1360 1626 de
1392 1594 1457 1626 illis
1490 1604 1668 1636 eorumque
1695 1592 1813 1625 tenori-

1072 1649 1131 1681 bus
1163 1647 1313 1690 specialis
1340 1653 1371 1679 ct
1396 1657 1548 1690 expressa
1581 1657 1616 1678 ac
1648 1647 1686 1679 de
1713 1647 1812 1679 verbo

1073 1702 1112 1735 ad
1139 1702 1271 1734 verbum
1297 1700 1419 1733 mentio
1446 1710 1502 1732 seu
1529 1700 1662 1743 quaeris
1680 1699 1741 1732 alia
1766 1710 1815 1732 ex-

1073 1755 1199 1799 pressio
1227 1754 1373 1786 sacienda
1398 1753 1437 1786 ad
1460 1754 1523 1786 boc
1543 1753 1701 1785 servanda
1721 1753 1814 1792 soret,

1075 1820 1185 1842 eorum
1210 1814 1336 1841 tenores
1364 1808 1488 1841 eisdem
1508 1807 1736 1851 praesentibus
1757 1818 1815 1851 pro

1074 1863 1170 1906 plene
1197 1861 1358 1905 expressis
1384 1861 1554 1901 babentes,
1581 1861 1644 1894 illis
1669 1861 1762 1893 aliter
1783 1860 1815 1893 iu

1075 1927 1133 1948 suo
1166 1915 1284 1948 robore
1319 1914 1561 1958 permansuris,
1586 1913 1743 1947 latissime
1780 1925 1816 1946 ac

1075 1969 1285 2012 plenissime,
1314 1979 1349 2001 ac
1376 1968 1563 2011 specialiter
1590 1974 1620 2001 et
1645 1978 1817 2011 expresse,

1076 2024 1136 2056 hac
1160 2023 1227 2056 vice
1253 2023 1430 2062 dumtaxat,
1453 2022 1665 2064 derogamus;
1692 2022 1819 2055 ceteris·

1076 2087 1138 2121 que
1164 2075 1338 2109 contrariis
1364 2075 1637 2119 quibuscumque.

1121 2132 1135 2174 ξ,
1160 2130 1188 2163 7.
1220 2129 1376 2162 Volumus
1412 2134 1519 2161 autem
1544 2127 1601 2160 ut'2
1631 2129 1815 2161 earumdem

1077 2182 1296 2227 praesentium
1322 2182 1501 2215 litterarum
1530 2182 1750 2224 transumptis,
1776 2187 1817 2214 et-

1077 2237 1138 2270 iam
1164 2236 1338 2280 impressis,
1356 2246 1453 2268 manu
1472 2236 1608 2269 alieuius
1628 2235 1744 2268 notarii
1764 2246 1817 2279 pu-

1077 2291 1152 2324 blici
1169 2291 1218 2323 rel
1232 2291 1356 2332 agentis
1370 2289 1515 2323 eiusdem
1529 2289 1670 2321 nationis
1684 2289 1819 2321 subscri-

1079 2345 1156 2388 ptis,
1182 2351 1213 2377 et
1237 2344 1344 2386 sigillo
1371 2354 1531 2387 personae
1551 2343 1580 2376 iu
1600 2343 1818 2376 ecclesiastica

1078 2398 1235 2440 dignitate
1261 2397 1452 2430 constitutae
1481 2403 1535 2429 aut.
1560 2397 1706 2429 eiusdem
1732 2408 1819 2430 com-

1078 2451 1216 2483 missarii
1236 2450 1409 2483 nationalis
1435 2450 1579 2490 munitis,
1601 2450 1713 2483 cadent
1731 2460 1819 2494 pror-

1078 2514 1130 2537 sus
1150 2505 1228 2537 tides
1255 2504 1286 2537 in
1313 2503 1433 2536 iudicio
1452 2509 1483 2536 ct
1504 2508 1593 2536 extra
1612 2503 1818 2544 adhibeatur,

1115 2577 1123 2602 1
1148 2575 1218 2603 Edit.
1242 2575 1320 2602 Main.
1338 2574 1403 2610 legit
1423 2575 1679 2604 consuetudinibus
1698 2576 1736 2609 (n.
1753 2577 1801 2609 Τ.).

1112 2621 1129 2649 2
1150 2621 1316 2650 Partieutain
1337 2622 1368 2651 ut
1389 2626 1438 2650 nos
1458 2620 1584 2650 addimus
1605 2622 1641 2658 (a.
1663 2622 1713 2657 r).

1807 205 1855 233 Αη.
1874 205 1903 232 C.
1925 205 1990 232 1731

1879 2137 1942 2158 Fida-
1958 2140 2012 2159 tun·

1828 2168 1964 2191 sumptorum.
