2182 3137
36 203 93 230 ‹An-
113 202 143 230 C.
161 201 229 230 ¹730

232 250 348 290 psalmo,
369 259 450 289 quem
468 250 550 289 prior
569 249 698 283 voluerit,
719 258 772 287 per
793 257 855 277 eum
876 253 902 278 et
924 258 979 278 mo-

235 299 335 329 nachos
356 299 391 328 ad
411 299 506 329 choros
527 298 649 328 dicendo.
677 297 853 327 Paenitentia
873 307 978 336 quoque

235 348 352 377 durante
371 347 526 387 praedictci‚
550 347 586 376 sit
607 347 637 376 in
658 350 791 375 conventu
812 347 928 375 ultimus
949 346 979 375 in

235 397 302 434 Ioco,
329 397 490 435 ubicumque
512 400 659 425 conventus
680 395 769 434 fuerit
789 399 976 433 congregatus.

234 446 355 484 Insuper
386 445 416 474 in
445 445 590 483 refectorio
621 453 683 473 eum
715 443 780 472 aliis
801 444 836 472 ad
858 453 979 472 mensam

234 503 289 522 non
309 494 412 531 sedeat,
428 493 518 522 sedin
534 494 610 521 terrci
631 497 687 521 tom
709 493 736 520 in
757 492 876 530 prandio
898 501 981 530 quam

234 543 264 571 in
285 542 369 571 coemi
400 541 431 571 in
463 541 550 570 medio
575 541 717 580 refectorii
743 550 827 579 super
859 540 980 569 tabulam

235 590 337 619 midam
358 590 489 624 comedat,
506 589 624 628 depone
644 589 776 627 grossiori·
795 599 847 628 pro
869 589 935 623 cibo,
955 593 980 618 et

234 639 291 668 :ola
312 648 384 677 aqua
410 648 465 675 pro
493 643 560 677 potu
591 638 766 667 ministretur
791 638 900 676 eidem,
924 639 981 667 nisi

231 688 313 727 prior
334 687 387 716 sibi
408 687 519 725 aliquod
549 687 628 715 (iliud
658 687 875 716 misericorditer
896 696 980 725 prae-

233 736 321 773 cipiat
343 736 415 765 dari.
440 734 517 771 Quod
539 739 630 764 antem
652 735 684 763 de
704 735 764 764 eius
790 735 847 764 cibo
869 739 894 764 et
913 739 980 774 potu

233 786 424 824 superfuerit,
448 794 501 813 non
521 785 728 813 commisceatur
756 793 818 813 cum
841 784 883 813 liis
912 794 981 823 quae

235 834 268 863 de
300 833 402 863 mensis
433 833 618 862 remanserint
647 832 777 861 aliorum.
811 831 885 861 Dum
917 843 979 861 rero

233 883 340 921 gratiae
358 886 419 922 post
441 883 618 921 refectionem
639 891 808 911 communem
836 882 868 910 de
901 892 979 911 mane

234 936 375 969 aguntur,
412 932 498 960 iaceat
531 935 687 969 prostratus
719 932 750 959 in
782 932 858 959 temti
888 935 979 959 tensus

233 990 320 1019 super
341 981 443 1019 s'aciem
457 989 544 1014 suam,
563 980 664 1008 iunctis
685 979 811 1008 manibus
833 983 894 1008 ante
914 989 979 1018 por-

234 1033 290 1058 tam
312 1029 441 1058 ecclesiae
456 1038 503 1057 seu
518 1028 608 1066 chori,
625 1028 708 1057 donce
730 1028 867 1065 monachi,
888 1029 979 1067 ipsum

231 1077 348 1117 pedibus
370 1077 512 1115 tangendo,
531 1077 634 1105 intrent
648 1081 674 1106 et
689 1081 787 1105 escant
801 1086 884 1115 super
905 1087 978 1106 eum.

234 1126 398 1155 Saeculares
420 1130 509 1154 tamen
532 1125 579 1154 boc
600 1125 694 1154 videre
716 1135 769 1154 non
791 1125 900 1161 debent,
924 1126 980 1155 nisi

235 1175 366 1204 delictum
389 1174 446 1204 iilis
468 1176 556 1213 fuerit
578 1176 781 1213 inanifestum,·
805 1179 870 1204 tune
892 1176 977 1212 enini,

233 1224 259 1253 si
287 1225 368 1262 prior
399 1224 502 1252 viderit
535 1223 686 1262 expedire,
710 1223 795 1261 faciat
825 1223 979 1253 saeculares

233 1282 290 1301 esse
318 1277 496 1311 praesentes,
521 1276 550 1301 ut
582 1273 630 1310 qui
660 1273 768 1310 fuerint
798 1272 830 1300 de
862 1272 979 1301 crimine

233 1321 423 1358 scandalizati,
439 1331 488 1360 per
511 1321 667 1350 huiusmodi
686 1322 884 1360 poenitentiam
906 1322 980 1351 aedi-

233 1373 362 1410 ficentur.
379 1371 481 1402 Nullus
503 1372 618 1410 insuper
640 1371 738 1399 (tzuleat
760 1371 794 1399 ad
816 1370 899 1400 talem
918 1381 980 1410 poe-

234 1421 367 1450 nitentem
398 1421 545 1453 accedere,
569 1430 617 1449 nec
639 1420 692 1449 sibi
714 1420 863 1459 quidquam
886 1420 978 1458 loqui,

235 1470 294 1498 sine
318 1469 424 1505 prioris
447 1468 570 1497 licentio.
592 1467 664 1505 Sed,
689 1478 721 1497 ne
754 1469 781 1497 in
809 1469 979 1507 profundum

235 1518 435 1556 desperationis
467 1517 609 1551 deveniat,
634 1519 725 1546 mittat
757 1517 791 1546 ad
822 1528 882 1546 eum
901 1519 982 1556 prior

235 1567 398 1596 monachum
420 1576 467 1595 sen
490 1566 634 1595 monachos
656 1566 762 1605 aliquos
777 1567 917 1605 discretos,
935 1569 982 1606 qni

235 1615 319 1644 ilium
350 1615 385 1644 ad
414 1616 613 1654 poenitentiam
635 1619 659 1644 et
680 1616 898 1654 satisfactionem
926 1626 982 1645 nto-

235 1667 316 1693 veant
338 1668 362 1692 ct
384 1664 526 1693 inducant.
553 1663 628 1699 Quod
649 1665 674 1694 si
696 1664 879 1694 bumilitatem
902 1666 929 1694 in
953 1675 982 1694 eo

234 1713 367 1746 viderint,
391 1716 415 1741 et
437 1713 519 1742 ctiam
545 1712 595 1742 alii
617 1713 649 1741 de
670 1717 818 1749 coni-enta,
843 1714 982 1753 supplices

233 1772 331 1801 preces
360 1772 413 1801 pro
445 1772 474 1792 co
495 1763 588 1801 priori
608 1764 773 1801 porrigant,
799 1767 827 1792 ut
849 1772 911 1791 cum
933 1763 982 1793 illo

236 1811 453 1840 misericorditer
475 1820 502 1839 se
525 1810 622 1840 liabere
644 1811 772 1847 (liquetur
784 1823 795 1845 ,·
825 1821 892 1849 (luas
921 1813 982 1850 qui-
1003 1831 1005 1840 ι

236 1860 297 1889 dem
316 1869 411 1898 preces
431 1860 512 1898 prior
535 1859 650 1888 libenter
672 1864 802 1898 acceptet,
824 1863 980 1899 praefatam

234 1909 455 1946 poenitentiam,
477 1912 561 1946 prout
584 1908 636 1937 sibi
659 1908 792 1937 videbitur
813 1910 960 1948 crpediens
974 1934 981 1947 ,

237 1957 412 1986 moderando·
440 1956 540 1986 Verum
569 1958 593 1986 si
620 1959 690 1995 sorte
717 1959 806 1996 ipsum
836 1959 864 1987 in
895 1960 984 1988 cordis

238 2006 345 2034 duritici
375 2006 567 2044 persistentem
599 2006 775 2043 invenerint,
799 2007 899 2035 iterum
922 2018 983 2037 cani

237 2054 395 2093 disciplinis
410 2055 495 2084 modis
509 2057 646 2094 praefatis
659 2066 710 2094 per
726 2056 848 2094 priorem
871 2057 904 2085 ed
926 2058 984 2086 eius

237 2103 385 2132 arbitrium
406 2104 551 2142 feriatur,
575 2107 622 2132 aut
640 2113 692 2142 per
714 2105 800 2133 alium
827 2105 858 2133 de
878 2106 984 2143 prioris

238 2152 354 2191 speciali
376 2153 513 2189 mamiato,
533 2153 557 2182 si
577 2153 657 2191 prior
678 2154 766 2191 fuerit
789 2153 907 2191 legitime
933 2156 984 2183 im-

234 2201 355 2239 peditus.
379 2200 528 2230 Prueterca
559 2202 624 2230 dum
656 2202 803 2231 monachus
826 2204 983 2241 praefatam

236 2250 437 2287 poenitentiam
469 2251 687 2285 continuaverit,
712 2260 766 2280 non
788 2251 981 2285 communicet,

239 2308 288 2327 nec
309 2307 370 2327 eum
393 2298 457 2327 aliis
479 2298 601 2327 osculnm
621 2300 700 2338 pacis
722 2300 848 2338 accipiat,
870 2309 919 2329 nco
940 2310 984 2329 co-

239 2351 315 2375 cetur
343 2356 391 2375 seu
422 2347 560 2377 scribatur
582 2352 611 2377 ut
643 2349 672 2377 in
704 2348 819 2378 ecclesia
845 2349 889 2378 vel
916 2349 1004 2379 alibi=

239 2395 350 2433 aliquod
371 2396 490 2434 officium
511 2397 607 2434 faeiat,
632 2397 687 2426 nisi
708 2398 799 2436 officia
820 2398 963 2427 servitutis
972 2409 982 2432 ,·

239 2444 325 2483 officio
346 2447 435 2472 tamen
458 2444 549 2472 [lirino
570 2446 669 2483 poterit
692 2446 833 2475 interesse.
866 2446 983 2485 Insuper

239 2502 291 2522 non
315 2493 436 2522 liabitnni
457 2495 655 2531 professorum,
673 2495 720 2523 sed
741 2495 907 2524 novitiorum
923 2500 984 2524 tan-

239 2542 373 2571 tummodo
392 2545 501 2581 portet,
525 2551 662 2581 quousque
678 2543 771 2579 plene,
793 2548 877 2582 prout
899 2553 983 2582 erpe-

850 201 992 225 CLEMENS
1018 202 1064 225 xn
1089 203 1139 225 ΡΡ.

1685 194 1730 228 95
1776 201 1830 231 Am
1848 204 1879 232 c.
1897 204 1967 232 ¹730

1020 250 1117 287 forsan
1148 249 1213 279 talis
1234 251 1383 280 monachus
1404 251 1547 290 sacerdos,
1569 252 1702 281 diaconus
1722 251 1769 282 vel

1020 297 1201 327 subdiaconus
1221 299 1320 336 fuerit,
1336 300 1433 338 officiis
1455 299 1612 330 huiusmodi
1633 310 1686 330 non
1708 306 1771 331 nta-

1021 349 1077 380 tur,
1095 346 1178 376 donec
1200 357 1216 376 a
1235 349 1330 386 priore
1352 348 1446 378 utendi
1467 350 1507 377 eis
1529 349 1641 379 licentia
1661 350 1707 379 illi
1722 351 1769 380 de-

1021 398 1076 423 tur.
1101 394 1180 423 Ultra
1209 396 1366 433 praedictas
1388 397 1472 426 etiam
1501 407 1625 436 poenas,
1649 399 1673 428 si
1705 400 1768 438 qais

1019 452 1105 481 pravo
1126 443 1239 472 consilio
1261 453 1324 473 eum
1345 444 1400 474 alio
1427 455 1474 474 sen
1508 446 1573 475 aliis
1596 446 1694 482 habito,
1719 452 1768 477 aut

1020 501 1071 530 per
1093 493 1310 521 coniurationem
1332 502 1379 522 sen
1401 494 1577 532 malitiosam,
1595 497 1769 526 concordiam

1022 550 1049 569 se
1070 542 1217 579 manifeste
1248 545 1342 570 eontra
1373 551 1453 570 snum
1473 544 1609 581 priorem,
1634 549 1664 574 ut
1682 555 1768 584 prae-

1022 590 1125 627 fertur,
1148 589 1281 627 creverit,
1299 589 1405 618 nullam
1428 600 1519 620 vocem
1541 592 1571 620 in
1593 594 1714 631 capitulo
1736 604 1767 623 eo

1022 638 1081 676 ipso
1104 638 1216 674 habeat,
1240 638 1323 667 donec
1342 640 1423 677 prior
1444 640 1476 669 de
1498 649 1629 670 consensu
1650 643 1770 681 capitali

1022 686 1102 716 illam
1124 687 1341 716 misericorditer
1363 687 1415 716 sibi
1437 690 1573 718 restituat.
1591 690 1702 720 Necnon
1720 693 1770 730 qui

1020 736 1206 774 permanendo
1228 735 1258 764 in
1282 734 1405 772 Ordine,
1429 738 1630 776 ewrnptionem
1656 739 1688 768 ab
1711 739 1771 769 obe-

1022 785 1128 813 dientid
1149 785 1194 814 sui
1212 785 1319 823 prioris
1342 786 1393 820 (ut
1419 787 1631 824 praemittitur)
1654 788 1706 818 sibi
1726 789 1771 819 vel

1023 833 1087 863 aliis
1106 834 1316 872 procuraverit,
1338 838 1450 872 praeter
1469 844 1571 873 poenas
1592 836 1648 864 ium
1670 837 1769 876 dictas,

1022 883 1175 912 communio
1206 882 1259 911 sibi
1293 881 1406 912 Ordinis
1445 883 1610 921 denegetur,
1644 890 1669 914 ct
1705 886 1771 916 talis

1022 933 1180 970 e.remptio,
1204 935 1339 970 quantum
1370 932 1518 971 expediens
1550 934 1654 971 fuerit,
1680 935 1770 974 impu-

1021 985 1129 1019 gnetur,
1153 990 1200 1010 seu
1215 1004 1223 1018 ,
1247 985 1277 1009 ut
1298 985 1447 1015 revocetur,
1478 982 1606 1011 instetur.
1644 982 1771 1013 Ceterum

1022 1031 1047 1059 ei
1069 1031 1116 1068 qui
1136 1030 1336 1068 proclamatus,
1359 1030 1469 1069 eulpam
1491 1031 1614 1070 aliquam
1636 1032 1667 1061 de
1686 1042 1772 1071 prae-

1022 1080 1103 1108 dictis
1135 1081 1276 1118 confessus
1305 1081 1434 1118 protinus
1466 1082 1575 1118 fuerit,
1599 1081 1696 1115 bren,-
1725 1082 1772 1112 illi

1022 1138 1086 1157 vero
1108 1129 1155 1167 qui
1176 1139 1231 1157 non
1252 1133 1395 1158 accusatus
1417 1129 1490 1159 ultro
1511 1131 1693 1169 confitebitur,
1711 1132 1773 1162 bre-

1022 1179 1115 1212 viori‚·
1138 1179 1164 1207 ei
1186 1182 1286 1215 autem,
1304 1179 1352 1217 qui
1374 1179 1405 1207 de
1427 1179 1510 1218 culpo
1532 1181 1691 1209 concinctus
1708 1183 1771 1219 fue-

1022 1227 1079 1263 rit,
1103 1226 1220 1264 lonqiori
1253 1231 1372 1266 tempore
1406 1229 1567 1266 supradicta
1598 1230 1770 1267 poenitentia

1023 1276 1190 1314 imponatur.

1268 1360 1533 1381 EXTRAVAGANTES.

1064 1431 1082 1452 1.
1106 1422 1255 1460 Denegare
1278 1422 1366 1452 alicui
1389 1422 1531 1452 monacho
1555 1422 1674 1452 Ordinis
1703 1433 1770 1463 par-
1816 1437 1871 1462 Quid
1885 1438 1913 1459 su
1930 1440 1968 1457 m.

1026 1470 1249 1509 domationem,
1274 1475 1306 1500 ut
1329 1471 1358 1500 in
1382 1471 1436 1500 hae
1458 1471 1667 1501 constitutione
1691 1464 1968 1517 p1·ae-fl,⁵,¹‚¹{,2}'¹¹¹‘³¹¹'''

1025 1516 1183 1555 scribitur,
1207 1526 1241 1546 ex
1272 1516 1394 1555 antiqua
1416 1517 1628 1547 consuetudine
1654 1517 1774 1548 Ordinis

1025 1565 1054 1595 in
1078 1575 1112 1595 eo
1135 1565 1291 1595 consistit:
1325 1565 1401 1604 quod
1425 1574 1478 1595 noc
1502 1566 1536 1595 nd
1560 1566 1693 1604 eborum,
1717 1577 1774 1598 nec

1024 1614 1059 1643 ad
1083 1614 1295 1649 refectorium,
1320 1623 1373 1643 nec
1396 1614 1429 1643 ad
1453 1615 1613 1653 capitulum
1629 1639 1636 1653 ,
1659 1625 1714 1645 nec
1736 1616 1773 1646 ad

1025 1663 1145 1702 aliquod
1168 1663 1297 1692 officium
1322 1663 1366 1692 vel
1391 1662 1565 1693 beneficium
1582 1664 1702 1694 Ordinis
1724 1665 1776 1694 ad-

1026 1712 1172 1748 mittatur,
1197 1712 1287 1741 veluti
1311 1712 1335 1741 si
1360 1712 1526 1742 membrum
1544 1712 1698 1751 religionis
1713 1723 1773 1743 non

1025 1761 1141 1791 existat.

1066 1821 1096 1841 ιι.
1121 1810 1279 1841 Monachus
1303 1811 1353 1850 qui
1376 1811 1411 1840 de
1433 1811 1532 1850 aliquo
1554 1811 1626 1841 falso
1647 1812 1772 1842 crimine
1796 1823 1968 1844 Poenaecontm

1026 1860 1116 1890 alium
1139 1859 1340 1897 accusaverit,
1365 1860 1441 1889 ultra
1467 1870 1574 1899 poenas
1597 1860 1714 1891 crimini
1737 1861 1772 1891 de
1782 1851 1969 1897 ‹qiffigszgqitgsimue

1026 1919 1083 1947 quo
1114 1909 1185 1938 salso
1214 1909 1363 1938 accusavit
1392 1908 1524 1946 debitus,
1556 1909 1627 1939 alias
1650 1910 1773 1940 sufferat

1027 1958 1149 1987 arbitrio
1173 1958 1356 1988 visitatorum
1380 1959 1583 1997 imponendus.

1067 2015 1108 2036 111.
1133 2006 1258 2036 Caveant
1281 2007 1430 2044 monachi,
1450 2016 1486 2036 ne
1509 2007 1684 2046 cuicumque
1707 2017 1773 2046 per·
1814 2021 1967 2042 mmmm-„m

1027 2066 1115 2085 son-ae
1137 2056 1282 2085 saeculari
1297 2080 1304 2092 ,
1329 2060 1379 2085 aut
1402 2056 1631 2091 ecclesiasticae,
1655 2061 1705 2086 aut
1727 2065 1772 2086 re·
1783 2049 1967 2100 ssssssssssssjssu*},¹¹1¹,‘g',;¹j

1027 2105 1119 2143 guluri
1153 2105 1274 2134 alterius
1306 2105 1447 2142 Ordinis,

1476 2105 1585 2134 disemo
1619 2104 1664 2134 vel
1697 2102 1967 2149 indi-:transitur

1027 2161 1128 2193 reete,
1153 2155 1240 2185 verbo
1273 2160 1324 2184 aut
1356 2155 1487 2194 scripto,
1512 2164 1564 2194 per
1586 2164 1617 2184 se
1640 2159 1689 2185 aut
1718 2164 1773 2194 per

1027 2204 1099 2233 alios
1122 2203 1342 2243 quomodolibet
1364 2203 1550 2233 manifestare
1573 2207 1623 2233 uut
1639 2203 1772 2233 revelare

1027 2256 1216 2292 praesumant
1239 2252 1340 2291 culpas
1362 2261 1465 2290 graves
1487 2255 1536 2281 aut
1554 2251 1703 2289 graviores
1719 2260 1772 2281 no-

1026 2305 1154 2331 strorum
1172 2301 1395 2337 monachorum,
1419 2300 1462 2329 vel
1488 2299 1683 2338 poenitentias
1705 2309 1771 2337 gra-

1026 2359 1074 2379 ves
1103 2359 1270 2389 poenosque
1293 2354 1412 2388 propter
1434 2358 1482 2378 eas
1504 2348 1575 2387 ipsis
1598 2348 1769 2386 impositas,

1025 2398 1103 2428 unde
1125 2398 1221 2436 gravis
1244 2398 1363 2427 infamia
1387 2401 1416 2427 et
1438 2396 1627 2426 manifestum
1643 2396 1770 2427 dedecus

1026 2452 1124 2477 nostro
1147 2446 1249 2477 Ordini
1272 2445 1410 2484 subsequi
1434 2449 1462 2474 ct
1483 2445 1639 2475 imminere
1663 2445 1769 2484 possit.

1025 2496 1079 2531 Qui
1102 2495 1341 2532 contrasccerint,
1366 2494 1389 2523 si
1413 2494 1521 2524 suerint
1548 2494 1682 2533 praelati,
1707 2503 1772 2524 sus—

1026 2545 1174 2583 pensionis
1197 2543 1232 2573 ah
1255 2543 1351 2573 officio
1374 2551 1425 2582 per
1447 2551 1556 2572 annum
1580 2544 1671 2582 poenit
1694 2543 1771 2573 mul-

239 2591 299 2628 dit,
322 2591 358 2620 ad
386 2591 494 2630 prioris
525 2591 673 2620 arbitrium
701 2593 877 2630 satisfecerit.
901 2593 935 2622 Et
958 2594 982 2623 si
1025 2597 1166 2628 ctentur;
1200 2593 1224 2622 si
1257 2591 1365 2622 subditi
1402 2591 1431 2621 in
1468 2592 1561 2622 sacris
1597 2592 1769 2630 constituti,
