2182 3137
3 0 65 59 R?

0 669 6 739 s

10 2069 21 2263 ξ

14 2266 23 2520 ³

62 255 113 282 An.
133 253 163 280 C.
185 252 252 279 1734

70 1151 100 1172 De
117 1157 242 1178 promoven-

57 1178 89 1198 dis
116 1179 145 1199 'ad
169 1184 240 1199 sacros

9 1226 11 1231 ,
57 1204 150 1225 ordines.

99 2122 127 2143 De
154 2128 242 2142 nummo

59 2148 242 2172 frairun1.eoru1n·

14 2198 19 2201 ,
54 2181 99 2202 qne
113 2176 241 2197 muneribus.

871 254 1014 278 CLEMENS

253 311 288 331 an
313 310 435 341 capaces
468 301 528 331 sint
550 301 579 332 in
605 301 710 332 litteris
738 300 928 340 proficiendi:
952 301 996 331 his

253 350 392 390 peractis,
426 350 462 380 de
495 350 615 380 licentia
638 350 739 380 vicarii
762 350 908 388 generalis
932 360 997 390 pro-

253 403 400 439 ponantur
424 399 600 429 discretorio
624 399 717 439 prius,
741 399 847 429 deinde
867 399 920 429 toti
951 409 997 429 ca-

252 448 345 487 pitulo
360 458 367 485 3
384 452 423 486 et,
442 448 465 478 si
489 448 574 488 primi
599 448 741 478 habeatur
763 457 923 478 consensus
947 457 997 487 per

251 501 364 526 secreta
387 496 526 534 suffragia
550 496 673 526 duarum
693 497 821 536 partium
837 496 994 534 extribus,

252 549 279 575 et
300 545 421 575 secundi
441 544 603 574 habeantur
626 550 689 575 vota
713 545 884 575 favorabilia
908 555 995 584 supra

251 594 457 630 medietatem,
481 594 677 624 admittantur
699 594 735 624 ad
758 594 888 624 habitum
911 598 939 623 et
961 594 995 623 ad

251 641 447 679 novitiatum,
471 642 614 672 servando
637 651 670 672 ea
692 643 790 672 omnia
814 652 888 681 quae
915 651 996 681 prae-

252 690 424 721 scribuntur
455 691 486 720 in
508 691 594 721 Bulla
622 691 741 721 Martini
764 691 785 720 V
800 715 807 728 ‚
832 692 845 730 5
868 699 919 727 m;
944 695 994 728 et,

252 741 397 780 completo
420 740 601 780 probationis
623 750 712 777 anno,
730 750 787 770 non
803 740 996 771 admittantur

252 789 286 819 ad
311 789 533 828 professionem,
551 789 608 819 nisi
625 788 726 818 habita.
749 789 832 828 prius
851 789 906 819 fide
929 799 994 819 cum

251 838 417 868 iuramento
440 837 571 876 magistri
605 837 783 867 novitiorum
798 861 805 875 ,
826 837 996 876 subscripta

251 897 267 916 a
298 886 430 926 patribus
467 886 623 923 discretis3
663 890 763 926 postea
799 886 995 916 admittantur

252 935 389 973 suffragia
423 935 511 965 totius
544 935 685 974 capituli,
719 944 793 974 quae
827 935 851 964 si
884 935 994 965 fuerint

252 994 338 1024 supra
362 984 548 1015 medietatem
568 984 752 1021 favorabilia,
771 984 794 1013 si
820 983 921 1020 velint,
946 994 994 1023 po-

252 1038 352 1064 terunt
374 1034 506 1073 profiteri
540 1034 621 1064 iuxta
646 1033 763 1064 modum
787 1043 801 1062 a
825 1033 948 1063 Martino
972 1033 993 1062 V

251 1082 464 1122 praescriptum
488 1083 501 1122 ξ
522 1091 560 1112 1v.

291 1142 341 1163 κη.
366 1132 396 1162 ln
427 1132 634 1172 promovendis
663 1132 697 1162 ad
730 1141 829 1162 sacros
851 1132 991 1169 ordines,

252 1182 313 1212 sive
336 1181 464 1212 minores
486 1182 546 1211 sive
569 1182 712 1217 maiores,
736 1190 848 1211 summa
872 1182 994 1220 diligen-

251 1231 291 1260 tia
314 1235 358 1261 est
379 1231 555 1269 adhibenda,
570 1235 601 1261 ut
616 1231 636 1261 ii
654 1235 765 1261 tantum
790 1231 992 1268 admittantur,

252 1279 302 1318 qui
325 1288 495 1318 expressam
512 1279 723 1318 professionem
741 1279 903 1317 emiserint,
924 1279 995 1309 sint-

251 1337 308 1368 que
341 1327 426 1358 bonis
459 1327 590 1358 moribus
622 1328 742 1365 imbuti,
777 1328 1018 1368 sufficientiquev

252 1377 415 1407 litterarum
452 1377 558 1416 peritia
575 1401 582 1415 ,
606 1382 633 1407 et
654 1378 721 1407 aliis
755 1377 947 1417 qualitatibus
979 1387 993 1407 a

251 1479 352 1505 caveat
383 1475 512 1505 vicarius
543 1475 688 1513 generalis
721 1475 919 1505 dimissoriam
943 1475 995 1506 ulli

252 1524 334 1554 fratri
357 1523 537 1562 concedere,
559 1523 616 1554 nisi
640 1523 721 1563 prius
754 1523 889 1554 hahuerit
918 1524 996 1554 testi-

252 1573 385 1603 monium
409 1573 537 1603 iuratum
560 1582 575 1602 a
600 1572 734 1611 patribus
756 1572 892 1603 discretis
917 1573 994 1603 circa

253 1631 350 1652 mores
365 1622 428 1652 eius
444 1621 611 1660 religiosos,
629 1626 657 1651 et
672 1631 846 1651 consensum
871 1622 994 1652 duarum

252 1671 380 1710 partium
404 1680 437 1700 ex
462 1670 558 1700 tribus
581 1679 632 1710 per
654 1675 764 1700 secreta
782 1671 920 1710 suffragia
938 1671 996 1701 dis-

252 1721 382 1751 cretorii.
403 1721 445 1750 Ad
468 1720 711 1750 subdiaconatum
737 1730 823 1760 porro
845 1730 902 1751 non
927 1721 996 1750 den·
1016 1722 1019 1762 ζ

253 1775 300 1800 tur
322 1770 517 1806 dimissoriae,
535 1769 592 1799 nisi
617 1770 642 1799 ci
665 1769 715 1809 qui
732 1770 923 1809 compleverit
945 1780 995 1800 an-

252 1828 322 1849 num
355 1818 528 1857 vigesimum
551 1818 709 1858 quintum,
739 1819 773 1848 ad
807 1819 994 1849 diaconatum

253 1867 448 1906 trigesimum,
466 1867 500 1896 ad
517 1867 713 1897 sacerdotium
731 1868 914 1906 trigesimum
938 1872 995 1898 ter-

253 1917 345 1954 tium3
370 1926 472 1947 omnes
495 1926 562 1946 vero
585 1917 635 1956 qui
658 1917 873 1947 ordinabuntur
899 1918 928 1947 in
952 1927 995 1947 sa-

252 1965 321 2002 cris,
346 1965 428 2005 prius
451 1969 561 2004 septem
578 1965 681 1995 saltem
698 1965 802 1995 diebus
820 1970 903 1996 antea
926 1976 996 2005 ope-

252 2024 315 2045 ram
348 2015 418 2045 dent
451 2014 600 2044 exercitiis
635 2014 856 2053 spiritualibus,
895 2020 925 2045 ut
959 2015 994 2045 ad

253 2073 353 2095 sacros
376 2063 493 2094 ordines
517 2063 609 2102 magis
631 2064 775 2094 ferventes
797 2064 947 2094 accedant.

294 2123 353 2144 xm.
387 2113 428 2144 Ne
462 2123 496 2142 ex
529 2112 619 2142 nimia
659 2113 845 2143 multitudine
884 2114 995 2143 oriatur

252 2163 396 2201 confusio,
416 2162 445 2193 in
469 2161 599 2202 quolibet
617 2166 760 2192 conventu
783 2171 869 2202 supra
893 2172 996 2192 nume-

252 2221 317 2243 rum
339 2211 541 2242 centenarium
564 2211 657 2250 recipi
680 2221 737 2241 non
763 2211 875 2250 possint
893 2211 996 2241 tertia-

253 2261 301 2291 rii.
331 2260 386 2296 Qui
413 2260 442 2290 in
473 2264 533 2290 tres
563 2264 661 2299 partes
691 2260 827 2299 aequales
853 2265 1017 2300 quantum,

253 2310 317 2340 fieri
341 2313 435 2349 potest
456 2308 635 2346 dividantur,
657 2318 780 2348 quarum
812 2319 868 2339 ima
893 2309 929 2339 sit
952 2319 996 2338 sa-

252 2359 416 2394 cerdotum,
439 2357 530 2387 altera
555 2358 728 2388 clericorum
744 2382 751 2395 ,
776 2363 920 2398 postrema
944 2358 996 2388 lai-

251 2417 365 2438 corum.
389 2407 578 2438 Sacerdotum
602 2416 709 2437 munus
726 2407 763 2437 sit
778 2407 876 2437 divina
901 2408 995 2437 ol'licia
1016 2438 1018 2447 ,

1016 2452 1018 2465 ¹
1041 2457 1085 2482 tur
1108 2456 1169 2481 tum
1193 2452 1221 2481 in
1247 2451 1453 2490 spiritualibus
1475 2455 1535 2481 tum
1559 2451 1588 2480 in
1613 2451 1781 2490 temporali-

252 2465 402 2497 peragere,
420 2455 541 2486 verbum
558 2455 607 2486 Dei
625 2456 812 2492 annuntiare,
833 2465 997 2486 sacramen-

253 2506 324 2536 tales
357 2504 556 2535 confessiones
587 2505 688 2535 audire
703 2529 710 2543 ‚
748 2505 864 2544 aliaque
898 2505 995 2535 onmia

253 2564 328 2595 quae
350 2554 385 2584 ad
407 2554 519 2584 cultum
536 2553 585 2584 Dei
608 2558 636 2584 et
656 2554 691 2584 ad
714 2554 836 2584 salutem
860 2554 996 2593 spiritua·

253 2604 310 2635 lem
327 2603 501 2643 populorum
519 2603 686 2642 pertinent3
704 2607 883 2643 quapropter
899 2602 996 2632 adsint

253 2653 353 2693 plures
385 2651 574 2690 confessarii,
609 2661 733 2691 quorum
767 2652 823 2682 duo
857 2651 900 2681 vel
938 2654 995 2680 tres

325 2711 406 2740 Bun.
427 2711 512 2740 Rom.
536 2725 566 2730 —
591 2711 652 2741 Vol.
673 2710 782 2739 XXIII.
928 2708 960 2735 77

1038 254 1082 278 XII
1109 256 1157 279 ΓΡ.

1039 303 1169 342 qualibet
1193 304 1239 334 die
1261 304 1350 335 certis
1372 305 1526 344 assignatis
1549 305 1629 336 horis
1652 310 1729 336 stent
1750 305 1782 336 in

1039 352 1164 382 ecclesia
1179 353 1208 383 in
1226 353 1288 383 loco
1305 354 1450 384 destinato
1473 355 1508 384 ad
1531 354 1692 384 audiendas
1714 364 1783 385 con-

1039 400 1202 437 fessionem
1226 401 1256 430 in
1279 401 1384 432 diebus
1405 407 1503 433 autem
1525 403 1639 433 festivis
1664 403 1707 433 vel
1730 404 1783 434 Ee-

1039 449 1145 479 clesiae
1174 450 1217 479 vel
1242 450 1378 489 Ordinis,
1402 452 1532 491 quinque
1562 452 1607 482 vel
1636 461 1685 482 sex
1709 452 1782 482 assi-

1039 502 1136 534 stant,
1170 499 1267 528 adsint
1299 509 1413 539 quoque
1447 501 1566 539 plures,
1590 502 1640 540 qui
1662 511 1677 531 a
1701 507 1782 541 patre

1040 547 1147 577 vicario
1182 549 1311 586 generali
1334 554 1362 579 et
1384 559 1399 579 a
1427 550 1595 580 definitorio
1627 551 1782 581 constituti

1016 627 1019 637 ,
1039 595 1097 625 sint
1119 596 1152 625 ad
1173 597 1400 636 praedicandum
1419 599 1521 637 (salvis
1537 599 1652 629 iuribus
1668 600 1783 639 episco-

1040 646 1156 683 porum)
1180 645 1300 675 verbum
1323 647 1385 683 Dei,
1410 652 1469 676 turn
1493 647 1522 677 in
1546 649 1665 687 propria
1687 649 1783 678 eccle-

1039 692 1103 730 sia,
1128 697 1189 723 tum
1221 694 1298 733 apud
1332 695 1476 726 infideles.
1502 696 1680 726 Clericorum
1713 707 1782 727 vero

1039 751 1146 771 munus
1167 742 1216 778 sit,
1241 743 1364 773 chorum
1389 748 1418 773 et
1439 744 1616 782 sacristiam,
1640 750 1727 784 atque
1748 755 1781 775 ea

1038 790 1135 820 omnia
1152 800 1226 830 quae
1242 792 1277 821 ad
1295 801 1394 822 sacros
1411 802 1480 822 usus
1496 793 1655 832 pertinent,
1673 794 1781 824 munda

1039 849 1223 870 conservare.
1249 840 1284 870 Et
1308 841 1424 871 taudem
1448 851 1554 872 munus
1581 841 1721 872 laicorum
1744 843 1782 873 sit

1039 889 1218 919 xenodochio
1240 889 1395 926 inservire,
1419 891 1534 930 aliaque
1556 890 1695 921 inferiora
1719 891 1782 922 offi-

1039 939 1081 967 cIa
1105 947 1254 977 peragere,
1272 948 1317 975 ne,
1337 939 1386 979 qui
1403 939 1502 969 divino
1524 939 1617 970 cultui
1640 944 1709 970 sunt
1731 940 1780 970 de-

1038 986 1147 1024 dicati,
1173 987 1278 1017 vilibus
1302 988 1427 1026 negotiis
1460 988 1604 1018 inservire
1626 992 1779 1027 cogantur.

1038 1035 1166 1065 Debeant
1195 1036 1293 1066 clerici
1325 1037 1435 1076 pariter
1463 1037 1590 1067 infirmis
1622 1037 1781 1077 aliquando

1039 1084 1205 1114 ministrare
1220 1095 1227 1122 ς
1248 1085 1328 1115 nullo
1349 1085 1433 1115 modo
1450 1095 1517 1115 vero
1535 1086 1713 1124 sacerdotes,
1730 1086 1780 1125 qui

1039 1137 1134 1162 tamen
1165 1133 1188 1163 si
1218 1133 1308 1163 velint
1334 1133 1368 1163 ad
1393 1134 1566 1164 humilitatis
1588 1134 1778 1172 exercitium,

1039 1182 1149 1220 possint
1174 1183 1270 1211 onmia
1295 1187 1457 1222 praestare,
1481 1183 1614 1222 quaesita
1636 1183 1717 1222 prius
1739 1183 1780 1212 fa-

1038 1230 1147 1260 cultate
1169 1241 1183 1259 a
1209 1235 1288 1270 patre
1313 1231 1420 1270 priore.

1079 1289 1136 1309 xiv.
1150 1279 1261 1317 Officia,
1275 1289 1349 1319 quae
1362 1281 1430 1310 solis
1446 1280 1646 1311 sacerdotibus
1659 1286 1780 1320 possunt

1040 1333 1217 1367 competere,
1244 1334 1331 1367 sunt,
1356 1330 1459 1360 vicarii
1481 1330 1649 1368 generalis,
1674 1331 1781 1370 prioris

1016 1395 1018 1405 r
1039 1378 1227 1417 eiusdemque
1251 1378 1364 1413 vicarii,
1385 1379 1558 1409 correctoris
1582 1379 1780 1409 tertiariorum

251 1425 344 1456 sacris
365 1425 527 1456 canonibus
562 1426 712 1465 requisitis
741 1426 876 1465 praediti.
900 1425 995 1461 Quare
1016 1448 1018 1452 s

1038 1427 1067 1456 in
1085 1427 1211 1466 propriis
1227 1427 1361 1457 domibus
1378 1428 1558 1465 degentium,
1574 1428 1702 1467 itemque
1718 1437 1781 1458 cor-

1039 1475 1180 1505 rectionis
1194 1477 1201 1492 ¹
1217 1475 1371 1506 Societatis
1386 1475 1501 1515 Septem
1520 1476 1655 1506 Dolorum
1673 1477 1707 1505 B.
1725 1475 1782 1506 Ma-

1040 1525 1100 1554 riae
1124 1524 1269 1563 Virginis„
1295 1525 1428 1564 magistri
1450 1525 1644 1561 novitiorum,
1667 1525 1781 1555 anuali-

1039 1578 1122 1610 stae‚
1147 1583 1198 1603 seu
1221 1574 1376 1611 historici,
1400 1574 1574 1611 secretarii,
1603 1573 1778 1604 discretorii.

1040 1622 1148 1652 Clerici
1172 1632 1239 1652 vero
1260 1626 1288 1652 et
1310 1622 1378 1652 laici
1402 1626 1538 1661 poterunt
1561 1631 1697 1652 exercere
1719 1622 1782 1651 offi-

1040 1671 1081 1700 cia
1111 1672 1262 1708 sacristae,
1286 1671 1470 1710 depositarii,
1495 1670 1618 1710 syndici,
1644 1680 1781 1710 procura·

1040 1720 1111 1750 toris
1134 1725 1162 1750 et
1185 1720 1352 1750 infirmarii.

1080 1778 1126 1799 xv.
1151 1769 1222 1805 Quia
1247 1769 1419 1808 praesertim
1450 1769 1478 1798 in
1494 1769 1504 1786 ²
1526 1769 1707 1799 iuventutem
1731 1778 1782 1799 ne·

1039 1827 1120 1848 cesse
1142 1822 1185 1848 est
1214 1827 1266 1857 per
1295 1822 1498 1857 praeceptores
1529 1818 1634 1848 litteris
1666 1817 1778 1854 imbui,

1039 1867 1150 1897 idcirco
1173 1867 1270 1897 adsint
1293 1867 1425 1905 magistri
1442 1867 1490 1906 qni
1508 1867 1636 1905 linguam
1660 1867 1780 1896 latinam

1039 1921 1067 1947 et
1086 1917 1275 1953 rhetoricam,
1294 1916 1317 1945 si
1337 1917 1410 1946 forte
1427 1916 1514 1946 alicui
1537 1916 1630 1945 adhuc
1649 1925 1720 1955 opus
1737 1925 1781 1945 es-

1039 1969 1098 2003 set,
1117 1965 1296 1995 cumulatius
1312 1964 1452 1994 doceant:
1477 1964 1574 1994 adsint
1596 1969 1624 1994 et
1647 1964 1780 2002 magistri

1039 2014 1088 2054 qui
1111 2014 1209 2052 legant
1238 2013 1414 2051 theologiam
1444 2013 1638 2051 dogmaticam
1668 2013 1780 2043 schola-

1039 2063 1140 2093 sticam
1172 2066 1200 2092 et
1223 2062 1362 2092 moralem
1377 2086 1384 2099 ,
1409 2067 1454 2099 ct,
1487 2067 1601 2101 praeter
1623 2062 1777 2092 lectionem

1040 2111 1200 2149 theologiae
1237 2110 1354 2141 moralis
1386 2120 1459 2150 quae
1492 2111 1560 2140 solis
1593 2110 1778 2141 studentibus

1039 2160 1169 2190 facienda
1202 2164 1266 2195 est,
1291 2159 1334 2188 bis
1367 2159 1396 2188 in
1430 2159 1611 2189 hebdomada
1642 2159 1778 2189 omnibus

1039 2208 1179 2239 fratribus
1212 2207 1476 2238 intervenientibus
1498 2208 1598 2246 lingua
1622 2208 1779 2237 vernacula

1040 2261 1240 2297 proponantur
1271 2256 1328 2285 duo
1361 2265 1445 2285 casus
1468 2256 1666 2286 conscientiae
1681 2280 1688 2294 ,
1712 2260 1740 2285 et
1763 2264 1777 2284 a

1040 2307 1147 2336 lectore
1170 2314 1289 2335 casuum
1314 2305 1474 2335 solvantur.

1675 247 1739 282 609
1787 258 1838 284 An.
1861 258 1888 284 c.
1908 258 1975 285 ¹73⁴

1813 1298 1842 1319 De
1856 1298 1975 1324 particula·

1792 1325 1850 1346 ribus
1866 1326 1948 1345 otiu-m.

1819 1778 1847 1799 De
1868 1779 1950 1799 §indul--

1080 2364 1136 2384 xvi.
1162 2355 1197 2384 l't
1219 2353 1315 2383 omnia
1331 2377 1338 2391 ,
1363 2358 1449 2393 prout
1482 2354 1606 2383 humana
1637 2354 1779 2393 permittit
1803 2361 1973 2387 nepmirwns-

1789 2391 1864 2411 erens.
1890 2394 1973 2408 eurum-

1040 2403 1212 2438 mortalitas,
1232 2402 1307 2432 iuste
1329 2411 1362 2431 ac
1387 2402 1549 2441 prudenter
1572 2402 1780 2432 administren·
1790 2420 1830 2441 que
1847 2415 1958 2435 aecum..

1040 2501 1104 2538 bus,
1122 2500 1198 2530 adsit
1220 2504 1319 2530 coetus
1343 2500 1481 2529 tredecim
1506 2499 1710 2538 religiosorum
1729 2500 1779 2539 qui

1039 2549 1235 2590 appellabitur
1257 2548 1484 2578 discretorium:
1510 2553 1538 2578 et
1560 2558 1594 2577 ex
1618 2548 1661 2578 his
1684 2548 1779 2578 trede-

1079 2610 1085 2634 t
1110 2607 1209 2634 Forsan
1231 2607 1400 2635 correctoris
1420 2608 1459 2641 (n.
1476 2608 1524 2641 in).

1073 2652 1089 2679 ⁶.)
1111 2651 1260 2687 Praeposit.
1283 2650 1312 2679 in
1335 2650 1450 2679 delenda
1468 2651 1506 2686 (n.
1524 2657 1573 2686 r.,.
