2182 3137
65 262 112 287 Αῐι.
134 262 162 288 C.
183 261 249 288 ⁴734

92 1814 213 1835 Clausulae.

868 259 1009 284 CLEMENS
1037 260 1054 283 X
1061 259 1084 282 Π
1110 260 1158 283 [Ψ.

255 311 410 355 prosequi
437 312 582 344 volentes
599 338 606 350 ,
630 316 791 344 eteorum
817 309 998 351 singulares

257 375 413 407 personas
449 376 466 397 a
498 365 665 408 quibusvis
691 362 999 397 excommunicatio-

256 418 305 450 nis
322 446 329 457 ,
357 418 581 462 suspensionis
607 423 637 450 et
661 416 840 454 interdicti,
861 415 998 458 aliisque

257 471 487 505 ecclesiasticis
504 472 683 510 sententiis,
702 470 848 503 censuris
866 475 898 502 et
922 479 1000 512 poe—

256 525 324 564 nis,
357 537 374 558 a
402 526 470 558 iure
497 527 545 559 vel
576 526 616 558 ab
639 524 785 563 bomine,
814 522 924 566 quavis
948 533 1022 555 οε-Ἰ

257 579 387 611 rasione
412 580 461 612 vel
487 582 581 612 causa
607 579 699 618 latis,
725 579 749 610 si
776 577 895 620 quibus
921 587 1022 619 quo-i

257 633 436 665 modolibet
450 633 623 665 innodatae
639 632 790 670 existunt,
801 631 839 664 ad
852 630 1000 663 effectum

257 687 476 728 praesentium
515 687 677 720 dumtaxat
712 684 999 728 consequendum,

258 739 372 771 harum
410 740 494 773 serie
531 740 734 772 absolventes
770 744 801 771 ct
836 738 1001 771 absolutas

258 792 327 825 sore
346 798 526 830 censentes,
553 792 846 836 supplicationibus
872 791 999 824 illorum

257 841 387 874 nomine
406 842 501 874 nobis
521 853 620 885 super
646 842 709 874 hoc
732 842 901 875 humiliter
926 851 1001 884 por-

259 895 354 928 rectis
372 895 530 935 inclinati,
548 901 610 928 tam
626 901 774 928 enarrata
792 907 886 939 quam
906 905 1002 938 quae-

258 958 396 991 cumque
430 948 492 981 alia
524 949 716 992 privilegia,
755 949 999 992 exemptiones,

259 999 433 1040 facultates,
455 1002 722 1041 iurisdictionem,
748 1001 1000 1045 praerogativas,

258 1054 379 1095 gratias
406 1060 436 1087 et
463 1055 615 1095 indulta,
644 1061 825 1089 memorato
848 1054 1000 1098 collegio,

259 1107 393 1150 eiusque
419 1109 567 1151 personis
585 1135 592 1146 ‚
618 1109 714 1141 rebus
741 1114 773 1141 et
808 1108 902 1142 bonis
922 1135 929 1147 ,
966 1118 1002 1140 ac

259 1161 290 1193 S.
319 1161 355 1194 R.
382 1161 417 1194 E.
445 1163 603 1195 cardinali
630 1162 705 1195 dicti
732 1161 862 1205 collegii
895 1166 1002 1205 prote-

259 1214 341 1247 ctori
369 1221 400 1248 et
425 1215 524 1248 iudici
550 1215 717 1249 ordinario
735 1244 742 1256 ,
768 1221 798 1248 et
822 1215 899 1248 alias
925 1225 1002 1258 quo-

259 1269 442 1302 modolibet
466 1270 505 1302 ab
531 1270 645 1303 eodem
681 1270 770 1302 Sixto
808 1269 1002 1312 praedeces-

260 1333 354 1363 sore,
381 1329 415 1355 ut
440 1324 640 1367 praefertur,
671 1334 840 1363 concessa,
869 1322 1003 1365 expedi-

261 1382 372 1420 tasque
399 1377 540 1420 desuper
557 1378 644 1410 illius
663 1377 786 1410 litteras
806 1376 1000 1420 praedictas,

259 1440 329 1462 cum
355 1430 613 1474 quibuscumque
639 1430 671 1462 in
697 1430 743 1463 cis
760 1429 931 1467 contentis,
953 1439 1003 1461 au-

260 1483 409 1517 ctoritate
428 1484 618 1527 apostolica,
638 1489 750 1516 tenore
768 1482 1001 1527 praesentium,

260 1542 420 1580 perpetuo
453 1537 673 1580 approbamus
698 1543 730 1570 et
754 1536 1001 1575 confirmamus,
1023 1547 1024 1559 ¹

261 1601 297 1624 ac
321 1591 385 1624 iIIis
410 1591 560 1624 omnibus
592 1597 623 1624 et
654 1590 792 1633 singulis
823 1596 1001 1634 perpetuae

260 1650 355 1688 atque
371 1644 607 1687 irrefragabilis
622 1643 819 1687 apostolicae
840 1643 1001 1676 firmitatis

260 1698 368 1737 robur,
394 1697 610 1741 patrocinium
638 1703 670 1731 et
695 1697 894 1741 praesidium
920 1696 1002 1730 adii-

261 1752 375 1784 cimus.

308 1804 322 1848 ἓ
347 1804 380 1837 3.
408 1804 628 1838 Decerneutes
647 1830 654 1844 ,
688 1803 773 1847 ipsas
811 1808 1001 1847 praesentes

260 1850 386 1890 litteras
412 1867 543 1901 semper
567 1857 674 1890 sirmas
691 1884 698 1897 ‚
726 1857 848 1890 validas
883 1863 913 1890 et
939 1857 1004 1889 essi-

260 1920 352 1944 caces
387 1911 525 1945 existere
551 1916 584 1944 et
607 1911 677 1944 sore
693 1937 701 1951 ,
726 1921 866 1954 suosque
892 1911 1003 1954 plena-

259 1965 326 1998 rios
349 1970 381 1998 et
405 1965 551 2007 integros
577 1964 710 1998 effectus
737 1965 846 1998 sortiri
870 1971 901 1997 et
920 1966 1002 1998 obti-
1024 1987 1026 1993 >

259 2029 355 2060 nere,
381 2029 418 2052 ac
443 2018 528 2057 illis,
553 2019 592 2051 ad
618 2029 699 2062 quos
726 2024 852 2062 spectat
884 2024 914 2051 ct
943 2029 1002 2062 pro

260 2078 408 2116 tempore
441 2072 712 2116 quandocumque
749 2072 934 2115 spectabit,
971 2067 1026 2105 in'

259 2126 410 2159 omnibus
436 2131 467 2159 et
493 2137 551 2169 per
574 2127 684 2159 omnia
713 2126 902 2170 plenissime
940 2126 1004 2158 sus-

261 2179 401 2222 sragari,
427 2185 458 2213 et
483 2180 523 2213 ab
549 2180 594 2213 eis
621 2180 800 2223 respective
833 2179 1004 2212 inviolabi-

260 2234 336 2266 liter
361 2239 392 2266 et
417 2233 610 2267 inconcusse
636 2233 821 2274 observari,
842 2233 953 2277 sicque
972 2238 1005 2266 et

261 2297 327 2320 non
353 2287 449 2320 aliter
472 2287 505 2320 in
531 2287 718 2331 praemissis
744 2297 805 2330 per
831 2297 1002 2330 quoscum-

263 2351 325 2385 que
363 2341 486 2374 iudices
523 2341 707 2374 ordinarios
746 2346 778 2373 ct
814 2340 1002 2383 delegatos,

263 2395 360 2428 etiam
389 2404 558 2427 causarum
582 2394 694 2438 patatii
720 2393 889 2437 apostolici
915 2394 1004 2427 audi-

263 2453 372 2489 tores,
402 2458 438 2481 ac
469 2447 501 2481 S.
536 2448 571 2480 R.
599 2447 633 2480 E.
662 2448 828 2491 praefatae
862 2457 1004 2480 camera-

264 2502 349 2534 rium
374 2511 429 2534 seu
454 2501 752 2544 pro-camerarium,
778 2505 809 2533 et
833 2500 913 2534 alios
938 2511 1005 2533 car-

264 2555 389 2588 dinales
408 2581 415 2595 ‚
440 2554 536 2587 etiam
562 2554 601 2587 dc
627 2555 727 2587 latere
753 2555 876 2597 legatos
897 2581 904 2594 ‚
931 2564 1006 2587 ucc-

265 2620 330 2642 non
355 2608 508 2642 Gamerae
534 2608 743 2650 Apostolicae
782 2607 1005 2650 praesidentes

265 2663 420 2704 clericos,
445 2668 637 2705 ceterosque
663 2661 816 2695 officiales
850 2668 880 2695 et
913 2662 1005 2694 mini-

1041 313 1123 340 stros
1147 334 1154 346 ,
1193 313 1223 341 ct
1260 308 1338 342 alios
1376 309 1540 352 quoslibet
1577 317 1783 351 quacumque

1043 362 1300 403 praeeminentia
1320 368 1352 394 ct
1371 367 1528 404 potestate
1555 362 1727 403 fungentes
1753 367 1784 391 et

1045 415 1221 452 t‘uncturos,
1249 415 1374 448 sublata
1400 416 1445 447 eis
1468 421 1629 448 eteorum
1649 414 1785 446 cuilibet

1044 468 1154 510 quavis
1181 469 1276 500 aliter
1302 468 1466 501 iudicandi
1491 474 1522 501 et
1543 467 1783 511 interpretandi

1046 522 1193 553 t'acultate
1220 527 1251 553 et
1275 522 1486 561 auctoritate,
1515 522 1649 554 iudicari
1676 527 1707 554 et
1733 521 1784 553 de-

1045 575 1127 607 liniri
1154 575 1296 613 debere,
1324 586 1360 607 ac
1386 575 1509 608 irritum
1536 582 1567 608 et
1600 576 1721 614 inane,

1044 638 1139 660 secus
1165 639 1262 671 super
1288 629 1338 660 liis
1364 638 1381 660 a
1406 639 1576 671 quoquam,
1603 629 1716 672 quavis
1734 639 1785 660 au-

1045 681 1204 719 ctoritate,
1231 682 1371 714 scienter
1396 683 1445 715 rel
1471 682 1682 724 ignoranter,
1708 692 1785 714 con<

1048 736 1155 778 tigerit
1180 736 1345 768 attentari.

1758 575 1784 606 si

1090 790 1104 831 ξ
1129 789 1160 821 lt.
1189 789 1256 821 Non
1283 789 1488 822 obstantibus
1502 789 1808 843 constitutionibusd

1022 859 1024 884 ;
1046 848 1077 875 et
1102 843 1361 876 ordinationibus
1387 843 1584 886 apostolicis,
1605 854 1639 875 ac
1654 844 1786 886 quibus-

1046 908 1185 940 cumque
1218 897 1459 940 posterioribus
1492 898 1653 936 decretis,
1679 898 1787 930 eliiro-

1046 951 1178 993 graphi<
1212 957 1243 983 et
1275 951 1400 984 eedulis
1433 951 1600 984 motuum¹
1635 951 1784 995 proprio-

1047 1015 1142 1041 rum,
1170 1014 1296 1036 necnon
1322 1004 1470 1037 omnibus
1496 1010 1527 1037 et
1552 1004 1686 1046 singulis
1722 1004 1785 1037 illis

1047 1068 1128 1100 quae
1157 1057 1186 1089 in
1214 1057 1407 1100 supradietis
1424 1057 1500 1089 Sixti
1521 1057 1786 1100 praedecessoris

1049 1111 1164 1143 litteris
1190 1121 1344 1143 concessa
1370 1116 1445 1142 sunt
1470 1120 1534 1142 nou
1561 1110 1709 1147 obstare,
1733 1120 1786 1144 ce-

1049 1164 1192 1207 terisque
1219 1163 1391 1196 contrariis
1417 1163 1689 1206 quibuscumque.

1090 1217 1104 1259 ξ
1136 1217 1167 1248 5.
1201 1216 1356 1249 Volumus
1392 1222 1499 1249 autem
1533 1222 1568 1248 ut
1598 1216 1785 1248 earumdem

1047 1270 1266 1313 p1·acsentiutn
1285 1270 1467 1302 litterarum
1487 1270 1708 1312 transumptis,
1729 1280 1787 1302 seu

1047 1323 1217 1366 exemplis,
1236 1323 1331 1355 etiam
1347 1323 1523 1366 impressis,
1538 1334 1632 1355 manu
1653 1323 1788 1355 alicuius

1047 1377 1164 1410 notarii
1201 1376 1322 1420 publici
1359 1377 1574 1420 subscriptis,
1610 1383 1641 1409 et
1677 1377 1787 1419 sigillo

1047 1442 1208 1474 personae
1234 1431 1266 1463 in
1293 1430 1516 1463 ecclesiastica
1534 1430 1688 1470 dignitate
1711 1440 1788 1462 con-

1046 1485 1177 1518 stitutae
1211 1485 1366 1522 munitis,
1392 1485 1506 1518 eadem
1541 1494 1673 1527 prorsus
1706 1483 1787 1516 sides

1047 1540 1167 1582 ubique
1192 1540 1334 1572 Iocorum
1372 1544 1435 1570 tam
1470 1538 1501 1570 in
1536 1538 1655 1570 iudicio
1692 1548 1788 1580 quam

1047 1598 1136 1625 extra
1154 1591 1232 1624 illud
1250 1591 1419 1627 habeatur,
1435 1601 1518 1634 quac
1537 1590 1615 1633 ipsis
1635 1601 1789 1633 praesen—

1048 1645 1133 1677 tibus
1152 1645 1331 1678 haberetur
1360 1646 1386 1677 si
1418 1644 1523 1677 forent
1552 1644 1716 1676 exhibitae
1740 1645 1787 1676 vel

1047 1704 1211 1732 ostensae.

1090 1751 1205 1784 Datum
1232 1751 1367 1791 Romae,
1395 1751 1482 1794 apud
1508 1751 1539 1783 S.
1574 1750 1704 1784 Mariam
1730 1750 1787 1784 Ma-

1047 1805 1173 1847 iorem,
1199 1806 1257 1838 sub
1282 1805 1405 1838 annulo
1432 1805 1631 1843 piscatoris,
1657 1804 1709 1836 die
1736 1815 1786 1837 xvi

1048 1859 1203 1893 februarii
1227 1869 1428 1898 aioccxxxiv,
1448 1857 1658 1902 pontificatus
1685 1859 1786 1890 nostri

1047 1925 1132 1947 anno
1160 1925 1200 1947 iv.

1084 1977 1142 2004 Dat.
1165 1977 1208 2003 die
1232 1977 1262 2003 io
1282 1976 1412 2003 februarii
1434 1976 1521 2009 1734,
1542 1976 1638 2011 pontis.
1660 1984 1730 2001 anuo
1752 1982 1787 2002 tv.

1400 2030 1434 2062 F.
1455 2030 1540 2063 card.
1560 2032 1741 2062 tlLivsau‘s.

1335 2183 1492 2217 cxxt'llt.

1049 2256 1257 2298 Confirmatio
1274 2255 1539 2287 constitutionum
1559 2264 1617 2297 pro
1633 2251 1789 2296 fratribus

1092 2314 1119 2341 el
1144 2308 1305 2342 sororibus
1334 2309 1435 2341 Terlr'e'
1462 2308 1597 2340 Ordinis
1617 2308 1789 2339 Servorum

1092 2364 1130 2395 13.
1159 2363 1284 2395 Mariae
1317 2362 1460 2405 I'e'ryinis
1484 2362 1520 2394 ‘in
1546 2361 1705 2394 Brasilia.

1261 2435 1394 2462 Clemens
1416 2434 1496 2467 Papa
1515 2434 1581 2465 XII,

1183 2480 1220 2507 ad
1241 2480 1380 2506 futuram
1401 2479 1446 2506 rei
1469 2478 1657 2505 memoriam.

1092 2553 1134 2586 Ex
1161 2552 1303 2584 iniuncto
1322 2551 1415 2584 nobis
1430 2550 1567 2584 caelitus
1586 2550 1788 2593 apostolicae

1049 2606 1212 2639 servitutis
1236 2615 1387 2644 munere,
1414 2615 1473 2643 ea,
1500 2614 1583 2647 quac
1617 2614 1675 2646 pro
1703 2604 1787 2637 I'clici

1086 2671 1095 2696 1
1120 2668 1188 2696 Edit.
1210 2667 1289 2695 Main.
1312 2667 1374 2703 legit
1396 2669 1539 2695 motorum
1560 2667 1598 2702 (n.
1615 2668 1664 2701 Τ,).

1677 248 1741 280 (ῖῦῒῖ
1789 256 1973 283 Amet-134

1822 797 1978 817 tlantrsiriurum

1852 828 1915 844 valli).

1846 1222 1910 1242 fovit-c
1926 1224 1982 1242 tran-

1798 1253 1887 1274 fittmpttii
1894 1256 1934 1268 um.

1828 2558 1969 2581 l’rooeinitim.
