2182 3137
202 197 254 224 An.
271 198 300 224 c.
322 198 389 224 ¹732
435 188 499 223 340

216 641 244 661 De
258 641 382 664 redditum.

201 667 310 697 fundorum
353 669 372 688 in

201 697 320 715 strumentis
340 698 381 715 etc.

216 1233 257 1253 Res
273 1234 381 1253 monachis

199 1260 301 1289 quolibet⁴
319 1261 381 1280 modo

217 1289 363 1311 provenientia

198 1313 329 1334 monasterio
345 1319 380 1339 ap-

198 1339 310 1365 plicantur.

398 251 521 284 mutare,
539 246 584 276 vel
607 247 709 286 quovis
731 247 816 276 modo
834 247 962 276 alienare
979 248 1135 286 possessio-

395 304 459 332 neS,
483 295 600 331 fundos,
624 299 673 324 aut
688 304 800 324 annuos
817 305 934 332 census,
955 297 1133 326 monasterio

395 344 517 373 donatos
540 348 589 372 aut
611 344 780 382 acquisitos,
800 344 853 374 sub
871 347 965 383 poena
980 345 1134 384 depositio-

395 391 440 420 nis
462 391 498 421 ab
520 392 627 430 officio,
649 397 677 422 et
700 392 945 422 inhabilitationis
969 399 1026 423 tam
1049 394 1135 424 abba-

395 440 431 469 tis
453 450 539 479 quam
562 441 711 470 oeconomi
734 446 763 470 et
784 442 1016 477 monachorum,
1041 443 1065 472 si
1090 453 1133 473 as-

394 498 511 518 sensum
544 490 578 518 ad
611 489 665 518 boc
699 489 909 528 praebuerint,
934 491 990 520 nisi
1013 491 1133 521 obtenta

395 537 473 576 prius
496 538 631 567 facultate
653 537 689 567 ab
720 538 756 568 iis
789 538 823 567 ad
857 548 929 578 quos
952 544 1080 578 spectat,
1104 544 1133 569 et

394 596 536 615 consensu
559 586 671 616 abbatis
694 587 850 625 generalis.

432 643 468 664 vi.
485 635 629 665 Pecuniae
646 640 763 666 exactae
780 637 815 666 de
838 636 1000 667 redditibus
1016 646 1131 666 monas-

395 684 481 721 terii,
506 689 555 714 aut
576 694 591 713 a
615 684 849 715 benefactoribus
883 687 1061 715 monasterio
1084 685 1133 715 do-

394 737 491 770 natae,
509 742 566 762 non
590 733 773 763 retineantur
795 734 823 763 in
842 743 930 763 manu
946 735 1131 772 cuiusquam,

394 780 443 810 sed
467 781 496 810 in
519 782 589 811 arca
611 782 709 811 statim
733 787 914 821 reponantur
947 782 1000 812 sub
1023 782 1133 820 duplici

393 829 484 865 clave,
508 840 632 869 quarum
656 840 711 859 una
736 831 773 860 sit
796 840 884 869 penes
907 831 1058 867 abbatem,
1093 831 1134 860 al-

394 883 454 909 tera
487 890 576 918 penes
608 890 811 910 oeconomum.
835 880 907 910 Item
938 881 1133 910 instrumenta

394 929 548 958 fundorum
571 930 752 965 monasterii,
771 930 815 959 vel
838 940 935 960 rerum
959 931 1132 960 donatarum

394 982 443 1008 aut
466 983 707 1007 testamentorum
724 979 883 1015 clausulae,
901 984 951 1009 aut
970 980 1025 1008 alia
1047 989 1131 1018 quae-

393 1035 517 1066 cumque
540 1027 713 1056 documenta
736 1027 771 1057 ad
794 1037 841 1057 res
864 1028 1038 1067 temporales
1073 1038 1132 1057 mo-

395 1076 515 1104 nasterii
539 1076 719 1114 spectantia,
744 1077 773 1105 in
798 1076 914 1115 publica
937 1078 1027 1106 forma
1052 1078 1132 1107 reda-

395 1127 437 1153 cta
452 1147 458 1159 ,
482 1124 512 1153 in
535 1125 605 1153 arc-St
627 1124 670 1153 vel
693 1125 723 1154 in
746 1125 876 1155 archivio
908 1128 1057 1156 communi
1089 1137 1134 1157 re-

392 1176 541 1211 ponantur
563 1172 617 1202 sub
640 1173 749 1212 duplici
772 1174 864 1210 clave,
889 1179 920 1203 ut
942 1185 1041 1214 supra.

431 1229 479 1251 vn.
494 1221 699 1261 Quaecumque
715 1223 858 1252 monacho
875 1224 1004 1262 professo
1022 1225 1132 1254 donan-

394 1273 451 1306 tur,
476 1271 536 1300 sive
567 1280 605 1300 ex
639 1270 818 1301 haereditate
842 1273 1040 1311 proveniunt,
1074 1278 1133 1303 tam

393 1319 511 1349 mobilia
534 1329 621 1358 quam
644 1319 818 1358 immobilia,
836 1322 931 1350 omnia
956 1322 1133 1351 monasterio

393 1368 489 1397 statim
517 1373 545 1397 et
567 1369 631 1397 sine
664 1369 802 1398 dilatione
834 1370 1040 1409 applicentnr3
1065 1381 1134 1400 usus

394 1421 489 1446 tamen
512 1418 676 1456 aliquarum
710 1428 808 1447 rerum
824 1443 831 1456 ,
856 1424 886 1448 ut
919 1420 1059 1449 librorum
1077 1445 1084 1458 ,
1108 1421 1134 1450 ei

394 1466 514 1495 concedi
538 1466 643 1505 poterit
665 1477 700 1496 ex
724 1468 844 1497 lieentia
866 1468 996 1498 abbatis:
1020 1470 1058 1499 ita
1093 1475 1135 1499 ta-

392 1525 470 1553 men,
496 1521 526 1545 ut
548 1525 581 1545 ex
605 1526 638 1545 eo
660 1526 715 1545 usu
739 1522 893 1556 paupertas
916 1518 1050 1556 religiosa
1075 1528 1133 1548 non

393 1564 526 1594 laedatur
541 1589 547 1598 ,
574 1574 668 1604 neque
689 1567 883 1596 murmuratio
906 1573 955 1596 aut
977 1568 1133 1597 aemulatio

394 1613 421 1643 in
445 1613 550 1642 ceteris
572 1614 712 1643 fratribus
734 1615 856 1645 oriatur.

435 1671 493 1691 vni.
518 1662 716 1691 lnv‹;=ntariu111
740 1663 883 1693 bonorum
908 1668 963 1693 tam
981 1665 1133 1695 mobilium

394 1720 481 1750 quam
504 1711 698 1740 immobilium
720 1712 748 1741 in
772 1712 907 1742 omnibus
935 1715 1131 1749 monasteriis,

395 1760 521 1789 fideliter
545 1764 574 1789 et
596 1765 730 1790 accurate
752 1762 930 1801 descriptum
947 1787 954 1801 ,
978 1763 1006 1792 in
1038 1764 1134 1793 arelli-

395 1809 441 1838 vio
463 1814 662 1845 conservetur,
683 1814 712 1839 et
728 1820 818 1839 unum
837 1811 916 1840 illius
932 1813 1083 1851 exemplar
1098 1813 1132 1842 ad

394 1857 529 1888 abbatem
551 1858 718 1896 generalem
741 1859 885 1889 mittatur.
903 1860 975 1890 Item
994 1861 1133 1891 habeatur

393 1907 594 1936 inventarium
617 1916 737 1936 onerum
755 1908 815 1937 sive
837 1907 1047 1946 obligationum
1064 1920 1132 1948 erga

394 1956 563 1986 fundatores
585 1960 613 1986 et
634 1956 833 1987 benefactores
863 1962 920 1987 tam
943 1959 1024 1987 vivos
1047 1969 1133 1999 quam

393 2006 556 2044 defunctos,
579 2005 686 2046 quibus,
707 2005 797 2035 abbas
819 2007 954 2038 satisfieri
978 2008 1134 2046 diligenter

977 200 1075 223 BULLA
1082 200 1156 224 RIUM
1184 200 1336 225 ROMANUM

1177 257 1238 278 rem
1261 250 1367 279 faeere.
1397 249 1474 279 Bona
1509 259 1577 279 vero
1601 250 1718 280 mobilia
1742 255 1792 281 aut
1814 251 1916 281 innno-

1176 296 1245 326 bilia
1268 298 1355 327 unius
1388 298 1558 327 monasterii
1589 298 1623 327 ad
1653 299 1776 329 alterum
1808 309 1916 339 nequa-

1175 354 1262 384 quam
1286 347 1521 383 transferantur,
1546 348 1672 377 maxime
1694 348 1718 377 si
1741 357 1755 377 a
1778 348 1914 378 fundato-

1175 395 1258 424 ribus
1279 404 1311 425 ea
1337 396 1447 425 fuerint
1470 401 1550 426 certo
1579 397 1642 426 loco
1672 397 1842 435 assignata,
1866 399 1915 427 sed

1176 454 1250 482 quae
1266 445 1475 474 monachorum
1495 445 1606 483 labore,
1621 446 1665 476 vel
1684 456 1717 475 ex
1735 446 1915 477 haereditate

1175 494 1480 531 consanguineorum,
1504 498 1554 524 aut
1576 495 1733 524 donatione
1755 495 1914 525 amicorum

1176 541 1313 580 cuiquam
1327 551 1428 571 eorum
1446 544 1533 581 sacta,
1551 543 1585 572 ad
1601 544 1769 573 monasterii
1785 544 1915 574 redditus

1176 588 1376 623 accesserint,
1401 589 1436 618 iis
1459 590 1565 628 poterit
1587 589 1677 619 abbas
1699 591 1844 628 generalis
1866 600 1916 620 ne—

1174 636 1363 666 cessitatibus
1379 638 1624 668 monasteriorum
1638 638 1832 676 indigentium
1850 648 1916 678 pru-

1175 686 1279 715 denter
1301 686 1475 715 subvenire:
1492 687 1533 716 sic
1557 691 1653 716 tamen
1676 692 1708 718 ut
1729 687 1849 717 abbates
1868 697 1913 718 oe-

1176 734 1323 763 casionem
1347 735 1415 764 incle
1430 744 1488 764 non
1505 736 1648 774 arripiant
1671 737 1847 766 monasteria
1863 746 1914 766 sua

1176 783 1358 821 negligenter
1380 783 1614 813 adn‘iinistrandi.

1216 841 1244 861 x.
1258 832 1287 862 Si
1300 832 1389 861 abbas
1400 833 1601 872 experimento
1614 835 1801 873 compererit,
1816 844 1917 874 quem—

1175 890 1262 920 qnam
1285 890 1405 911 suorum
1428 882 1638 912 monachorum
1661 883 1705 912 vel
1733 884 1806 913 caeli
1827 884 1917 914 incle-

1175 930 1314 959 mentiam
1338 932 1412 960 ferre
1434 940 1492 960 non
1517 941 1610 970 posse,
1631 932 1674 961 vel
1697 932 1756 961 alia
1779 941 1917 971 quacum—

1176 988 1232 1017 que
1248 979 1282 1008 de
1299 981 1387 1008 causa
1404 980 1608 1010 communitati
1631 981 1772 1019 expedire
1794 984 1826 1010 ut
1848 981 1916 1011 inde

1176 1027 1327 1063 discedat,
1351 1032 1378 1057 et
1400 1029 1434 1057 ad
1461 1029 1540 1058 aliud
1570 1030 1780 1059 monasterium
1805 1030 1917 1069 profici-

1175 1079 1292 1113 scatur,
1310 1076 1345 1105 de
1364 1077 1487 1106 consilio
1502 1078 1740 1115 congregationis
1762 1079 1917 1108 monacho-

1177 1134 1241 1154 rum
1265 1125 1398 1155 abbatem
1423 1126 1589 1164 generalem
1613 1126 1789 1165 admoneat,
1813 1127 1861 1166 qui
1883 1128 1917 1157 il-

1176 1174 1235 1203 lum
1259 1184 1310 1214 pro
1333 1177 1388 1204 sua
1416 1175 1570 1214 prudentia
1602 1176 1637 1205 ad
1666 1176 1743 1205 aliud
1772 1181 1918 1207 monaste-

1176 1224 1252 1253 rium
1276 1224 1401 1262 migrare
1423 1225 1545 1255 iubebit.
1562 1225 1590 1255 Si
1614 1235 1681 1255 vero
1703 1225 1733 1254 in
1755 1225 1914 1265 longinqua

1176 1273 1295 1310 regione
1318 1274 1426 1304 fuerint
1440 1297 1447 1310 ,
1472 1275 1545 1303 itaut
1572 1274 1660 1304 abbas
1682 1275 1826 1312 generalis
1848 1284 1916 1304 con-

1177 1322 1233 1351 suli
1249 1326 1381 1361 tempore
1403 1327 1566 1362 opportuno
1589 1323 1765 1362 nequiverit,
1785 1328 1854 1353 tunc
1869 1323 1916 1353 ab·

1177 1370 1227 1400 bas
1243 1371 1278 1400 de
1294 1381 1438 1401 consensu
1455 1372 1690 1410 congregationis
1707 1372 1914 1402 monachorum

1178 1419 1295 1448 mittere
1318 1420 1423 1459 poterit
1459 1420 1633 1450 monachum
1665 1429 1731 1449 cum
1754 1420 1859 1450 litteris
1881 1421 1914 1449 ad

1177 1467 1310 1497 abbatem
1333 1469 1512 1506 generalem,
1531 1469 1578 1507 qui
1600 1469 1681 1498 illum
1705 1469 1733 1498 in
1758 1468 1917 1508 quodcum<

1177 1527 1233 1555 que
1268 1518 1391 1547 voluerit
1420 1518 1628 1547 monasterium
1661 1518 1826 1547 transferet.
1850 1517 1915 1548 Sive

1177 1571 1272 1595 autem
1297 1566 1332 1595 ob
1355 1567 1568 1602 infirmitatem,
1589 1567 1650 1596 sive
1672 1566 1708 1596 ob
1731 1575 1834 1605 pravos
1856 1575 1916 1596 mo-

1177 1624 1223 1644 res
1239 1616 1376 1645 dimissus
1399 1616 1486 1645 fuerit
1513 1616 1685 1653 monachus,
1710 1615 1818 1651 omnia,
1842 1624 1916 1654 quae

1177 1664 1211 1692 ad
1236 1664 1290 1693 iter
1313 1665 1474 1693 necessaria
1503 1668 1612 1702 erunt,
1637 1665 1743 1702 magna
1765 1663 1915 1692 charitatis

1177 1713 1392 1750 significatione
1415 1713 1675 1742 subministrentur
1691 1713 1725 1741 ab
1745 1722 1778 1742 eo
1801 1721 1916 1741 monas-

1177 1762 1272 1797 terio,
1296 1763 1373 1791 unde
1395 1762 1561 1792 dimittitur.
1584 1762 1613 1791 Si
1640 1771 1709 1791 vero
1737 1762 1766 1790 in
1790 1770 1917 1790 commo-

1177 1810 1244 1839 dum
1268 1815 1295 1839 et
1317 1810 1474 1840 utilitatem
1507 1810 1627 1840 alterius
1655 1810 1826 1839 monasterii
1847 1810 1915 1840 mit·

1178 1860 1260 1897 titur,
1284 1860 1363 1889 illius
1386 1860 1551 1899 sumptibus
1567 1864 1595 1889 et
1611 1859 1748 1899 expensis
1771 1859 1913 1889 mittetur.

1177 1909 1301 1939 Caveant
1315 1914 1411 1938 tamen
1422 1910 1589 1948 frequentes
1599 1909 1807 1938 monachorum
1822 1913 1916 1938 trans—

1177 1959 1311 1996 lationes,
1329 1968 1365 1988 ne
1382 1959 1567 1988 monasteriis
1590 1959 1671 1988 oneri
1693 1958 1766 1995 sint3
1781 1967 1834 1988 nec
1850 1957 1915 1987 illas

1177 2008 1240 2037 sine
1261 2008 1435 2037 necessitate
1459 2007 1521 2036 fieri
1546 2007 1722 2046 permittant.

1924 207 1973 230 An.
1991 204 2021 231 C.
2041 205 2112 233 1732

1216 2065 1256 2085 xr.
1280 2056 1528 2092 Quemadmo‹1lum
1552 2057 1624 2086 nulli
1647 2056 1856 2086 monachorum
1882 2056 1916 2086 li·
1952 2069 2054 2091 Nullusin
2064 2075 2109 2100 mq-

1176 2110 1221 2135 cet
1244 2106 1385 2135 decedere
1408 2106 1442 2135 de
1466 2106 1654 2143 monasterio,
1671 2106 1700 2134 in
1724 2115 1782 2144 quo
1800 2115 1853 2144 per
1867 2098 2019 2149 ab-ffiffi‘u'}
2055 2102 2110 2144 Ἐξ,

1176 2155 1272 2185 batem
1305 2155 1471 2193 generalem
1501 2155 1660 2184 collocatus
1692 2159 1753 2191 est;
1781 2154 1820 2184 ita
1843 2150 2110 2198 nulliffl‘ffstaffffssessl‘ssss

1175 2205 1312 2234 abbatum
1344 2206 1386 2234 sas
1419 2205 1474 2234 erit.
1504 2204 1709 2234 advenientem
1741 2204 1914 2233 monachum
1927 2202 2026 2228 ¹³¹'⁰s⁰f³¹·
2175 2209 2182 2242 j

393 2061 486 2086 curet.

201 2108 382 2157 ssgnigssflglrefflffpc
433 2115 472 2135 ix.
487 2105 662 2135 Monasteria
678 2110 778 2135 nostra
794 2106 833 2135 ita
849 2106 907 2136 sint
923 2107 1047 2137 invicem
1064 2118 1131 2139 con-

395 2155 494 2184 iuncta
509 2178 516 2192 ,
539 2158 572 2183 ut
594 2154 729 2183 monachi
752 2155 885 2193 possint,
909 2155 1022 2186 abbatis
1045 2166 1131 2195 gene—

394 2203 464 2233 ralis
480 2202 612 2241 arbitrio,
629 2212 664 2231 ex
680 2212 737 2232 uno
754 2203 783 2232 in
799 2204 922 2233 alterum
935 2205 1026 2235 libere
1041 2210 1133 2235 trans-

394 2253 477 2290 ferri,
501 2256 529 2281 et
551 2251 727 2290 ubicumque
749 2252 773 2280 is
796 2252 922 2282 voluerit
936 2278 943 2291 ,
961 2254 995 2283 ad
1018 2259 1132 2294 tempus

394 2301 438 2330 vel
462 2305 601 2340 perpetuo
624 2300 772 2330 collocari.
797 2301 864 2331 Eius
884 2306 980 2332 tamen
1005 2304 1131 2342 pruden-

394 2350 449 2379 tiae
472 2350 539 2387 erit,
557 2354 588 2379 ut
603 2360 660 2380 non
678 2355 787 2381 temere
809 2352 965 2381 monachos
981 2352 1022 2381 sic
1039 2358 1132 2382 trans-

393 2399 477 2431 ferat.
497 2399 546 2428 sed
569 2399 670 2429 habita
691 2400 805 2429 ratione
828 2400 1012 2430 necessitatis
1033 2410 1132 2431 mona-

393 2447 513 2476 chorum
529 2451 557 2477 et
573 2448 827 2486 monasteriorum,
842 2453 869 2478 et
881 2449 1022 2478 consultis
1038 2450 1129 2488 prius,

393 2496 417 2525 si
440 2496 503 2526 fieri
527 2497 632 2535 poterit
648 2519 656 2533 ,
680 2501 729 2526 aut
761 2497 899 2536 expedire
934 2498 1105 2528 iudicaverit
1122 2523 1129 2537 ‚

394 2544 546 2575 abbatibus
561 2569 568 2583 ,
592 2546 641 2584 qui
663 2545 771 2576 debent
792 2547 888 2586 ipsum
912 2547 946 2577 de
968 2552 1043 2578 statu
1065 2558 1131 2578 suo-

394 2602 457 2622 rum
480 2594 690 2624 monachorum
713 2604 746 2625 ac
768 2596 1011 2626 monasteriorum
1028 2597 1133 2627 certio—

1175 2254 1329 2292 recipere,
1354 2253 1410 2283 nisi
1434 2253 1554 2282 licentia
1577 2253 1687 2291 proprii
1711 2252 1842 2290 abbatis,
1866 2256 1916 2282 aut

1175 2303 1289 2333 abbatis
1315 2303 1461 2341 generalis
1488 2304 1515 2332 in
1542 2302 1659 2340 scriptis
1677 2301 1814 2338 obtenta3
1845 2301 1916 2331 alio-

1175 2353 1257 2391 quin,
1282 2356 1340 2382 tam
1362 2352 1411 2391 qui
1434 2352 1560 2390 recepit,
1584 2360 1670 2390 quam
1689 2351 1739 2390 qui
1762 2351 1912 2390 recipitur,

1176 2410 1299 2439 poenam
1322 2401 1530 2430 monachorum
1564 2409 1702 2438 vagorum
1725 2400 1847 2430 subeant
1868 2409 1913 2429 ar-

1175 2449 1262 2479 bitrio
1285 2449 1398 2479 abbatis
1431 2449 1587 2488 generalis.
1611 2449 1640 2479 Si
1663 2449 1729 2488 quis
1758 2459 1826 2479 vero
1853 2459 1914 2479 rno-

1174 2499 1284 2528 nachus
1302 2508 1317 2527 a
1335 2499 1453 2537 proprio
1469 2498 1585 2536 abbate,
1603 2499 1647 2528 vel
1664 2508 1678 2528 a
1695 2498 1834 2528 fratribus
1849 2499 1912 2528 eius

1175 2548 1370 2585 monasterii,
1394 2548 1424 2577 in
1454 2557 1512 2586 quo
1544 2551 1697 2583 versatur,
1721 2556 1752 2576 se
1774 2547 1910 2582 iniuriam

1174 2601 1225 2627 aut
1249 2597 1483 2636 persecutionem
1507 2597 1564 2636 pati
1586 2596 1788 2634 affirmaverit,
1811 2596 1909 2626 volue-
