2182 3137
97 170 148 203 An.
168 170 200 199 C.
218 169 287 199 1730

298 218 518 263 Apostolieam
557 217 714 252 beneficia
752 218 937 250 huiusmodi
980 228 1040 260 per

296 273 421 306 obitum
441 273 600 306 dictorum
620 271 827 304 familiarium
847 270 1040 309 vacaverint,

298 332 386 367 tune,
405 327 435 359 in
456 325 641 369 provisione
669 325 778 358 talium
804 324 1040 357 beneficiorum

298 390 398 424 super
421 378 630 422 expeditione
655 378 851 419 litterarum,
869 377 957 410 illius
978 387 1042 410 car-

298 432 416 466 dinalis
448 431 593 474 exigatur
629 441 834 470 consensus,
862 430 886 462 si
920 429 953 462 in
979 429 1042 462 Ro-

298 487 392 519 mana
417 484 511 518 Curia
536 493 692 528 praesens
726 483 843 523 suerit,
869 483 907 516 ad
945 493 1040 527 quem

298 537 488 571 eorumdem
513 536 645 570 collatio
664 541 696 569 et
713 535 886 579 dispositio
903 540 937 568 ut
954 545 1043 578 prae-

298 591 399 624 fertur
415 590 582 634 pertinere
601 589 748 630 deberet,
768 589 848 622 itaut
868 588 1042 622 cardinalis

284 644 483 688 ⁴ordinarius
501 644 639 677 collator
656 643 688 676 in
707 653 865 676 concursu
884 653 957 676 eum
975 651 1043 675 car-

281 688 397 731 'dinali
417 702 558 741 patrono
579 707 709 740 semper
726 696 884 740 praeferri
907 696 1041 729 debeat:

295 750 393 783 salvis
419 755 527 783 tamen
553 759 681 792 semper
714 749 850 782 indultis
876 748 1041 782 concessis

294 809 328 837 et
346 803 564 837 concedendis
590 803 714 836 eisdem
732 802 762 836 S.
781 802 817 835 R.
838 802 871 835 E.
894 802 1042 836 cardina-

296 857 392 890 libus.
421 856 608 890 Decernens
632 857 771 896 irritum,
798 861 859 889 ete.

117 921 231 946 sinuatum
247 925 285 946 per
338 919 442 944 xxxiv.
469 909 547 943 ltem
574 910 674 943 voluit
695 910 782 943 idem
808 909 962 943 dominus
983 919 1040 942 no—

101 947 385 1003 iitenp'ssefffsslsslsster,
411 962 517 1007 quod,
542 962 813 996 concurrentibus
846 962 961 995 eadem
989 962 1040 995 die

102 1006 188 1022 “¹⁵⁵“m'
296 1026 396 1060 super
420 1026 626 1059 quocumque
656 1016 815 1049 beneficio
841 1025 900 1059 per
925 1015 979 1048 fiat
1010 1020 1041 1048 et

295 1080 502 1110 concessum,
521 1069 718 1112 signaturam
739 1080 774 1102 ex
798 1068 885 1102 eius·
911 1079 968 1112 per
986 1068 1041 1101 siat

297 1123 394 1156 etiam
411 1128 445 1156 ut
469 1122 590 1166 petitur
614 1122 750 1163 habens,
769 1123 861 1155 alteri
881 1133 942 1166 per
963 1133 1041 1155 eon-

297 1187 424 1210 cessum
439 1176 537 1210 etiam
552 1182 639 1209 motu
655 1175 789 1219 proprio
801 1175 935 1208 babenti
952 1186 1042 1219 prae-

297 1230 436 1270 feratur,
462 1230 588 1263 etiamsi
620 1230 651 1263 in
682 1230 735 1263 illa
768 1240 826 1273 per
851 1239 1039 1263 concessum

295 1283 577 1326 praegnantiores,
601 1289 633 1316 et
654 1283 894 1327 quantumlibet
911 1283 1041 1325 privile-

297 1336 433 1380 giativae
459 1342 570 1371 essent
594 1337 772 1371 clausulae.

155 1396 186 1419 De
214 1398 285 1420 annali
339 1400 431 1424 xxxv.
458 1390 536 1423 item
562 1390 785 1423 sanctissimus
804 1390 956 1423 dominus
982 1399 1040 1422 no-

101 1428 232 1450 possessore.

298 1501 348 1529 tus
373 1496 608 1539 reprimantur,
635 1496 745 1536 voluit,
773 1496 885 1528 statuit
904 1501 935 1529 et
952 1496 1040 1529 ordi-

297 1548 405 1588 navit,
430 1549 516 1592 qnod
543 1548 738 1592 quicumque
767 1548 960 1582 beneficium
988 1559 1040 1581 ee-

296 1600 526 1640 clesiasticum,
547 1607 621 1634 tune
637 1611 696 1644 per
713 1611 833 1634 annum
853 1601 1038 1634 immediate

295 1655 548 1697 praecedentem
586 1654 721 1698 pacifice
759 1665 941 1698 possessum
958 1681 965 1694 ‚
1008 1660 1040 1687 et

295 1707 382 1751 quod
406 1713 495 1741 certo
520 1708 617 1741 modo
649 1718 763 1741 vacare
788 1708 1035 1752 praetenditur,

295 1760 451 1804 deinceps
476 1761 714 1804 impetraverit,
741 1772 875 1801 nomen,
902 1761 1036 1804 gradum

295 1818 327 1846 et
349 1813 554 1847 nobilitatem
579 1814 782 1858 possessoris
807 1814 973 1855 eiusdem,
1006 1819 1038 1848 et

294 1871 375 1910 quot
392 1867 485 1900 annis
502 1867 573 1911 ipse
591 1868 669 1902 illud
690 1868 885 1911 possederit,
904 1878 941 1901 ae
962 1878 1037 1911 spe-

294 1920 416 1954 cificam
438 1926 470 1954 et
494 1921 740 1954 determinatam
760 1948 767 1961 ‚
794 1932 829 1954 ex
864 1923 926 1964 qua
951 1922 1036 1955 clare

292 1973 417 2016 poterit
441 1979 592 2007 constare
610 1974 697 2018 quod
725 1974 847 2007 nullum
881 1974 942 2018 ipsi
961 1984 1037 2017 pos-

293 2026 412 2060 sessori
438 2027 469 2060 in
495 2027 582 2061 dicto
604 2027 764 2061 beneficio
791 2027 838 2060 ins
861 2033 1034 2071 competat,

293 2089 421 2113 causam
447 2080 479 2113 in
505 2080 694 2114 huiusmodi
725 2080 956 2125 impetratione
984 2091 1036 2114 ex-

293 2132 442 2176 primere,
459 2139 490 2167 et
514 2134 598 2167 insra
615 2144 669 2167 sex
689 2145 819 2168 menses
836 2135 942 2178 ipsum
964 2146 1036 2179 pos-

293 2194 454 2220 sessorem
490 2187 529 2220 ad
563 2187 719 2221 iudicium
757 2188 884 2222 evocari
912 2189 1033 2229 facere,

293 2247 487 2283 causamque
513 2250 548 2273 ex
584 2245 660 2273 tune
697 2241 838 2285 desuper
872 2241 955 2275 infra
980 2253 1036 2275 an-

293 2300 371 2324 num
404 2303 507 2336 usque
540 2294 579 2327 ad
612 2295 806 2328 sententiam
837 2294 1033 2329 definitivam

294 2344 448 2379 inclusive
473 2347 625 2390 prosequi
663 2348 778 2381 debeat
804 2354 836 2381 et
860 2353 1032 2389 teneatur3

295 2396 441 2440 alioquin
466 2398 651 2442 impetratio
688 2400 854 2444 praedicta
880 2406 912 2434 et
937 2413 1034 2445 quae-

294 2459 431 2492 cumque
456 2450 531 2484 inde
565 2448 720 2496 sequutae
746 2454 868 2487 nullius
899 2455 1035 2487 existant

294 2501 475 2545 firmitatis;
495 2509 527 2537 et
543 2505 618 2539 item
637 2506 826 2551 impetrans,
845 2507 885 2542 de
907 2508 1033 2543 damnis

332 2567 340 2596 1
365 2566 468 2597 Forsan
489 2575 525 2596 ea:
544 2568 584 2597 eis
603 2569 642 2604 (a.
659 2570 708 2604 τ.).

910 169 1052 193 CLEMENs

297 1447 374 1483 ster,
394 1448 429 1475 ut
446 1442 586 1486 improbi
612 1442 684 1476 lites
709 1442 949 1486 exquirentium
976 1453 1042 1476 mo-

1078 169 1123 193 xu
1149 170 1199 193 rr.
1751 160 1787 193 ¹11

1086 223 1117 250 et
1157 219 1319 252 interesse
1360 229 1585 263 possessorem
1628 218 1830 262 praedictum

1085 277 1259 314 propterea
1278 272 1540 315 contingentibus
1560 272 1605 305 cis
1622 272 1829 311 satist‘acere;

1086 329 1126 362 et,
1148 324 1174 356 si
1193 334 1419 368 possessorem
1439 325 1542 368 ipsum
1563 326 1696 365 iniuste,
1717 325 1831 358 frivole

1086 384 1117 410 et
1137 377 1283 410 indebite
1309 379 1481 411 molestare
1509 385 1658 421 repertus
1680 378 1830 417 extiterit,

1085 430 1321 473 quinquaginta
1357 431 1500 463 florenos
1536 431 1603 463 auri
1642 431 1830 474 persolvere

1085 482 1240 516 Gamerae
1267 483 1475 526 Apostolicae
1502 483 1541 516 sit
1568 484 1753 524 adstrictus,
1772 494 1832 517 nec

1086 536 1167 569 alius
1197 547 1294 580 quam
1327 536 1523 580 praemissae
1556 537 1732 570 vacationis
1765 548 1832 570 mo-

1087 589 1164 630 dus,
1193 589 1290 622 etiam
1325 599 1384 632 per
1418 589 1542 622 litteras
1569 590 1592 622 si
1620 590 1748 629 neutri,
1779 596 1832 623 aut

1086 643 1342 686 subrogationiS,
1366 647 1421 675 aut
1439 643 1528 682 alias,
1548 642 1607 675 sibi
1631 643 1738 686 quoad
1758 643 1830 682 hoc,

1085 701 1120 728 ut
1145 695 1340 729 beneficium
1374 695 1566 728 huiusmodi
1598 698 1634 729 ea
1660 696 1727 728 viee
1753 706 1832 729 con-

1086 749 1176 793 sequi
1204 756 1257 782 aut
1282 749 1432 782 obtinere
1469 750 1597 789 valeat,
1626 749 1832 792 quomodoli—

1085 803 1140 836 bet
1164 802 1380 846 suffragetur,
1414 803 1558 846 illudque
1584 803 1770 836 nullatenus
1799 803 1830 835 in

1085 861 1181 889 antea
1214 856 1393 898 litigiosum
1429 861 1606 898 propterea
1643 861 1828 888 censeatur.

1085 910 1174 949 Quod
1197 910 1293 943 etiam
1313 909 1443 943 extendi
1469 908 1569 942 voluit
1590 909 1627 941 ad
1656 909 1832 952 impetran-

1087 969 1133 996 tes
1158 963 1320 996 benefieia
1342 963 1576 1003 ecclesiastiea,
1598 963 1831 1006 cuiuscumque

1085 1017 1268 1060 qualitatis,
1292 1027 1350 1060 per
1381 1016 1595 1059 privationem
1623 1021 1654 1049 et
1687 1017 1829 1049 amotio-

1085 1081 1157 1104 nem
1191 1071 1240 1104 vel
1275 1071 1354 1103 alias
1389 1075 1524 1113 propter
1549 1069 1752 1110 commissa,
1780 1080 1832 1103 ex-

1085 1135 1198 1158 cessus
1221 1130 1251 1157 et
1271 1123 1407 1156 crimina
1425 1123 1571 1156 vacantia
1596 1124 1647 1156 vel
1668 1128 1829 1163 vacatura,

1085 1182 1116 1211 et
1131 1177 1280 1210 similiter
1294 1176 1333 1209 ad
1349 1176 1562 1219 impetrantes
1579 1175 1738 1209 beneficia
1756 1180 1831 1208 tam-

1085 1241 1180 1274 quam
1207 1230 1354 1263 vacantia
1380 1239 1439 1273 per
1464 1229 1718 1263 devolutionem.

1128 1294 1234 1317 xxxvi.
1262 1283 1341 1317 Item
1368 1283 1480 1316 statuit
1505 1288 1536 1316 et
1561 1283 1722 1316 ordinavit
1742 1282 1827 1315 idem

1085 1337 1237 1371 dominus
1259 1342 1380 1377 noster,
1399 1337 1500 1380 quod,
1517 1336 1542 1369 si
1562 1336 1633 1379 quis
1655 1347 1827 1379 quaecum-

1085 1401 1148 1434 que
1174 1389 1336 1423 beneticia
1368 1389 1599 1428 ecclesiastiea,
1634 1388 1830 1432 qualiacum-

1085 1455 1149 1488 que
1174 1444 1247 1483 sint,
1270 1443 1392 1486 absque
1419 1437 1602 1475 simoniaco
1628 1442 1775 1485 ingressu
1791 1453 1825 1475 ex

1084 1498 1199 1541 quovis
1227 1497 1338 1537 titulo,
1371 1496 1552 1539 apostolica
1577 1496 1626 1528 vel
1661 1496 1826 1529 ordinaria

1083 1550 1260 1583 collatione
1287 1554 1340 1582 aut
1374 1549 1534 1582 electione
1554 1575 1561 1589 ‚
1590 1554 1620 1581 et
1653 1548 1826 1581 electionis

1083 1602 1274 1636 huiusmodi
1301 1601 1569 1642 confirmatione,
1594 1612 1650 1635 seu
1675 1611 1828 1645 praesen—

1083 1655 1206 1688 tatione
1231 1661 1263 1688 et
1287 1655 1494 1688 institutione
1520 1655 1662 1695 illorum,
1682 1655 1720 1688 ad
1747 1665 1828 1698 quos

1082 1708 1319 1742 beneficiorum
1345 1708 1531 1742 huiusmodi
1557 1708 1700 1749 collatio,
1721 1709 1826 1752 provi-

1081 1763 1138 1803 sio,
1166 1762 1284 1796 electio
1310 1768 1341 1795 et
1366 1762 1598 1806 praesentatio,
1619 1773 1675 1795 seu
1694 1762 1826 1806 quaevis

1081 1816 1144 1849 alia
1169 1815 1341 1859 dispositio
1367 1815 1535 1859 pertinet,
1564 1826 1623 1859 per
1649 1816 1825 1849 triennium

1080 1868 1215 1912 pacifice
1241 1869 1428 1912 possederit
1446 1869 1639 1911 (dummodo
1665 1869 1696 1901 in
1722 1870 1825 1902 bene-

1080 1922 1161 1956 ficiis
1187 1922 1388 1962 huiusmodi,
1409 1923 1435 1955 si
1461 1922 1670 1966 dispositioni
1698 1929 1826 1966 aposto-

1080 1975 1161 2009 licae
1187 1986 1222 2008 ex
1250 1975 1472 2008 reservatione
1507 1975 1654 2018 generali
1692 1975 1723 2008 in
1756 1986 1826 2008 cor-

1080 2040 1158 2073 pore
1185 2029 1262 2062 iuris
1288 2030 1396 2062 clausa
1421 2035 1585 2063 reservata
1622 2030 1763 2070 suerint,
1790 2041 1824 2063 se

1079 2094 1146 2116 non
1172 2083 1387 2126 intruserit),
1410 2093 1511 2127 super
1537 2083 1660 2116 eisdem
1694 2083 1820 2116 beneti-

1079 2137 1137 2170 eiis
1157 2137 1265 2170 taliter
1287 2137 1451 2180 possessis
1469 2137 1637 2170 molestari
1661 2143 1821 2181 nequeat:

1079 2200 1208 2223 necnon
1234 2189 1481 2233 impetrationes
1517 2190 1679 2233 quaslibet
1704 2191 1743 2223 de
1769 2191 1823 2223 be·

1079 2242 1204 2276 netieiis
1225 2242 1305 2286 ipsis
1331 2243 1378 2275 sie
1403 2243 1564 2286 possessis
1585 2244 1694 2282 saetas,
1714 2244 1821 2276 irritas

1079 2301 1109 2329 et
1135 2295 1248 2329 inanes
1274 2295 1401 2329 censeri
1428 2296 1547 2329 debere
1573 2296 1726 2337 decrevit,
1744 2298 1822 2330 anti-

1079 2359 1157 2393 quas
1184 2349 1257 2382 lites
1285 2359 1385 2393 super
1410 2349 1473 2383 illis
1499 2354 1600 2382 motas
1626 2350 1757 2393 penitus
1775 2361 1823 2384 ex-

1079 2402 1273 2445 Unguendo.

1121 2467 1239 2490 xxxvn.
1262 2456 1342 2489 ltem
1369 2457 1454 2489 idem
1477 2456 1627 2491 dominus
1650 2463 1771 2498 noster,
1788 2463 1823 2491 ut.

1802 2512 1807 2517 “
1834 2493 1930 2518 penando
1969 2497 2019 2515 aute

1077 2509 1150 2542 sinis
1175 2509 1286 2542 litibus
1312 2509 1452 2543 celerius
1479 2509 1674 2553 imponatur,
1698 2517 1730 2544 et
1762 2512 1961 2568 liti-fifflifffinfflm
1983 2520 2019 2542 de·

1079 2564 1223 2608 gantiam
1258 2569 1409 2608 parcatur
1443 2565 1624 2609 sumptibus
1651 2571 1682 2601 et
1707 2578 1822 2612 expen-

1841 169 1890 196 An.
1912 168 2028 198 C.1730

1869 1295 1898 1315 Dc
1918 1295 2025 1316 triennali.

1875 2465 1904 2486 lle
1921 2472 1960 2487 non
1982 2472 2019 2493 ap-
