2182 3137
56 258 112 293 tan.
126 261 158 289 c.
180 262 249 289 1732

129 2126 242 2147 Decretum

40 2168 43 2172 .
68 2152 242 2178 Congu-egenonis

55 2177 116 2199 'haec
165 2185 241 2206 appro-

62 2203 124 2227 bans.

874 262 1017 284 CLEMENS
1043 263 1085 285 ΧΗ
1112 262 1159 285 1¹1¹.

254 311 423 354 praedicto
439 311 581 354 capitulo
597 310 741 353 generali
756 309 915 342 sancitum
930 309 998 341 sue-

255 369 316 403 rat,
343 364 429 407 quod
455 363 616 396 eiusmodi
643 362 820 395 electiones
846 361 913 394 sieri
941 362 997 394 de-

255 417 354 449 beant
374 417 413 449 de
441 417 580 449 triennio
606 416 638 448 in
665 415 850 453 triennium,
873 415 996 458 absque

256 481 295 503 eo
321 471 407 513 quod
432 470 603 513 prorogari
640 469 785 512 possint,
811 479 871 501 nec
909 468 996 511 quod

256 524 343 556 ullus
363 523 393 555 in
414 524 611 566 praesectum
633 522 780 554 eiusdem
799 521 914 553 domus
932 531 998 553 ree-

255 576 319 617 legi
341 582 455 618 queat,
479 576 523 608 ita
542 576 645 618 quod,
665 575 690 607 si
710 574 884 606 triennium
906 573 996 616 expi-

256 629 397 669 raverit,
433 635 465 662 et
489 640 554 662 non
580 629 724 672 potuerit
749 628 790 660 ob
815 627 995 659 absentiam

255 683 357 725 patris
383 682 546 725 generalis
583 681 715 725 procedi
749 681 787 713 ad
813 681 996 724 praedictas

256 735 447 774 electiones,
465 746 522 768 seu
545 735 679 767 alteram
706 744 741 766 ex
761 733 836 773 illis,
858 739 934 765 tunc
955 734 998 765 vi·

255 788 460 830 cegeneralis
489 798 562 820 cum
591 788 658 819 suis
687 786 911 819 assistentibus
940 787 998 819 eli-

255 847 310 884 gat
327 852 388 884 per
407 841 608 879 scrutinium,
631 845 665 872 nt
685 850 791 882 snpra,
811 839 999 882 praesiden-

256 901 321 928 tem
346 895 434 927 illius
460 894 574 927 domus
605 904 662 926 seu
689 894 859 926 domorum
877 920 884 933 ,
915 904 997 936 quae

255 948 421 990 praesecto
449 947 654 989 indigerent,
676 947 781 979 donec
809 946 998 989 perveniant

254 1001 385 1034 litterae
422 1007 571 1044 patentes
607 1001 702 1033 electi
736 1001 785 1032 vel
817 1002 997 1033 electorum

254 1055 286 1087 in
313 1055 513 1098 praesectum
540 1065 595 1087 seu
632 1055 839 1098 praesectos;
873 1060 904 1087 et
937 1054 998 1087 boc

254 1108 363 1151 ipsum
383 1109 577 1141 servandum
600 1108 641 1140 sit
666 1108 698 1140 in
724 1119 796 1140 casu
824 1108 931 1140 obitus
948 1109 997 1141 vel

255 1161 514 1194 renunciationis
549 1162 711 1193 dictorum
744 1162 942 1200 electorum3
969 1167 998 1193 et

255 1215 288 1246 in
310 1215 457 1247 absentia
482 1215 582 1257 patris
608 1215 768 1257 generalis
796 1214 899 1257 possit
918 1214 999 1247 vice-

255 1268 418 1309 generalis
433 1268 604 1300 admittere
624 1270 703 1301 tales
721 1268 998 1305 renunciationes,

250 1321 402 1354 iniuncto
422 1327 529 1353 tamen
556 1322 660 1354 eidem
679 1332 777 1354 onere.
799 1322 996 1353 certiorandi

255 1375 377 1407 dictum
403 1376 602 1418 praesectum
629 1376 828 1418 generalem,
856 1382 901 1414 ut,
927 1386 996 1408 ser-

254 1430 327 1461 vata
348 1429 450 1461 forma
475 1429 625 1472 superius
651 1432 814 1472 expressa,
834 1429 938 1472 possit
958 1430 996 1461 ad

255 1482 437 1514 electiones
457 1482 621 1520 devenire,
644 1488 678 1514 ut
697 1482 796 1514 fusius
816 1482 999 1513 habebatur

256 1545 294 1566 ex
320 1535 480 1577 particula
506 1535 720 1567 resolutionis
746 1540 859 1577 captae
885 1535 917 1566 in
945 1545 998 1567 eo-

255 1588 329 1620 dem
356 1589 500 1631 capitulo
526 1589 696 1631 generali:
720 1599 755 1620 ac
781 1589 920 1631 proinde
939 1599 997 1630 pro

254 1646 348 1684 parte
372 1643 532 1674 vocalium
554 1642 720 1674 memorati
747 1642 880 1684 capituli
900 1652 998 1684 gene—

254 1694 332 1726 ralis
361 1694 467 1726 eidem
499 1694 752 1736 Congregationi
784 1695 997 1727 cardinalium

255 1748 451 1791 supplicato,
475 1753 524 1786 ut,
544 1748 674 1791 praevia
692 1748 906 1790 derogatione
924 1759 998 1782 con-

253 1801 457 1834 stitutionum
482 1801 611 1834 Ordinis
636 1803 667 1834 in
687 1803 774 1835 dicto
801 1803 941 1845 capitulo
966 1814 995 1836 ix

254 1855 269 1897 ς
293 1854 356 1893 16,
386 1856 586 1897 praedictam
612 1855 846 1888 resolutionem
881 1856 997 1888 contir-

254 1913 378 1947 maret,
395 1909 433 1940 ad
456 1909 517 1941 hoc
542 1915 577 1940 ut
601 1910 784 1941 executioni
806 1910 995 1942 demandari

256 1961 377 2002 possit:
406 1961 565 1993 emanavit
582 1973 599 1993 a
624 1962 790 2003 praedicta
815 1962 997 2004 Congrega-

255 2013 343 2046 tione
369 2015 583 2047 cardinalium
610 2015 775 2047 decretum
803 2016 925 2048 tenoris
951 2027 998 2048 se-

256 2068 395 2109 quentis,
423 2068 596 2100 videlicet:

296 2121 384 2150 Sacra
407 2121 602 2159 congregatio
635 2121 940 2152 eminentissimorum
970 2127 997 2152 et

255 2170 571 2199 reverendissimorum
605 2170 634 2200 S.
660 2171 694 2200 lt.
720 2171 751 2200 E.
786 2171 994 2208 cardinalium,

254 2219 381 2257 negotiis
404 2223 432 2248 et
454 2220 719 2249 consultationibus
742 2220 946 2258 episcoporum
969 2226 997 2250 et

255 2268 436 2306 regularium
460 2268 654 2307 praepositae,
678 2269 713 2298 ad
736 2278 824 2307 qnam
847 2270 998 2299 sanctissi-

256 2326 321 2346 mus
344 2317 480 2346 dominus
514 2321 617 2347 noster
649 2317 784 2347 Clemens
808 2318 864 2348 1¹1³.
890 2318 938 2348 xtl
963 2320 996 2348 li-

255 2366 365 2396 bellum
388 2366 514 2404 remisit,
537 2371 648 2397 attento
663 2367 803 2405 suffragio
826 2368 997 2398 eminentis-

254 2415 322 2445 simi
344 2415 503 2445 cardinalis
527 2416 604 2452 Pico,
619 2416 738 2446 Ordinis
753 2417 995 2447 Betlilcmitarum

254 2465 331 2504 apud
353 2464 487 2495 Sanctam
508 2464 611 2495 Sedem
637 2467 822 2504 protectoris,
847 2476 879 2496 ac
898 2477 928 2496 re
946 2478 997 2497 un-

255 2514 343 2553 dique
367 2517 480 2543 mature
503 2514 646 2549 discussa,
668 2515 825 2553 referente,
850 2526 901 2554 pro
924 2517 996 2546 emi-

255 2562 428 2592 nentissimo
462 2562 604 2592 cardinali
650 2563 759 2601 {ellnga
789 2569 915 2602 ponente
948 2566 997 2595 ab-

255 2616 339 2641 sente
355 2634 362 2648 ,
387 2612 623 2641 eminentissimo
657 2612 798 2642 cardinali
822 2613 994 2652 Barberini,

255 2660 383 2699 benigne
426 2661 596 2700 rescripsit:
645 2661 764 2700 praevia
805 2662 995 2700 derogatione

1041 318 1105 348 cap.
1130 319 1170 340 ix.
1194 311 1207 349 5
1231 311 1285 348 16,
1310 311 1555 341 constitutionum
1578 311 1607 340 in
1631 312 1662 339 ea
1687 314 1782 349 parte,

1041 367 1097 396 qua
1130 359 1318 398 disponitur,
1355 359 1513 389 electiones
1545 359 1784 399 praefectorum,

1042 407 1360 446 vice-praefectorum,
1398 413 1526 447 quatuor
1563 408 1783 445 discretorum,

1042 456 1161 485 maioris
1184 457 1340 486 infirmarii
1362 467 1395 486 ac
1411 457 1609 496 procuratoris
1631 456 1782 486 faciendas

1041 512 1105 532 esse
1121 513 1135 532 a
1152 505 1278 542 singulis
1294 505 1555 535 communitatibus
1570 510 1782 540 conventuum,

1041 551 1236 590 imposterum
1257 554 1323 583 illas
1345 563 1409 583 esse
1431 554 1578 583 faciendas
1595 563 1609 582 a
1629 553 1776 591 generali,

1041 606 1168 639 quatuor
1200 602 1422 640 assistentibus,
1445 603 1605 632 secretario
1627 603 1781 640 generali,

1042 650 1190 688 praesecto
1213 651 1326 686 domus,
1352 650 1401 680 ubi
1424 652 1456 680 fit
1477 652 1592 689 electio,
1613 657 1640 681 et
1666 650 1781 681 duobus

1041 697 1207 736 religiosis,
1231 699 1280 738 qui
1317 699 1426 729 fuerint
1458 700 1503 729 vel
1534 701 1705 738 generales.
1728 705 1779 731 aut

1041 749 1213 777 assistentes
1249 749 1420 785 generales,
1455 753 1505 778 aut
1538 750 1783 788 vice-generales,

1040 800 1091 825 aut
1115 796 1267 834 praefecti,
1291 801 1340 833 et,
1364 797 1423 826 illis
1445 806 1502 826 non
1526 798 1721 827 existentibus
1736 823 1743 836 ‚
1768 807 1782 827 a

1042 844 1188 882 religiosis
1208 845 1280 875 viris
1302 845 1394 883 magis
1417 847 1545 875 antianis
1567 846 1697 876 eiusdem
1731 847 1781 876 do-

1043 903 1125 930 mus,
1150 898 1178 923 et
1200 895 1304 924 electio
1327 895 1511 933 intelligatur
1533 895 1606 924 sacta
1630 895 1659 924 in
1684 905 1783 934 perso-

1042 952 1109 971 nam
1133 943 1194 972 eius
1217 944 1267 982 qui
1291 944 1428 974 habuerit
1457 945 1596 974 maiorem
1620 953 1778 974 numerum

1042 993 1267 1031 suffragiorurn;
1285 994 1363 1033 quod
1381 994 1538 1024 electiones
1557 994 1629 1024 fiant
1644 995 1678 1024 de
1695 994 1787 1024 trien-

1042 1042 1091 1071 nio
1114 1042 1143 1071 in
1167 1042 1327 1072 triennium
1350 1042 1460 1082 absque
1488 1043 1624 1072 facultate
1647 1052 1696 1072 eas
1720 1052 1784 1082 pro-

1042 1092 1176 1130 rogandi,
1193 1096 1232 1129 et,
1249 1092 1274 1121 si
1290 1092 1359 1122 dum
1375 1093 1468 1132 spirat
1490 1093 1663 1131 triennium,
1681 1092 1717 1122 oh
1732 1092 1783 1122 ab-

1043 1142 1167 1171 sentiam
1190 1142 1347 1179 generalis,
1371 1152 1429 1172 non
1453 1143 1635 1181 pervenisset
1657 1142 1787 1181 provisio

1042 1190 1078 1219 ab
1101 1191 1202 1220 eodem
1236 1195 1331 1230 capta,
1357 1196 1426 1221 tunc
1460 1191 1682 1229 vice-generalis
1715 1201 1781 1221 cum

1042 1239 1104 1268 suis
1127 1239 1332 1269 assistentibus
1354 1240 1443 1278 eligat
1465 1241 1679 1280 praesidentem
1702 1241 1782 1270 illius

1042 1288 1162 1324 domus,
1187 1287 1237 1317 ubi
1260 1293 1322 1318 erat
1344 1283 1475 1319 facienda
1499 1289 1614 1326 electio,
1638 1289 1688 1329 qui
1720 1299 1783 1320 eam

1042 1337 1186 1375 gubernet
1208 1347 1259 1376 pro
1282 1338 1418 1375 iuterim,
1442 1339 1518 1377 quod
1545 1339 1600 1368 erit
1622 1339 1783 1369 observan-

1042 1386 1109 1415 dum
1133 1387 1163 1415 in
1187 1396 1257 1415 casu
1280 1386 1376 1415 obitus
1400 1392 1449 1416 aut
1473 1388 1705 1417 renunciationis
1721 1388 1779 1418 ele-

1042 1440 1154 1465 ctorum
1178 1441 1244 1465 ante
1268 1437 1447 1473 triennium3
1472 1442 1500 1466 et
1521 1438 1598 1477 quod
1622 1437 1658 1467 ob
1680 1437 1784 1467 absen-

1043 1485 1112 1514 tiam
1137 1485 1282 1523 generalis
1305 1485 1399 1515 valeat
1433 1486 1657 1523 vice-generalis
1679 1486 1784 1516 admit-

1043 1538 1104 1563 tere
1127 1534 1365 1563 renunciationes
1388 1535 1561 1572 electorum,
1586 1545 1652 1565 cum
1675 1535 1787 1574 obliga-

1043 1584 1121 1613 tione
1145 1588 1242 1613 tamen
1264 1584 1307 1622 lde
1336 1584 1373 1613 iis
1395 1584 1574 1614 certiorandi
1597 1590 1710 1623 patrem
1735 1594 1784 1622 ge-

1042 1633 1186 1671 neralem,
1210 1633 1245 1663 ad
1269 1633 1324 1663 hoc
1346 1638 1378 1663 ut
1400 1634 1492 1672 possit
1513 1634 1582 1663 dare
1605 1638 1787 1673 opportunas

1042 1682 1243 1722 providentias
1267 1692 1318 1722 pro
1341 1683 1483 1712 electione
1506 1692 1723 1713 successorum.

1081 1733 1202 1769 Romae,
1225 1733 1272 1762 die
1293 1742 1313 1762 11
1335 1733 1404 1762 maii
1426 1741 1585 1762 nnccxxxn
1599 1756 1606 1770 ,
1630 1734 1790 1764 cardinalis

1041 1781 1223 1811 FRAxfflscrs
1244 1782 1445 1812 manemus.

1121 1840 1190 1870 Loco
1211 1843 1229 1877 ἦ·
1246 1841 1345 1879 εἰῃὶἰίὶ.

1263 1899 1284 1929 Ι.
1309 1899 1440 1938 archiep.
1464 1900 1529 1929 Cor.
1554 1901 1743 1930 secretarius.

1086 1965 1101 2007 ξ
1126 1965 1157 1998 02.
1185 1966 1263 1999 Cum
1290 1971 1415 2005 autem,
1440 1965 1524 1998 sicut
1549 1966 1706 2008 praedicti
1733 1978 1785 1999 vo-

1042 2020 1127 2051 cales
1153 2019 1248 2051 nobis
1282 2019 1421 2052 subinde
1454 2021 1572 2063 exponi
1610 2020 1782 2062 fecerunt,

1042 2073 1100 2116 ipsi
1120 2073 1309 2116 praemissa,
1331 2084 1394 2116 quo
1414 2073 1538 2105 firmius
1556 2074 1737 2107 subsistant
1756 2082 1788 2109 et

1042 2132 1213 2159 sci-ventur
1247 2127 1388 2159 exactius
1407 2153 1414 2166 ,
1439 2127 1638 2169 apostolicae
1669 2127 1786 2161 confir-

1042 2180 1194 2212 mationis
1220 2185 1349 2212 nostrae
1378 2180 1563 2222 patrocinio
1589 2182 1784 2214 communiri

1041 2234 1218 2278 plurimum
1245 2233 1447 2266 desiderent:
1472 2244 1552 2272 nos,
1579 2234 1667 2276 ipsos
1692 2247 1786 2269 voca-

1041 2288 1088 2320 les
1113 2287 1308 2330 specialibus
1328 2287 1490 2319 savoribus
1516 2293 1547 2319 et
1569 2288 1680 2330 gratiis
1707 2299 1785 2332 pro-

1042 2341 1134 2383 sequi
1171 2342 1341 2380 volcntes,
1380 2346 1411 2373 et
1451 2351 1562 2373 corum
1603 2341 1784 2384 singulares

1042 2405 1199 2438 personas
1231 2405 1248 2426 a
1279 2394 1449 2436 quibusvis
1474 2395 1785 2429 excommunicatio-

1043 2450 1114 2487 nis,
1150 2448 1376 2492 suspensionis
1412 2453 1444 2479 et
1479 2448 1663 2487 interdicti,
1701 2450 1785 2483 aliis-

1042 2513 1105 2545 que
1140 2501 1369 2534 ecclesiasticis
1400 2501 1596 2542 sententiis,
1634 2503 1782 2536 censuris

1042 2561 1074 2587 et
1099 2555 1224 2597 poenis,
1251 2565 1267 2586 a
1292 2554 1363 2586 iure
1390 2555 1441 2586 vel
1467 2555 1506 2586 ab
1533 2554 1676 2594 bomine,
1703 2567 1781 2599 qua-

1040 2608 1086 2639 vis
1113 2609 1285 2640 occasione
1310 2609 1358 2640 vel
1385 2610 1481 2641 causa
1506 2608 1588 2650 latis,
1610 2609 1635 2641 si
1662 2610 1781 2653 quibus

1040 2662 1289 2704 quomodolibet
1328 2662 1501 2696 innodatae
1538 2663 1705 2704 existunt,
1742 2665 1782 2698 ad

1680 251 1746 285 399
1791 261 1847 289 An.
1862 261 1892 290 c.
1913 261 1983 290 ¹732

1823 1979 1968 2000 Confirmatur.
