2182 3137
88 281 134 305 Λη.
155 277 183 302 C.
202 276 269 303 1734

116 2488 225 2508 Dor-retum
243 2494 274 2507 :a-

91 2520 140 2534 cran
156 2516 274 2539 congrega·

91 2542 153 2562 tionis
169 2541 254 2562 [lituum

904 280 1045 303 CLEMENS
1071 281 1117 304 xit
1142 283 1191 305 ΓΡ.

278 325 390 369 sicque
416 327 449 359 in
482 326 672 370 praemissis
710 338 768 370 per
800 338 1022 371 quoscumque

278 379 403 412 iudices
439 379 621 413 ordinarios
658 385 691 412 et
723 380 901 422 delegatos,
928 380 1023 413 etiam

278 443 447 465 causarum
485 433 596 476 palatii
631 433 799 476 apostolici
835 433 1021 473 auditores,

279 485 415 518 iudicari
442 491 473 519 et
497 485 624 519 deliniri
652 486 795 527 debere,
829 497 866 519 ac
898 487 1023 520 irritum

280 544 311 572 et
347 539 444 572 inane
479 539 637 583 quidquid
674 550 766 573 secus
804 540 980 583 superbis
1006 552 1023 573 a

279 602 454 635 quoquam,
491 593 601 635 quavis
638 593 847 632 auctoritate,
883 593 1024 626 scienter

279 647 326 679 vel
347 646 550 688 ignoranter,
568 647 742 689 contigerit
767 647 932 680 attentari.

323 700 338 743 ἓ
358 699 391 732 4.
413 699 482 732 Non
508 699 714 732 obstantibus
738 699 1024 733 constitutionibus

279 758 311 785 ct
336 752 596 786 ordinationibus
621 752 821 795 apostolicis,
853 763 889 785 ae
921 753 959 786 iis
990 764 1022 786 o·

282 805 411 838 mnibus
437 810 468 838 et
491 804 628 847 singulis
655 815 738 848 quae
761 805 790 837 in
811 805 1022 848 praeinsertis

280 858 460 892 Innocentii
495 858 759 901 praedecessoris
795 858 912 891 litteris
948 869 1024 892 con-

280 922 368 945 cessa
386 917 460 944 sunt
489 921 555 944 non
573 912 716 952 obstare,
743 912 928 955 ceterisque
947 923 1023 946 con-

281 965 388 999 trariis
415 965 684 1009 quibuscumque.

324 1018 436 1052 Datum
461 1018 591 1059 Romae,
613 1018 701 1061 apud
727 1017 757 1051 S.
773 1017 903 1051 Mariam
930 1019 1023 1052 Maio-

282 1083 362 1113 rem,
388 1072 446 1105 sub
471 1073 594 1105 annulo
620 1072 799 1111 piscatoris,
819 1072 870 1106 die
889 1083 931 1106 xn
949 1073 1022 1106 maii

279 1136 469 1166 nnccxxxw,
496 1125 703 1169 pontificatus
728 1126 829 1158 nostri
855 1137 940 1159 anno
966 1137 1009 1160 ιν.

316 1187 377 1214 Dat.
401 1187 448 1215 die
471 1188 502 1215 1⁶2.
522 1187 584 1214 maii
607 1187 686 1221 1734,
708 1188 808 1223 pontif.
830 1197 901 1216 anuo
922 1196 957 1215 tv.

636 1243 668 1276 F.
687 1243 776 1276 card.
793 1243 977 1278 Omvssnms.

579 1395 720 1429 CXXXV.

280 1466 454 1500 Indullum
485 1471 520 1499 ul
552 1467 671 1509 fratres
699 1466 905 1499 missionarii
934 1466 1025 1500 Galli

327 1519 462 1553 Ordinis
501 1520 671 1552 minorum
709 1521 816 1553 sancti
855 1520 1025 1553 Francisci

327 1573 585 1616 Capuccinorum
630 1573 765 1606 missam
803 1584 843 1609 ac
881 1573 1023 1616 officium

326 1626 358 1660 S.
378 1625 536 1659 Lmlovici
560 1627 645 1669 repis
670 1627 806 1659 recitare
828 1627 953 1670 possint
990 1627 1025 1659 in

325 1679 404 1722 sesto
429 1679 572 1712 eiusdem
589 1679 704 1713 Sancti
728 1680 790 1713 (lie.

496 1760 630 1787 Clemens
651 1760 730 1794 l‘apa
749 1760 811 1792 XII,

425 1806 460 1832 ad
480 1805 615 1832 futuram
635 1805 679 1831 rei
700 1804 883 1832 memoriam.

327 1875 341 1915 ξ
366 1875 396 1906 1.
417 1874 535 1917 Nuper,
554 1873 591 1906 ad
611 1874 720 1907 enixas
741 1873 850 1907 dilecti
868 1874 925 1906 filii
945 1874 1026 1907 Clie-

284 1927 389 1960 rubini
417 1928 455 1961 de
481 1927 595 1967 Neres,
631 1927 737 1960 fratris
769 1938 920 1971 expresse
953 1939 1027 1971 pro-

283 1980 359 2013 fessi
391 1979 519 2013 Ordinis
551 1980 709 2013 Minorum
735 1980 838 2013 sancti
864 1980 1025 2013 Francisci

284 2033 539 2078 Capuccinorum
582 2039 839 2077 nuncupatorum
877 2045 913 2067 ac
950 2034 1028 2068 dile-

284 2093 408 2121 ctorum
436 2087 576 2120 filiorum
604 2087 736 2120 fratrum
762 2087 927 2121 Gallorum
953 2088 1028 2121 mis-

285 2140 503 2174 sionariorum
542 2139 618 2173 dicti
658 2140 785 2173 Ordinis
824 2141 856 2173 in
883 2141 1027 2184 partibus

284 2193 464 2227 infidelium
492 2192 522 2226 in
550 2193 695 2226 Romana
720 2193 812 2227 Curia
844 2200 1028 2237 procurato-

285 2246 338 2286 ris,
353 2246 534 2285 instantias,
555 2246 714 2279 emanavit
735 2258 752 2279 a
769 2247 1027 2289 Congregatione

286 2299 521 2333 venerabilium
550 2299 682 2332 fratrum
706 2305 892 2332 nostrorum
911 2300 1024 2333 sne.

285 2352 496 2385 cardinalium
514 2352 615 2385 sacris
633 2352 749 2385 ritibus
767 2353 1027 2396 praepositorum

287 2406 450 2438 decretum
472 2405 593 2438 tenoris
612 2405 665 2448 qui
685 2406 846 2449 sequitur,
865 2405 1025 2439 videlicet:

326 2476 438 2507 Ordinis
463 2476 681 2515 Capuccc'norum
702 2477 951 2506 missionarinrnm.
973 2476 1027 2505 lle·

287 2525 385 2556 missis
408 2536 423 2555 a
439 2527 524 2555 sacra
539 2524 771 2564 Congregatione
786 2525 821 2554 de
838 2524 1028 2563 l‘ropaganda

286 2574 354 2604 Fide
377 2574 411 2603 ad
435 2583 548 2603 sacram
573 2574 692 2604 [lituum
716 2573 975 2612 Congregationem
999 2582 1027 2602 e-

286 2622 363 2653 nixis
387 2626 501 2662 patrum
524 2622 642 2653 Ordinis
659 2622 890 2661 Capucciuorum
915 2621 1027 2650 missio-

286 2671 435 2703 nan-iorum
457 2670 608 2701 instantiis
626 2680 677 2710 per
688 2674 804 2715 patrem
823 2670 942 2700 fratrem
960 2669 1027 2699 tilie-

1068 329 1204 360 rubinum
1221 331 1254 360 de
1272 332 1375 369 Neres,
1394 333 1461 362 dicti
1477 333 1595 363 Oidiuis
1618 343 1651 363 ac
1673 333 1806 373 supradi-

1067 382 1179 407 ctorum
1205 384 1318 417 patrum
1348 381 1376 409 iu
1402 381 1531 410 Romana
1553 382 1641 411 (lui-ist
1671 392 1808 421 procura-

1067 430 1159 455 torem
1184 427 1241 456 iam
1264 428 1424 467 exliibitiS,
1450 430 1566 469 illisque
1589 430 1700 468 relatis,
1724 440 1806 461 sacra

1067 473 1166 503 ead-*m
1201 475 1318 505 {lituum
1347 477 1538 516 Congrcgatio
1571 488 1654 516 posse
1687 479 1807 509 concedi

1067 523 1181 553 censuit
1205 529 1234 553 ut
1258 529 1353 563 patres
1376 527 1534 565 Capuccini
1558 527 1630 557 Galli
1656 528 1808 558 missione-

1067 570 1102 599 rii
1126 570 1155 600 in
1176 572 1308 610 paitibus
1325 572 1485 603 infidelium
1503 575 1661 605 existentes
1678 576 1807 606 officium

1068 619 1099 648 S.
1117 619 1256 649 Ludovici
1280 622 1369 659 regis,
1386 623 1462 661 qued
1480 623 1507 652 in
1526 624 1604 653 dicto
1623 624 1730 655 Ordine
1752 625 1806 655 sub

1068 668 1124 697 ritu
1148 669 1257 707 duplici
1281 670 1382 699 maiori
1406 672 1567 709 peragitur,
1591 672 1645 702 sub
1668 674 1726 703 ritu
1750 674 1808 713 pri-

1068 726 1131 746 mae
1153 718 1254 747 classis
1277 718 1306 747 in
1330 719 1401 748 festo
1425 719 1516 758 ipsius
1539 721 1638 751 Sancti
1670 722 1807 761 imposte<

1068 774 1133 795 rum
1151 766 1285 798 recitare,
1300 772 1328 796 et
1347 768 1463 797 mis—tam
1481 770 1642 808 respective
1658 771 1808 801 celebrare

1069 814 1179 853 possint
1203 819 1231 844 et
1254 815 1379 845 valeant.
1398 816 1446 846 nie
1469 825 1486 845 x
1508 817 1610 856 aprilis
1629 827 1806 849 mvccxxxiv.

1068 879 1103 884 -
1121 863 1155 892 A.
1174 863 1205 892 1³.
1224 864 1304 893 card.
1323 864 1492 894 Zoxnanam
1513 867 1753 905 propraefectus.
1773 887 1807 890 —-

1068 911 1102 940 N.
1121 911 1157 941 M.
1175 911 1321 942 Tenescm
1345 913 1473 952 archiep.
1490 914 1673 953 Apamensis,
1690 915 1719 946 S.
1732 916 1807 946 RAE.

1069 961 1254 990 secretarius.
1281 961 1348 990 Loco
1370 963 1387 999 †
1410 962 1508 1000 siyilli.

1112 1019 1127 1062 ἓ
1153 1020 1181 1053 ⁶2.
1208 1019 1285 1052 Cum
1312 1026 1429 1060 autem,
1452 1021 1535 1054 sicut
1560 1032 1619 1065 pro
1645 1028 1736 1066 parte
1762 1023 1809 1056 di-

1069 1126 1137 1166 fuit,
1160 1126 1247 1170 ipse¹
1275 1128 1440 1161 decretum
1466 1129 1661 1170 huiusmodi,
1680 1141 1742 1174 quo
1760 1131 1809 1163 fu·-

1069 1179 1151 1213 mius
1176 1181 1341 1221 subsistat,
1368 1184 1565 1225 apostolicae
1592 1183 1810 1218 confirmatio-

1068 1233 1117 1266 nis
1143 1239 1272 1266 nostrae
1293 1235 1474 1276 patrocinio
1500 1236 1696 1269 communiri
1721 1248 1810 1270 sum-

1069 1296 1204 1330 mopere
1231 1286 1418 1320 desideret:
1447 1298 1519 1328 nos,
1546 1288 1722 1331 specialem
1746 1289 1806 1333 ipsi

1068 1339 1256 1373 Che-rubino
1276 1340 1410 1383 gratiam
1427 1341 1531 1374 faeere
1549 1343 1707 1382 volentes,
1724 1353 1810 1376 enm-

1068 1403 1130 1436 que
1148 1403 1163 1425 a
1181 1393 1348 1436 quibusvis
1370 1394 1725 1436 excommunicationis,
1739 1406 1810 1429 sus-

1067 1445 1236 1489 pensionis
1273 1452 1303 1478 et
1335 1446 1515 1486 interdicti,
1542 1447 1677 1491 aliisque
1704 1448 1808 1481 eccle-

1067 1497 1202 1531 siasticis
1219 1498 1401 1539 sententiis,
1421 1500 1568 1532 censuris
1593 1506 1624 1533 et
1641 1500 1767 1543 poenis,
1792 1512 1809 1534 a

1068 1550 1137 1584 iure
1169 1552 1218 1584 vcl
1249 1551 1288 1583 ab
1316 1551 1466 1591 homine,
1497 1552 1608 1595 quavis
1638 1553 1809 1586 occasione

1069 1605 1118 1637 vel
1144 1605 1238 1637 eausa
1265 1603 1347 1643 latis,
1376 1604 1399 1636 si
1426 1604 1540 1647 quibus
1564 1605 1811 1648 quomodolibet

1069 1657 1241 1690 innodatus
1267 1657 1392 1696 existit,
1420 1657 1457 1690 ad
1485 1657 1633 1690 effectum
1659 1669 1811 1701 praeseu-

1070 1709 1146 1742 tium
1175 1715 1297 1742 tantum
1319 1710 1595 1753 consequendum,
1623 1711 1737 1744 liarum
1763 1722 1810 1744 se-

1070 1764 1115 1795 rie
1141 1763 1350 1795 absolventes
1377 1768 1408 1796 ct
1433 1763 1620 1795 absolutum
1648 1764 1715 1796 sore
1737 1774 1811 1797 cen-

1070 1822 1199 1856 sentes,
1240 1816 1533 1859 supplicationibus
1572 1817 1641 1850 cius
1678 1818 1810 1850 nomine

1071 1869 1165 1902 nobis
1203 1880 1303 1913 super
1341 1869 1403 1902 hoe
1440 1870 1608 1903 humiliter
1648 1871 1809 1914 porrectis

1071 1922 1229 1961 inclinati,
1251 1922 1416 1955 decretum
1440 1923 1678 1965 praeinsertum
1703 1928 1810 1956 aucto-

1071 1977 1165 2009 ritate
1192 1975 1395 2019 apostolica,
1424 1981 1538 2008 tenore
1564 1976 1808 2019 praesentium,

1071 2029 1290 2073 approbamus
1316 2034 1347 2061 et
1372 2029 1608 2069 confirmamus,
1629 2029 1740 2072 illique
1765 2030 1809 2062 in-

1073 2082 1232 2116 violabilis
1274 2082 1474 2125 apostolicae
1513 2081 1672 2114 firmitatis
1712 2082 1810 2115 robur

1072 2136 1239 2169 adiicimus
1256 2147 1263 2174 ;
1284 2135 1370 2167 salva
1389 2140 1496 2167 tamen
1516 2145 1644 2177 semper
1664 2134 1695 2167 in
1722 2145 1810 2178 prae-

1072 2189 1176 2221 missis
1214 2188 1404 2221 auetoritate
1441 2192 1638 2220 memoratae
1671 2187 1810 2230 Congre-

1071 2241 1211 2285 gatiouis
1236 2240 1464 2273 cardinalium.

1115 2295 1130 2337 ἓ
1153 2293 1183 2327 3.
1207 2294 1439 2331 Decerneutcs,
1467 2292 1595 2325 casdem
1623 2298 1810 2334 praesentes
1848 2300 1968 2320 etium-nu

1071 2347 1194 2380 litteras
1220 2346 1345 2384 firmas,
1372 2346 1493 2378 validas
1521 2351 1550 2378 ct
1580 2345 1726 2378 efficaces
1751 2346 1809 2379 exi-

1071 2405 1156 2432 stere
1182 2405 1213 2431 et
1239 2399 1315 2437 fore,
1341 2408 1483 2441 suosque
1509 2398 1674 2441 plenarios
1704 2403 1736 2431 et
1762 2399 1808 2431 in-

1072 2458 1180 2494 tegros
1206 2450 1336 2484 effectus
1368 2450 1477 2483 sortiri
1511 2455 1542 2482 et
1573 2450 1736 2490 obtinere,
1774 2462 1809 2484 ac

1072 2506 1153 2545 illis,
1183 2505 1220 2537 ad
1250 2514 1330 2547 quos
1359 2508 1483 2546 spectat
1512 2509 1543 2536 ct
1572 2513 1630 2546 pro
1664 2509 1809 2547 tempore

1072 2558 1246 2602 spectabit,
1272 2557 1458 2600 plenissime
1486 2556 1673 2599 suffragari,
1698 2557 1808 2601 sicque

1108 2674 1115 2699 l
1135 2672 1201 2699 Male
1218 2671 1281 2699 edit.
1299 2670 1377 2698 Mam.
1395 2670 1460 2705 legit
1475 2671 1533 2705 ipso
1549 2672 1587 2705 (n.
1605 2671 1652 2704 Γ).

1815 288 1851 310 An
1885 287 1912 311 ¹1.
1933 286 1999 312 ¹732

1864 1032 1927 1051 Coum
1934 1035 2001 1051 matur

1880 1065 2000 1079 cunm-,slo-

1069 1072 1110 1105 cti
1137 1073 1314 1106 Cherubini
1341 1074 1436 1107 nobis
1462 1075 1599 1108 subinde
1622 1077 1807 1119 expositum
1820 1091 1852 1109 nc.
1869 1088 1909 1105 eu·-
