2182 3137
176 286 212 313 An
247 286 274 313 c,
297 284 364 313 1732
410 275 475 310 434

177 1098 214 1117 pra

176 1064 181 1083 1
198 1038 311 1058 (ttemnntis
326 1037 361 1068 luT

185 1071 231 1085 t't·.t·
284 1072 287 1074 “
297 1072 301 1077 “

368 345 402 368 re
428 334 570 378 undique
597 334 759 378 perpensa
778 360 785 374 ,
812 343 848 366 ac
878 333 1007 376 praevio
1044 342 1111 365 ma-

369 395 439 421 turo
465 388 614 421 examine
641 387 801 427 discussa,
828 387 989 419 referente
1014 396 1111 419 vene-

370 441 463 475 rabili
491 441 588 473 fratre
622 446 734 473 nostro
760 440 931 472 Francisco
957 439 1111 481 episcopo

369 493 510 527 Ostiensi
537 499 568 525 et
593 492 810 525 Velitei·nensi
838 492 939 535 ipsius
966 491 997 524 S.
1020 491 1058 524 R.
1075 491 1108 524 E.

370 546 527 581 cardinali
555 546 731 579 Barberino
758 550 946 589 nuncupato
964 572 971 584 ,
997 545 1112 577 rescri-

369 601 451 644 psit:
476 599 573 632 Nobis
609 598 839 631 consulendum
873 602 909 630 ul
941 598 1112 632 Clementis

370 652 623 699 praedecessoris
650 652 773 684 lilleras
804 652 970 696 praefatas
1003 662 1113 695 perpe-

373 712 426 740 tuo
443 707 567 739 servari
585 705 827 738 mandaremus.
848 705 950 744 Quare
969 706 1044 738 dicti
1064 716 1113 738 ex-

371 766 532 804 ponentes
556 759 649 791 nobis
678 759 843 792 lunniliter
869 759 1045 801 supplicari
1073 758 1114 790 fe-

372 817 488 845 cerunt
511 818 545 845 ut
569 812 663 844 statui
684 811 827 844 eiusdem
846 810 1112 854 Congregatiouis

372 866 605 900 monachornm
643 871 829 908 opportune
861 865 891 896 in
926 864 1113 908 praemissis

371 920 545 963 providere
576 924 608 951 et
634 924 666 950 ut
693 918 773 950 infra
799 917 968 958 indulgere
996 917 1034 949 de
1061 916 1113 949 be-

373 974 529 1016 nignitate
548 972 725 1015 apostolica
747 972 979 1013 dignaremur:

418 1027 488 1071 §sk
522 1026 585 1058 Nos
618 1025 740 1067 igitur,
775 1025 918 1067 ipsorum
951 1033 1113 1066 exponen-

217 1071 452 1118 Jcipaiiffffltium
473 1080 553 1112 votis
572 1080 630 1111 liae
658 1079 687 1110 in
715 1088 760 1117 re,
789 1083 945 1119 quantum
965 1088 1035 1108 cnm
1054 1077 1115 1110 Do-

373 1134 461 1168 mino
495 1142 690 1176 possumus,
722 1130 940 1163 favorabiliter
972 1140 1115 1163 annuere

373 1187 563 1230 cupienteS,
590 1195 770 1227 corumque
797 1183 977 1226 singulares
1002 1194 1117 1226 perso-

373 1251 430 1274 nas
451 1250 468 1272 a
486 1238 652 1282 quibusvis
675 1236 1031 1276 exeommunicationis,
1050 1247 1116 1268 sus-

373 1293 543 1337 pensionis
569 1298 600 1324 et
632 1289 818 1329 interdicti,
845 1289 985 1332 aliisque
1012 1290 1118 1321 eccle-

373 1347 511 1380 siasticis
537 1344 720 1383 sententiis,
744 1343 891 1376 censuris
921 1348 953 1375 et
978 1343 1115 1386 poenis,

373 1413 389 1434 a
427 1402 497 1433 iure
535 1400 583 1432 rel
620 1399 658 1430 ab
694 1397 849 1437 bomine,
880 1397 989 1440 quavis
1026 1407 1118 1429 occa—

374 1456 467 1487 sione
489 1454 538 1486 vel
569 1454 664 1485 causa
684 1451 768 1491 latis,
788 1451 812 1483 si
837 1450 956 1494 quibus
982 1460 1118 1493 quomo-

374 1509 498 1543 dolibet
519 1506 692 1540 innodatae
715 1505 873 1544 existunt,
900 1504 939 1536 ad
966 1504 1116 1537 ellectum

373 1561 596 1606 praesentium
631 1560 794 1592 diuutaxat
825 1558 1115 1601 consequendum,

374 1617 488 1648 haruin
504 1614 586 1647 serie
600 1613 808 1646 absolventes
823 1616 853 1644 et
868 1612 1032 1644 absolutas
1052 1612 1117 1643 fore

374 1674 567 1708 censenteS,
601 1666 783 1699 huiusmodi
821 1665 1141 1709 supplicationiluis'

373 1721 546 1761 inclinati,
581 1721 619 1753 de
657 1719 845 1753 eorumdem
883 1718 1117 1752 venerabilium

376 1778 507 1809 fratrum
534 1780 721 1807 nostrorum
740 1773 769 1806 S.
795 1772 829 1804 R.
849 1772 881 1805 E.
903 1772 1117 1805 cardinalium

374 1828 513 1872 negotiis
533 1833 562 1860 et
581 1825 872 1859 consultationibus
887 1826 1118 1869 episcoporum

375 1888 406 1915 et
436 1880 632 1924 regularium
668 1878 950 1921 praepositorum,
977 1878 1030 1921 qui
1067 1879 1119 1911 die

373 1945 447 1969 xvui
474 1934 594 1967 mensis
620 1932 688 1965 iulii
715 1942 788 1964 mox
816 1932 936 1974 elapsi,
963 1940 1119 1975 reprope-

375 1989 435 2022 sita
460 1991 556 2022 causa
581 1997 652 2019 cum
672 1986 772 2018 dubio
791 1985 846 2019 Αη
871 1989 948 2017 esset
967 1985 1120 2018 standum

374 2043 423 2076 vel
447 2040 657 2074 recedendum
685 2050 705 2072 α
730 2039 844 2072 decisis
870 2039 979 2083 quoad
1009 2050 1121 2082 perpe-

376 2098 524 2129 tm'iatem
563 2094 749 2126 litterarum
784 2093 957 2127 Clemenle's
988 2093 1119 2136 praede-

376 2149 518 2186 cessoris,
544 2148 575 2180 in
603 2146 744 2179 decretis
769 2146 819 2179 die
839 2157 888 2179 xvi
912 2146 984 2178 maii
1004 2146 1120 2189 persti-

376 2208 493 2239 terunt,
520 2201 668 2238 consilio,
696 2200 916 2242 praeinsertas
942 2198 1119 2232 Clementis
1142 2209 1143 2215 ¹

376 2254 638 2298 praedecessoris
664 2254 788 2286 litteras
815 2258 990 2292 enarratas,
1017 2252 1121 2284 Bene-

376 2310 452 2342 dicti
480 2307 743 2352 praedecessoris
771 2307 905 2346 litteris,
933 2317 1122 2349 quas,qua-

377 2369 472 2395 tenus
498 2371 581 2405 opus
607 2361 664 2399 sit,
690 2370 747 2402 per
772 2364 964 2402 praesentes
991 2370 1121 2392 revoca-

377 2426 470 2453 mus,
514 2414 646 2446 minime
684 2413 919 2452 obstantibus,
960 2420 1120 2457 perpetuo

378 2468 499 2501 servari
527 2467 558 2499 in
586 2468 747 2506 futurum,
777 2466 967 2499 auctoritate
993 2471 1122 2509 aposto-

379 2523 448 2561 lica,
470 2522 583 2554 barum
610 2520 708 2558 serie,
730 2520 949 2563 praecipimus
976 2525 1007 2552 et
1032 2530 1122 2552 man-

380 2576 513 2615 damus·,
541 2575 652 2617 sicque
679 2579 709 2606 et
736 2584 801 2606 non
828 2573 922 2607 aliter
948 2583 1006 2616 per
1031 2583 1121 2616 quos-

379 2639 516 2670 cumque
542 2628 665 2660 iudices
691 2626 872 2660 ordinarios
889 2632 918 2659 et
943 2627 1120 2668 delegatos,

380 2681 475 2714 ctiam
501 2691 668 2713 causarum
695 2680 807 2725 palatii
833 2680 1004 2724 apostolici
1030 2680 1121 2713 audi-

960 282 1140 308 BULLARIUM
1167 282 1322 307 ROMANUM

1904 282 1954 309 An.
1971 281 1998 308 C.
2023 279 2093 309 1732

1154 336 1261 371 tores,
1296 343 1333 364 ac
1358 331 1462 364 dietae
1487 330 1519 364 S.
1546 330 1584 364 R.
1611 330 1646 364 E.
1685 330 1866 364 cardinales
1887 357 1894 371 ,

1154 384 1249 418 etiam
1276 385 1315 418 de
1341 385 1441 418 latere
1468 385 1591 427 legatos
1617 389 1648 417 et
1673 383 1817 417 eiusdem
1843 383 1899 417 Se-

1154 438 1203 471 dis
1229 439 1382 475 nuntios,
1408 438 1534 470 sublata
1560 437 1605 470 eis
1630 442 1662 469 et
1686 447 1798 470 eorum
1830 437 1898 470 cui-

1155 491 1233 524 libet
1259 491 1370 534 quavis
1395 491 1489 523 aliter
1508 489 1670 523 iudicandi
1690 495 1721 523 et
1739 490 1899 533 interpre-

1156 545 1242 577 tandi
1279 546 1425 577 facultate
1459 549 1489 576 et
1526 543 1738 583 auctoritate,
1763 542 1896 576 iudicari

1155 604 1186 631 et
1212 597 1337 631 definiri
1364 598 1494 636 debere,
1521 608 1557 630 ae
1580 597 1704 629 irritum
1734 602 1767 630 et
1791 597 1898 636 inane,

1155 652 1179 685 si
1206 663 1297 685 secus
1334 662 1432 695 super
1458 652 1508 684 his
1533 662 1550 684 a
1577 662 1760 695 quoquam,
1786 650 1898 694 quavis

1156 705 1357 744 auctoritate,
1383 705 1526 738 scienter
1551 706 1599 738 vel
1617 704 1807 746 ignoranter
1828 714 1900 737 con-

1157 759 1267 801 tigerit
1292 758 1444 791 attentari
1465 784 1472 797 ,
1499 758 1720 791 decernimus.

1201 813 1215 855 ξ
1242 812 1272 845 5.
1300 811 1367 844 Non
1395 812 1601 844 obstantibus
1628 811 1837 854 praemissis,
1864 821 1900 844 ac

1157 866 1440 899 constitutionibus
1467 871 1498 898 et
1534 865 1794 898 ordinationibus
1824 876 1901 908 apo-

1158 920 1289 958 stolicis,
1310 930 1437 952 necnon
1457 919 1610 952 omnibus
1631 924 1662 952 et
1681 918 1820 961 singulis
1837 919 1901 953 illis

1160 983 1241 1015 quae
1268 972 1351 1004 idem
1370 972 1517 1005 Clemens
1544 972 1780 1015 praedecessor
1798 972 1829 1004 in
1855 972 1903 1006 lit-

1160 1025 1236 1058 teris
1253 1025 1318 1057 suis
1337 1025 1520 1057 huiusmodi
1537 1025 1700 1058 concessit
1719 1036 1782 1058 non
1799 1025 1904 1059 obsta-

1160 1088 1204 1117 re,
1222 1078 1406 1121 ceterisque
1431 1078 1604 1111 contrariis
1631 1078 1901 1122 quibuscumque.

1204 1131 1218 1174 ἓ
1237 1131 1269 1164 6.
1294 1131 1445 1164 Volumus
1464 1138 1574 1164 autem
1592 1138 1626 1164 ut
1648 1132 1792 1175 ipsarum
1811 1143 1904 1176 prae-

1160 1184 1299 1216 sentium
1317 1184 1499 1218 litterarum
1523 1185 1744 1228 transumptis,
1771 1196 1828 1218 seu
1853 1196 1904 1219 ex-

1161 1238 1294 1281 emplis,
1326 1238 1422 1271 etiam
1450 1238 1625 1282 impressis,
1653 1249 1747 1271 manu
1767 1239 1904 1273 alicuius

1160 1291 1276 1324 notarii
1297 1290 1418 1334 publici
1437 1291 1637 1335 subscriptis,
1658 1297 1689 1324 et
1706 1291 1814 1334 sigillo
1833 1303 1905 1335 per-

1161 1355 1262 1377 sonae
1288 1344 1318 1376 in
1340 1345 1557 1378 ecclesiastiea
1576 1344 1733 1387 dignitate
1753 1345 1905 1378 constitu·

1162 1402 1212 1430 tae
1231 1397 1380 1436 munitis,
1400 1398 1513 1430 eadem
1533 1408 1667 1440 prorsus
1687 1397 1765 1431 fides
1783 1398 1904 1442 ubique

1162 1451 1310 1483 locorum
1339 1456 1401 1482 tam
1429 1450 1461 1482 in
1488 1450 1608 1483 iudicio
1634 1461 1730 1494 quam
1748 1456 1835 1484 extra
1853 1451 1906 1484 ha·

1161 1504 1292 1541 beatur,
1316 1514 1399 1546 quae
1423 1503 1499 1546 ipsis
1523 1504 1751 1547 praesentibus
1770 1504 1906 1538 habere-

1163 1562 1214 1588 tur
1239 1556 1262 1588 si
1290 1556 1398 1589 forent
1423 1556 1587 1589 exhibitae
1613 1557 1663 1589 vel
1694 1561 1857 1590 ostensae.

1205 1610 1319 1642 Datum
1346 1609 1483 1648 Romae,
1510 1609 1596 1652 apud
1626 1609 1657 1642 S.
1690 1609 1820 1642 Mariam
1846 1609 1905 1643 Ma-

1162 1663 1275 1701 iorem,
1303 1662 1362 1695 sub
1388 1663 1510 1695 annulo
1538 1662 1732 1703 Piscatoris,
1751 1662 1803 1695 die
1824 1673 1842 1696 v
1861 1674 1906 1696 se-

1162 1716 1319 1760 ptembris
1345 1725 1541 1755 unccxxxti,
1564 1715 1776 1759 pontificatus
1802 1716 1907 1749 nostri

1163 1780 1248 1803 anno
1271 1780 1317 1803 111.

1198 1832 1260 1858 Dat.
1280 1832 1325 1858 die
1341 1831 1357 1858 5
1373 1830 1538 1866 septembris
1561 1831 1638 1865 1732,
1656 1831 1755 1866 pontif.
1776 1840 1850 1858 anuo
1868 1838 1907 1859 111.

1960 820 2094 841 Oh·lan¹{tlm

1912 847 1932 868 di
1941 848 2032 873 rogatiu-

1956 1138 2018 1159 Fata«
2041 1141 2097 1160 tran·

1915 1169 2052 1192 sumptorum.

1453 1885 1487 1918 F.
1516 1886 1604 1918 card.
1633 1885 1817 1919 Otavsstuus.

1476 2037 1593 2071 LXXII.

1166 2109 1412 2150 Confirmanlur
1437 2109 1599 2141 nonnulla
1619 2112 1745 2141 statuta
1769 2119 1829 2152 pro
1849 2119 1910 2141 me-

1209 2163 1286 2195 liori
1303 2163 1464 2205 reqimine
1479 2162 1668 2207 provinciae
1694 2162 1909 2196 Granalensis

1210 2215 1345 2249 Ordinis
1369 2217 1512 2259 fratrum
1538 2216 1706 2248 Msnorum
1731 2215 1765 2249 S.
1793 2214 1906 2248 Fran-

1208 2269 1285 2302 εἰδοί
1309 2269 1345 2302 (Ie
1373 2269 1597 2303 observantie.

1368 2349 1503 2376 clemens
1525 2350 1606 2383 Papa
1625 2349 1678 2376 x11
1693 2370 1699 2381 ,

1283 2396 1319 2421 ad
1334 2397 1517 2428 perpetuam
1537 2394 1582 2421 rei
1603 2393 1791 2421 memoriam.

1210 2467 1225 2510 ἓ
1251 2466 1281 2499 1.
1296 2465 1419 2509 Exponi
1441 2466 1535 2499 nobis
1556 2476 1661 2509 nuper
1679 2465 1754 2498 fecit
1772 2465 1910 2499 dilectus
1949 2471 2035 2493 Potitio·

1166 2521 1250 2553 filius
1271 2519 1410 2552 loannes
1430 2520 1469 2552 de
1489 2519 1560 2558 sok,
1580 2518 1727 2552 minister
1745 2518 1909 2561 generalis

1164 2572 1293 2606 Ordinis
1320 2573 1454 2605 fratrum
1472 2573 1630 2605 Minorum
1656 2572 1758 2605 saneti
1780 2571 1909 2605 Franci·

1165 2626 1208 2660 sci
1228 2627 1266 2659 de
1285 2626 1495 2659 observantia
1520 2629 1789 2669 nuncupatorum,
1808 2625 1904 2668 qnod,

1166 2680 1253 2714 iuxta
1278 2685 1419 2713 mentem
1448 2679 1544 2713 liuius
1570 2679 1707 2713 Sanctae
1744 2678 1835 2712 Sedis
1873 2688 1909 2712 ac
