2182 3137
216 235 267 260 An.
286 234 313 260 c.
338 233 405 260 1730
452 224 491 256 7⁶2

409 281 561 320 delinienda
585 282 611 309 in
636 280 756 319 capitulo
776 279 901 317 generali
926 288 976 318 per
997 279 1104 317 priores
1126 283 1150 308 et

410 329 550 358 monachos
572 328 691 357 eiusdem
723 327 836 357 Ordinis
866 328 978 356 tenendo
1008 329 1058 356 isto
1080 337 1151 356 anno

408 378 545 416 praesenti
567 378 595 405 in
620 377 783 405 monasterio
804 375 835 405 S.
860 375 1064 405 Bartholomaei
1085 375 1151 404 dieti

411 425 533 461 Ordinis,
551 435 619 463 quae
639 424 794 462 ffinwralem
817 427 917 454 statum
935 433 981 453 sou
1005 424 1151 453 utilitatem.

409 474 489 502 totius
512 472 624 501 Ordinis
647 476 768 510 tatayant,
790 482 836 501 seu
859 481 1022 502 concernere
1044 482 1151 511 quonao-

409 521 506 551 ‹lolibet
525 525 665 560 poterunt,
683 521 764 550 etiam
787 521 890 559 quoties
912 522 1000 559 fuerit
1022 526 1152 560 opportu-

410 580 476 598 num
507 570 541 598 ad
572 569 791 598 substituendum
823 569 911 598 alium
944 573 1152 608 procuratorem

410 619 495 648 nostri
513 618 625 647 Ordinis
638 619 794 657 professum
816 619 843 647 in
867 619 953 647 sacris
975 619 1152 648 constitutum

410 667 444 695 (ut
465 667 556 696 omnia
578 670 602 695 et
623 665 733 704 sz'nyuta
754 666 913 703 supradicta
925 678 936 701 ,·
952 670 976 695 et
991 667 1056 706 quia
1069 676 1152 706 prae-

410 716 481 744 dicta
504 724 566 744 ocra
580 719 653 748 sunt,
674 715 826 752 rogavimus
845 715 988 744 monachos
1004 716 1153 753 infrascri-

408 768 468 802 ptos
500 765 528 792 in
560 764 646 793 sacris
678 765 858 801 constitutos,
881 768 1014 802 quatenus
1046 764 1152 793 litteras

412 812 568 841 huiusmodi
582 813 638 841 suis
655 812 811 841 nominibus
827 812 997 847 roborarent‚·
1014 812 1152 851 quasque¹

411 860 503 898 siyillo
518 860 586 889 (licti
600 864 743 889 conventus
758 861 876 899 fecimus
891 860 1014 899 sigillari
1029 871 1058 890 n.

247 940 249 942 ,
281 912 401 948 Ρέυ·υὶ·«·[ο5
451 908 578 948 Praefati'
599 912 690 938 autem
710 910 819 948 prlores
841 913 865 938 et
885 912 1078 948 procuratores
1102 918 1152 938 uo-

219 941 342 985 lfllfl'lssl'ssl..i.¹
355 944 401 985 '³¹:¹12
413 957 486 986 mine
507 960 531 985 et
552 958 612 986 vice
626 967 737 986 suorum
752 958 982 987 monasteriorum
995 960 1153 996 potestatem

220 992 340 1045 :ammaum
366 997 526 1035 ‘'³¹'babeant
547 1006 734 1035 consentiendi
755 1015 802 1035 seu
823 1006 1028 1035 contradicendi
1045 1005 1156 1044 quibas-

413 1063 527 1093 eumqne
548 1055 577 1084 in
598 1054 723 1092 generali
746 1054 867 1093 capitulo
884 1054 1017 1089 dicendis,
1035 1058 1155 1083 tractan-

412 1104 454 1133 dis
476 1107 501 1133 et
522 1104 632 1141 ayena'is
658 1103 692 1132 ad
717 1112 885 1133 communem
911 1106 1011 1132 statum
1041 1103 1154 1133 Ordinis

412 1152 622 1191 pertinentibus.
646 1151 811 1182 Nullatenus
833 1155 924 1182 tamen
946 1152 1029 1181 iidem
1056 1160 1156 1190 procu-

414 1205 517 1230 ratores
539 1201 652 1230 babeant
672 1204 831 1239 potestatem
853 1201 1055 1233 consentiendi,
1087 1199 1156 1238 quod

414 1250 523 1279 duratio
542 1250 719 1289 prioratuum
742 1249 939 1288 quomodolibet
968 1248 1041 1278 ultra
1072 1249 1157 1277 trien-

415 1299 491 1328 nium
511 1299 716 1337 protendatur,·
746 1299 813 1337 quin
844 1298 934 1337 potius
955 1307 1007 1337 pro
1031 1306 1158 1336 eaprosse

411 1348 575 1387 prohibitis,
612 1349 693 1378 immo
724 1357 777 1387 pro
808 1349 880 1377 veris
912 1346 1157 1377 contradictoribus

415 1397 585 1435 habeantur,
611 1398 664 1426 nisi
686 1407 768 1436 super
791 1397 838 1426 boc
860 1397 898 1426 eis
925 1398 954 1426 in
976 1397 1033 1426 suis
1057 1405 1158 1436 proea-

414 1446 527 1475 ratoriis
555 1455 684 1484 empr‘essa
706 1450 731 1474 et
752 1445 880 1485 specialis
911 1446 999 1484 faerit
1027 1445 1158 1474 attributa

412 1498 530 1534 potestas
552 1495 607 1524 siue
628 1494 759 1534 facultas.
779 1494 903 1525 Ceterum
920 1498 1085 1533 procurator
1107 1494 1159 1523 im-

412 1543 521 1583 peditus
543 1543 668 1581 generali
689 1542 810 1582 capitulo
833 1543 982 1577 interesse,
1007 1542 1093 1572 alium
1125 1545 1159 1574 act

415 1592 487 1622 illud
508 1592 655 1621 substituat
678 1592 733 1621 Ioco
756 1592 811 1629 sui,
834 1592 888 1621 nisi
909 1592 1090 1622 substituendi
1108 1602 1158 1632 po-

415 1645 496 1671 testas
518 1651 646 1680 expresse
668 1641 719 1671 sibi
740 1642 828 1680 fuerit
850 1641 879 1670 in
898 1642 1090 1680 procuratorio
1114 1642 1159 1671 de-

415 1694 522 1729 neyata.
542 1689 644 1726 Quouis
667 1691 748 1719 etium
772 1699 836 1719 casu
856 1690 884 1719 bi
906 1690 953 1728 qui
975 1700 1025 1719 non
1048 1692 1159 1720 venient

415 1739 450 1768 ad
469 1738 596 1777 qenerale
619 1738 790 1777 capitatum,
808 1748 862 1775 per
884 1748 948 1767 suas
966 1742 1091 1778 patentes
1114 1738 1158 1768 lit-

415 1792 488 1816 teras
509 1789 611 1816 statum
633 1796 746 1815 suorum
767 1787 996 1816 monasteriorum
1026 1791 1081 1816 tam
1103 1788 1160 1827 spi-

416 1835 547 1865 ritualem
570 1845 649 1874 quam
673 1835 850 1874 temporalem
873 1836 928 1874 ipsi
949 1835 1071 1875 capitulo
1094 1836 1159 1865 inti-

416 1894 491 1914 mare
513 1893 567 1913 non
589 1884 745 1923 differant‚·
771 1888 796 1913 et
815 1885 924 1923 priores
946 1884 1088 1914 humiliter
1108 1885 1160 1914 mi-

416 1933 604 1967 sericordiam,
623 1932 671 1962 boe
692 1936 739 1967 est,
757 1932 789 1961 ab
812 1942 893 1962 onere
915 1942 1026 1962 suorum
1047 1934 1159 1972 priora-

416 1986 495 2011 tuum
516 1981 712 2012 absolutionem
733 1986 889 2021 eoeposoant.

660 2065 920 2087 EKTRAVAGANTES.

224 2136 408 2188 monipfinua'ffeqrgiis
458 2138 477 2159 1.
503 2128 664 2159 Priorissae
680 2131 708 2158 et
724 2128 899 2159 monasteria
915 2127 1086 2158 monialium
1110 2137 1160 2158 no-

225 2189 275 2208 mm
293 2190 351 2209 loeus
371 2190 405 2211 ae.
418 2178 472 2209 stri
494 2177 632 2217 Ordinis,
655 2177 744 2208 etiam
767 2187 818 2217 per
841 2181 1045 2217 procuratores
1059 2202 1066 2216 ,
1090 2187 1159 2208 voce

224 2218 321 2241 '‘ww‘'
419 2230 537 2257 careant
554 2226 584 2256 in
600 2226 727 2266 capitulo
749 2225 895 2265 generali3
919 2235 969 2266 per
992 2230 1160 2266 procurato-

419 2284 466 2306 res
482 2279 579 2305 tamen
596 2275 842 2305 monasteriorum
858 2274 990 2314 priorum
1001 2299 1008 2313 ‚
1033 2275 1082 2314 qui
1098 2275 1160 2305 illa-

420 2333 485 2354 rum
508 2332 607 2354 curam
632 2323 757 2358 habent,
782 2324 916 2362 negotia,
940 2333 1012 2363 quae
1036 2324 1065 2353 in
1082 2323 1160 2363 capi-

420 2373 488 2404 tulis
511 2373 699 2412 generalibus
721 2382 807 2412 agere
826 2373 926 2410 velint,
946 2372 1157 2403 transmittant.

225 2426 410 2473 “gsgrffsstffigj
459 2430 488 2451 11.
513 2422 629 2452 Priores
651 2431 709 2453 non
733 2421 841 2452 habent
856 2425 955 2452 votum
971 2421 1001 2452 in
1017 2421 1159 2452 electione

225 2477 275 2514 ”5³⁰¹
299 2467 620 2510 ”mvn-„1procuratoris
643 2480 695 2511 pro
717 2471 847 2510 capitulo
868 2471 1018 2509 generali;
1042 2479 1158 2501 verum-

226 2508 409 2560 {IllJ1¹.¹'J⁴*'J1','.⁴{LJ⁰.}I
422 2523 518 2549 tamen
551 2519 609 2549 sint
641 2524 810 2558 praesentes
832 2519 925 2559 ipsius
947 2519 1103 2558 electioni,
1128 2524 1159 2550 ut

226 2562 267 2582 ‘¹¹¹⁶
283 2561 450 2598 ‘³¹⁰‘¹¹¹¹¹¹¹³³'in
474 2567 683 2599 constitutione
704 2569 894 2608 disponitur;
918 2573 946 2600 et
969 2572 1033 2609 post
1055 2569 1158 2600 factam

226 2584 328 2607 sionibus.

458 2622 467 2648 1
490 2621 584 2650 Potius
603 2623 662 2657 lege
681 2621 805 2658 illasque
824 2623 862 2657 (n.
878 2623 926 2657 τ.).

994 230 1175 254 BL'LLARIL'M
1202 228 1356 255 ROMANvM

1941 229 1989 256 An.
2009 230 2038 257 C.
2060 230 2130 258 1730

1195 278 1365 308 electionem
1393 277 1448 317 ipsi
1477 277 1591 316 priores
1625 277 1735 316 pariter
1766 282 1935 316 praesentes

1195 326 1264 363 sint,
1288 330 1316 356 et
1338 326 1458 356 audiant
1480 325 1704 356 commissiones
1728 335 1799 365 quas
1821 326 1936 356 vocales

1194 375 1397 415 capitulariter
1412 375 1489 405 dicto
1513 375 1695 414 procuratori
1718 374 1933 414 imposuerint;

1195 423 1262 463 quia
1284 423 1308 453 si
1332 424 1511 454 contrarium
1528 424 1589 460 fiat,
1606 423 1697 452 multa
1720 422 1791 453 oriri
1814 427 1936 462 possunt

1195 472 1432 502 inconvenientia
1455 476 1483 502 et
1506 471 1733 502 controversiae.

1235 530 1275 551 ιιι.
1310 521 1341 550 Si
1373 521 1403 551 in
1435 521 1534 560 aliquo
1571 520 1747 550 monasterio
1786 519 1936 550 vacaverit
1975 536 2132 557 Promonaste-

1196 569 1343 609 prioratus
1366 572 1495 609 tempore
1522 569 1644 608 capituli
1668 568 1834 607 generalis,
1860 568 1938 598 vica·
1948 563 1996 586 ‘¹¹⁵¹
2012 563 2031 582 ‘¹³
2055 563 2132 589 ’ΨΜ
2172 575 2178 584 “

1948 590 2053 614 prioratus
2070 591 2134 609 vacat-
2178 599 2182 612 -,

1196 618 1257 648 rius
1279 627 1337 648 non
1360 619 1452 657 possit
1486 617 1586 647 venire
1618 627 1671 647 nec
1705 617 1825 646 mittere
1847 616 1936 646 alium
1949 618 2009 661 {fflb
2021 621 2062 661 22⁰0
2076 616 2134 662 Vffijssg
2180 628 2182 650 :

1197 670 1416 706 procuratorem
1439 666 1474 696 ad
1492 666 1653 705 capitulum
1677 665 1825 703 generale,
1849 670 2075 704 quamr¹20⁰¹¹r³1⁰r
2095 668 2132 688 ³⁴1-
2180 682 2182 689 2

1197 715 1280 745 illum
1314 714 1465 744 dumtaxat
1498 723 1584 753 quem
1618 713 1738 752 elegerit
1764 716 1936 743 conventus.
1949 693 2072 717 mittendus,

1197 763 1327 802 Idipsum
1349 763 1379 792 in
1403 762 1531 802 capitulo
1553 762 1729 792 intermedio
1758 761 1869 792 servari
1891 761 1941 791 de-

1198 811 1274 848 beat,
1292 811 1316 841 si
1332 811 1450 850 aliquod
1466 811 1676 841 monasterium
1693 810 1784 849 turni,
1801 809 1836 840 ad
1852 818 1938 849 quem

1199 864 1309 900 spectat
1321 860 1436 897 electio,
1449 860 1546 900 priore
1560 859 1690 890 caruerit
1701 863 1832 899 tempore
1847 858 1940 898 ipsius

1200 909 1418 940 celebrationis.

1238 967 1275 988 w.
1297 958 1429 989 Vicarius
1445 967 1503 988 non
1520 957 1646 997 eligatur
1669 958 1698 988 in
1719 960 1939 997 procuratorem
1974 970 2134 997 vicanuqengi
2169 958 2175 992 j

1199 1006 1320 1046 capituli
1342 1006 1499 1045 generalis.
1950 1003 1992 1018 ⁰⁰¹¹
2007 999 2082 1024 ¹³⁰⁵⁵¹²·

1239 1063 1267 1084 v.
1291 1054 1499 1085 Procuratores
1521 1057 1718 1084 conventuum
1748 1053 1798 1093 qui
1820 1053 1940 1084 venient

1200 1103 1234 1132 ad
1256 1107 1387 1133 nostrum
1410 1102 1571 1142 capitulum
1594 1102 1742 1140 generale,
1759 1110 1817 1132 non
1833 1110 1938 1141 propo·
1950 1098 2027 1143 {me
2043 1099 2135 1140 οῃᾛξξξξ

1200 1156 1271 1182 nant
1294 1152 1412 1182 nomine
1434 1160 1555 1181 suorum
1579 1155 1794 1187 conventuum,
1818 1150 1896 1189 quod
1924 1145 2052 1180 amandata
2077 1146 2136 1171 ΜΝ·
2170 1158 2175 1163 ’

1952 1172 2042 1192 tutorum
2058 1172 2134 1193 atter-re
2170 1180 2177 1186 ‘¹

1201 1201 1332 1240 personis
1354 1200 1581 1240 particularibus
1601 1199 1690 1230 suerit
1709 1200 1751 1230 eis
1774 1199 1939 1230 iniunctum
1951 1199 2039 1224 ¹‘⁰⁵³'¹¹¹²·

1201 1253 1229 1279 et
1251 1250 1501 1288 commendatum,
1525 1254 1553 1279 et
1575 1249 1652 1288 quod
1670 1258 1685 1278 a
1707 1248 1768 1278 suis
1789 1248 1940 1278 conventi-

1201 1298 1254 1329 bus
1276 1299 1335 1329 illis
1356 1298 1446 1329 suerit
1468 1298 1669 1334 commissum,
1686 1297 1808 1327 afferant
1822 1296 1853 1326 in
1868 1296 1940 1327 scri-

1202 1347 1259 1387 ptis
1274 1347 1471 1387 subscriptum
1484 1356 1499 1377 a
1514 1347 1617 1377 maiori
1634 1350 1714 1386 parte
1727 1346 1797 1376 dicti
1809 1345 1940 1385 capituli.

1202 1396 1344 1426 Poterunt
1356 1400 1453 1426 tamen
1468 1400 1584 1435 portare
1597 1395 1735 1435 epistolas
1747 1398 1775 1424 et
1787 1394 1942 1424 memoria-

1202 1445 1240 1475 lia
1257 1453 1450 1484 personarum
1467 1444 1688 1483 particularium
1705 1443 1747 1474 eis
1763 1443 1898 1473 mandata
1914 1446 1942 1473 et

1203 1494 1357 1525 commissa
1372 1493 1407 1523 ad
1423 1493 1604 1532 definitores,
1621 1493 1730 1532 absque
1750 1501 1783 1522 eo
1800 1491 1877 1532 quod
1892 1500 1942 1522 ne-

1203 1552 1283 1573 cesse
1305 1542 1342 1572 sit
1364 1546 1396 1572 ut
1419 1551 1433 1571 a
1456 1542 1516 1572 suis
1539 1541 1688 1581 prioribus
1711 1541 1875 1579 signentur.
2168 1572 2170 1574 ,

1242 1599 1280 1620 vi.
1295 1591 1504 1621 Procuratores
1519 1589 1677 1629 deputandi
1694 1599 1708 1619 a
1725 1589 1873 1629 prioribus
1888 1588 1943 1618 im-
1991 1604 2031 1628 Qui
2055 1604 2137 1630 possint
2162 1583 2177 1624 ’.ν

1203 1640 1310 1679 peditis
1328 1639 1427 1669 venire
1446 1639 1481 1669 ad
1503 1639 1640 1677 generale
1656 1638 1828 1679 capitulum,
1849 1638 1942 1668 vicem

1203 1693 1231 1719 et
1246 1697 1344 1718 vocem
1360 1688 1492 1727 ipsorum
1514 1687 1543 1717 in
1564 1696 1598 1717 eo
1620 1687 1760 1725 habituri,
1778 1691 1810 1717 ut
1828 1687 1859 1717 in
1874 1683 2070 1717 con-impedias.

1203 1737 1353 1768 stitutione
1373 1736 1558 1776 disponitur,
1582 1736 1748 1766 necessario
1763 1736 1943 1766 constituan-

1204 1790 1251 1817 tur
1273 1786 1316 1816 vel
1340 1794 1375 1815 ex
1398 1785 1529 1825 patribus
1551 1785 1709 1816 lectoribus
1731 1785 1873 1823 iubilatis,
1897 1786 1942 1816 vel

1203 1844 1237 1865 ex
1254 1834 1405 1864 monachis
1427 1834 1477 1874 qui
1496 1834 1608 1874 priores
1627 1839 1676 1864 aut
1692 1834 1858 1865 visitatores
1873 1835 1943 1865 defi-

1203 1884 1348 1914 nitoresve
1364 1883 1515 1921 generales
1528 1883 1690 1921 extiterint,
1705 1886 1733 1913 et
1745 1892 1871 1922 quorum
1883 1892 1943 1914 mo-

1203 1932 1328 1962 nasteria
1347 1935 1406 1961 tres
1430 1940 1569 1971 personas
1585 1936 1613 1962 et
1632 1941 1717 1962 voces
1733 1940 1786 1972 pro
1801 1932 1879 1962 dicto
1894 1941 1944 1971 ge-

1204 1981 1296 2011 nerali
1311 1980 1438 2020 capitulo
1455 1980 1539 2020 prius
1555 1980 1707 2021 deputatas
1725 1989 1784 2011 non
1803 1980 1940 2012 habeant.

1244 2038 1292 2059 vn.
1329 2028 1436 2060 Omnes
1472 2032 1569 2068 patres
1605 2029 1794 2068 exgenerales
1830 2029 1982 2069 possintne
2002 2040 2137 2067 exgenerali-

1204 2077 1397 2118 personaliter
1418 2078 1563 2108 interesse
1584 2078 1722 2117 capitulis
1743 2082 1801 2108 tam
1823 2068 2136 2121 genera-ssssiifistfffi'iffJ‘qu‘

1203 2127 1280 2158 libus
1313 2136 1400 2167 quam
1431 2126 1633 2164 intermediis,
1656 2126 1686 2157 in
1709 2126 1809 2166 eisque
1841 2130 1941 2157 votum

1202 2177 1330 2207 activum
1346 2180 1375 2206 et
1391 2175 1538 2215 passivum
1558 2175 1666 2206 habere
1684 2179 1741 2206 tam
1757 2176 1787 2205 in
1800 2175 1942 2207 electione

1203 2226 1294 2266 patris
1317 2225 1461 2264 generalis
1484 2233 1572 2265 quam
1594 2225 1624 2255 in
1647 2225 1769 2264 reliquis
1797 2225 1828 2255 in
1856 2225 1942 2256 dictis

1203 2273 1339 2314 capitulis
1362 2272 1523 2303 faciendis:
1546 2272 1703 2303 dummodo
1725 2273 1820 2313 quoad
1843 2277 1943 2304 votum

1203 2323 1351 2364 passivum
1381 2321 1504 2353 subiecti
1533 2322 1592 2352 sint
1618 2321 1731 2361 legibus
1757 2326 1786 2353 et
1810 2326 1944 2354 extrava-

1201 2371 1349 2411 gantibus,
1367 2371 1473 2411 quibus
1488 2371 1577 2401 ceteri
1593 2371 1729 2401 monachi
1751 2380 1829 2401 nunc
1851 2371 1943 2402 subii-

1202 2421 1320 2451 ciuntur
1342 2425 1370 2450 et
1391 2420 1582 2459 imposterum
1605 2419 1729 2450 subiecti
1751 2424 1848 2452 erunt.
1862 2420 1943 2451 Cete-

1202 2478 1266 2500 rum
1285 2477 1340 2500 vox
1358 2469 1502 2499 dictorum
1521 2472 1637 2508 patrum
1653 2469 1871 2508 exgeneralium
1888 2469 1943 2500 mi-

1202 2519 1280 2549 nime
1308 2521 1491 2558 computetur
1515 2517 1546 2548 in
1574 2526 1696 2548 numero
1720 2517 1825 2557 trium,
1846 2519 1942 2558 quae¹

1202 2575 1377 2598 concurrere
1393 2569 1514 2607 possunt
1528 2566 1563 2597 ad
1578 2566 1715 2605 generale
1730 2567 1891 2607 capitulum
1907 2576 1942 2599 ex

1239 2623 1250 2649 1
1272 2620 1370 2657 Aptius
1389 2621 1450 2657 lege
1470 2620 1521 2657 qui
1537 2621 1577 2657 (a.
1596 2620 1645 2656 r.).

2009 1066 2135 1087 Pmoun-ato·
2169 1073 2175 1085 τ

1953 1630 2001 1657 eligi
2013 1632 2137 1656 procurato-
2164 1647 2173 1653 e

1953 1663 1987 1678 ros
2002 1663 2014 1677 a
2029 1657 2136 1683 prioribus
2163 1660 2171 1680 t
