2182 3137
125 222 176 245 Λα.
196 221 225 246 C.
249 219 313 246 ¹731

199 279 313 309 Derogatio

128 308 292 327 contrariorum.

175 1171 237 1191 Fides
261 1174 316 1191 trau·

135 1200 271 1224 sumptorum.

368 268 384 310 ᾗ
408 268 440 300 4.
467 268 536 301 Non
564 269 774 302 obstantibus
801 269 1007 312 praemissis,
1033 277 1069 300 ac

324 321 617 354 constitutionibus
642 328 675 354 et
698 321 966 354 ordinationibus
994 332 1070 364 apo-

325 373 467 411 stolicis,
496 384 626 407 necnon
652 375 757 407 dictae
784 374 1069 417 Congregationis,

326 427 422 459 etiam
448 427 644 466 iuramento,
671 426 915 460 confirmatione
940 433 1071 470 aposto-

327 480 397 518 lica,
419 480 469 512 vel
496 480 610 522 quavis
633 479 783 512 firmitate
808 480 870 513 alia
890 480 1068 520 roboratis,

327 532 455 564 statutis
481 539 512 565 et
544 533 855 571 consuetudinibus,
889 533 1070 576 privilegiis

330 596 462 628 quoque
480 612 487 625 ,
515 585 648 617 indultis
677 591 709 618 et
739 586 856 618 litteris
885 586 1071 629 apostolicis

327 638 358 669 in
385 638 584 670 contrarium
610 639 868 682 praemissorum
894 640 1071 682 quomodo—

330 690 410 722 libet
427 691 605 730 concessis,
625 690 823 724 confirmatis
846 697 877 724 et
895 692 1070 732 innovatis·,

331 742 451 784 quibus
485 743 659 775 omnibus¹
687 749 718 776 et
758 744 917 786 singulis,
943 745 1071 776 illorum

328 801 459 828 tenores
477 797 705 838 praesentibus
724 807 784 840 pro
802 797 1005 830 sufficienter
1022 808 1073 830 ex-

326 849 448 890 pressis
473 849 556 881 etad
582 850 716 881 verbum
742 850 869 882 insertis
897 850 1070 889 babentes,

330 901 394 933 illis
420 901 498 933 alias
532 902 564 933 in
599 912 658 934 suo
683 902 801 935 robore
831 903 1072 944 permansuris,

328 954 366 985 ad
407 955 662 996 praemissorum
702 954 870 994 ess'eetum,
909 955 969 986 hac
1005 955 1072 986 viee

329 1006 517 1046 dumtaxat,
546 1007 734 1049 specialiter
765 1013 797 1039 et
833 1018 986 1049 expresse
1019 1008 1073 1039 de-

328 1068 500 1100 rogamus,
528 1059 715 1102 ceterisque
741 1059 910 1092 contrariis
943 1059 1073 1101 quibus-

328 1120 484 1152 cumque.

373 1164 388 1206 ἓ
419 1163 450 1196 5.
478 1164 632 1197 Volumus
668 1170 776 1197 autem
814 1171 848 1196 ut
883 1165 1072 1197 earumdem

328 1217 551 1259 praesentium
605 1218 788 1250 litterarum
838 1218 1070 1261 transumptis,

330 1280 426 1302 manu
461 1271 600 1303 alicuius
631 1271 748 1303 notarii
775 1271 898 1314 publici
931 1272 1073 1303 subscri-

330 1322 415 1364 ptis,
447 1327 479 1355 et
508 1322 616 1365 sigillo
654 1334 814 1366 personae
851 1323 882 1354 in
921 1323 1073 1355 ecclesia-

330 1375 409 1407 stica
437 1376 594 1417 dignitate
620 1376 814 1408 constitutae
847 1376 992 1415 munitis,
1019 1387 1072 1409 ea-

331 1428 403 1460 dem
422 1439 557 1470 prorsus
583 1429 664 1461 tides
692 1435 755 1461 tarn
782 1429 814 1461 in
840 1429 960 1462 iudicio
979 1440 1072 1472 quam

329 1486 420 1512 extra
456 1481 536 1513 illud
574 1481 745 1521 habeatur,
783 1493 864 1525 quae
897 1482 1074 1524 praesenti-

329 1532 389 1565 bus
423 1533 598 1567 liaberetur
629 1535 654 1566 si
688 1534 797 1567 forent
833 1535 997 1568 exhibitae
1023 1537 1073 1568 vel

330 1590 495 1618 ostensae.

374 1638 488 1671 Datum
516 1639 657 1678 Romae,
682 1631 771 1682 'apud
797 1641 828 1673 S.
856 1641 984 1674 Mariam
1010 1642 1074 1674 Ma-

332 1690 443 1730 iorem,
461 1692 520 1724 sub
546 1694 667 1725 annulo
694 1693 886 1733 piscatoris,
919 1694 971 1727 die
996 1705 1074 1727 xvtlt

330 1744 465 1776 ianuarii
501 1754 683 1786 nnecxxx1,
724 1746 929 1788 pontificatus
971 1747 1074 1780 nostri

331 1808 417 1830 anno
444 1808 466 1830 L

368 1860 429 1886 Dat.
451 1860 494 1886 die
517 1861 548 1886 18
568 1860 684 1886 ianuarii
704 1861 783 1895 1731,
805 1862 900 1896 pontif.
921 1870 991 1889 anno
1011 1869 1029 1888 t.

618 1913 652 1945 F.
681 1914 770 1946 card.
798 1913 983 1947 Ottvtffltus.

657 2084 749 2116 XXV.

339 2164 530 2198 Votautibus
554 2166 748 2208 siyuaturae
763 2167 913 2200 iustitiae
937 2168 1076 2200 concedi-

376 2222 430 2250 tur
465 2229 543 2250 usus
583 2219 735 2251 mautelli
772 2220 906 2262 maym',
937 2224 966 2252 et
993 2220 1077 2262 pilei

377 2271 587 2314 pontificalis,
615 2282 688 2304 cum
717 2272 853 2304 illorum
878 2274 1076 2305 ornamentis

378 2322 415 2355 iu
438 2323 638 2356 solemnibus
658 2324 933 2367 equitationibus,
961 2329 1017 2357 etc.
1030 2324 1052 2358 ².

371 2421 381 2445 t
406 2419 505 2446 Vocem
526 2420 656 2447 omnibus
677 2428 725 2446 nos
745 2419 871 2446 addimus
889 2421 931 2455 (n.
947 2421 996 2453 τ.).

371 2463 387 2488 ‘2
423 2463 531 2490 Eisdem
564 2464 717 2490 votantibus
750 2464 835 2499 galeri
866 2464 1074 2497 redimiculum,

336 2507 416 2541 vulgo
436 2508 568 2541 cerdone,
590 2508 704 2534 violacei
717 2508 815 2535 coloris
834 2508 967 2535 concessit
985 2509 1077 2535 Beue-

335 2551 423 2577 dictus
442 2550 500 2577 xltt
535 2551 641 2578 constit.
668 2553 797 2580 Romani
822 2552 989 2587 Pontificis,
1010 2556 1075 2588 etc.‚

335 2595 379 2623 die
398 2602 435 2622 xit
454 2595 511 2622 iulii
530 2602 685 2623 nnccxxvn.

908 219 1094 244 BULLARIUM
1120 219 1278 244 ROMANUM

1323 269 1460 295 clemens
1482 269 1563 301 Papa
1582 269 1647 300 ΧΠ,

1230 312 1267 338 ad
1287 315 1463 345 perpetuam
1483 312 1528 338 rei
1549 311 1733 338 memoriam*

1156 373 1302 406 Creditae
1328 373 1423 405 nobis
1453 373 1608 405 divinitus
1638 373 1856 415 dispensatio·
1892 386 2014 408 Exordium.

1114 426 1162 458 nis
1188 427 1269 458 ratio
1294 426 1453 468 postulat,
1481 431 1533 465 ut,
1559 425 1644 465 illos,
1669 426 1722 469 qui
1748 427 1857 459 lauda-

1114 479 1213 511 bilem
1240 480 1270 510 in
1289 479 1438 519 gravibus
1460 479 1581 512 nostris
1599 486 1629 511 et
1647 480 1854 522 Apostolicae

1114 531 1206 563 Sedis
1247 531 1438 563 ministeriis
1476 542 1607 574 operam
1645 532 1855 574 impendunt,

1115 584 1270 627 peculiari
1292 589 1447 626 paternae
1467 585 1634 617 charitatis
1653 584 1765 617 affectu
1784 596 1859 629 pro-

1116 643 1305 679 sequentes,
1340 636 1457 678 gratias
1485 643 1516 669 et
1542 637 1724 679 privilegia,
1751 639 1798 670 eis
1823 638 1857 670 in

1116 689 1299 731 praemium
1325 690 1474 721 laborum
1506 700 1635 722 suorum
1661 701 1677 722 a
1702 690 1856 722 Romanis

1118 741 1331 774 Pontificibus
1380 743 1690 785 praedecessoribus
1737 743 1857 775 nostris

1118 795 1270 836 prudenti
1297 794 1489 827 liberalitate
1515 805 1687 833 concessa,
1715 795 1858 828 uberiori

1117 847 1317 888 benignitate
1355 846 1590 889 ampliamus¹,
1626 848 1706 879 sicut
1745 857 1858 880 eorum

1117 900 1241 932 meritis
1268 900 1443 932 convenire
1469 901 1675 933 arbitramur.

1161 953 1175 994 ξ
1201 953 1233 984 t.
1259 953 1346 985 Alias
1376 953 1536 996 siquidem
1573 954 1765 986 Benedictus
1791 954 1858 987 Xlll
1883 965 1937 994 usus
1953 966 2052 995 >comonis

1117 1005 1350 1046 praedecessor
1383 1010 1493 1037 noster
1529 1011 1604 1038 tunc
1630 1012 1661 1038 et
1687 1017 1745 1048 pro
1778 991 2054 1044 tem-ii'ti'ssce'sigzi'ssissl

1118 1067 1198 1098 pore
1243 1057 1454 1089 existentibus
1495 1059 1682 1098 signaturae
1728 1050 2057 1092 ιιοεῑιϊιεῖῗοῖἕὲῗέιῗῗῗῗιῗ.

1118 1109 1269 1149 iustitiae,
1297 1116 1372 1142 tunc
1397 1121 1486 1150 suae,
1511 1111 1713 1150 vetantibus,
1738 1116 1773 1142 ut
1796 1111 1858 1154 ipsi

1117 1163 1218 1203 galeri
1252 1164 1497 1202 redimiculum,
1524 1164 1658 1196 cordone
1683 1164 1860 1206 vulgariter

1117 1222 1350 1258 nuncupatum,
1382 1217 1501 1249 coloris
1529 1217 1662 1249 violacei
1691 1218 1857 1260 quibusvis

1119 1268 1340 1302 functionibus
1367 1276 1399 1301 et
1423 1270 1548 1302 actibus
1573 1270 1712 1313 publicis
1738 1280 1774 1302 ac
1794 1270 1860 1314 pri-

1118 1321 1197 1353 vatis
1221 1322 1341 1364 ubique
1374 1323 1502 1355 deferre
1536 1328 1567 1355 et
1592 1329 1717 1364 gestare
1755 1323 1858 1356 libere

1117 1379 1149 1405 et
1173 1374 1258 1406 licite
1289 1380 1425 1416 possent
1450 1380 1480 1406 et
1506 1376 1671 1414 valerent,
1698 1375 1861 1407 concessit

1118 1431 1148 1458 et
1173 1426 1317 1465 indulsit,
1344 1432 1376 1459 et
1400 1427 1490 1467 alias,
1509 1434 1608 1470 prout
1630 1428 1660 1459 in
1680 1428 1781 1470 ipsius
1805 1428 1861 1460 Be-

1118 1479 1238 1510 nedicti
1264 1480 1525 1521 praedecessoris
1543 1481 1687 1523 desuper
1710 1480 1743 1512 in
1761 1480 1858 1513 simili

1118 1531 1219 1563 forma
1245 1532 1353 1564 Brevis
1379 1532 1430 1564 die
1451 1543 1495 1565 ΧΠ
1516 1532 1583 1565 iulii
1609 1543 1785 1566 MDCCxxvn
1811 1543 1859 1565 ex-

1118 1584 1246 1626 peditis,
1280 1595 1416 1627 quarum
1454 1591 1601 1618 tenorem
1626 1586 1858 1628 praesentibus

1119 1647 1177 1679 pro
1211 1638 1306 1679 plene
1338 1643 1371 1669 et
1401 1638 1601 1670 sufficienter
1637 1648 1791 1680 expresso
1824 1649 1860 1670 ae

1120 1690 1242 1722 inserto
1269 1690 1382 1723 liaberi
1409 1692 1575 1730 volumus,
1602 1690 1732 1723 uberius
1758 1691 1861 1723 conti-

1120 1749 1224 1775 netur.

1162 1796 1176 1837 ἕ
1201 1795 1231 1827 ⁶2.
1259 1795 1348 1828 Nunc
1385 1802 1492 1828 autem
1519 1808 1599 1835 uos,
1625 1797 1663 1829 ad
1691 1796 1861 1839 praeclara
1898 1806 1982 1827 Eisdem
1997 1812 2056 1828 man-

1119 1848 1309 1881 dilectorum
1334 1848 1471 1880 tiliorum
1497 1850 1729 1882 modernorum
1752 1833 2056 1890 votan-ffis'iss'usqffff'ssin}

1120 1901 1197 1933 tium
1224 1902 1412 1944 signaturae
1431 1902 1573 1935 iustitiae
1591 1903 1777 1936 huiusmodi
1795 1886 2004 1935 nie-gffiiffliiur.
2022 1888 2054 1906 Μ’

1119 1955 1179 1987 rita
1216 1961 1373 1998 paternae
1411 1956 1590 1997 dirigentes
1628 1956 1860 1989 consideratio-

1119 2007 1167 2039 nis
1194 2008 1363 2047 intuitum,
1389 2019 1425 2041 ac
1450 2009 1593 2051 benigne
1618 2009 1860 2052 perpendentes

1119 2066 1276 2102 quantum
1295 2071 1331 2093 ex
1354 2071 1464 2093 eorum
1481 2062 1635 2094 tribunali
1650 2072 1705 2094 seu
1720 2062 1860 2104 collegio

1119 2114 1283 2146 Romanae
1309 2113 1423 2147 Curiae
1449 2114 1584 2153 decoris,
1607 2121 1804 2157 quantumve
1821 2125 1859 2147 ex

1118 2168 1234 2199 sedulo
1260 2167 1389 2200 illorum
1414 2168 1526 2200 labore
1555 2168 1719 2201 Ecclesiae
1743 2168 1861 2200 Catho-

1119 2219 1199 2251 licae
1236 2219 1406 2261 proveniat
1431 2220 1595 2259 utilitatis,
1630 2230 1750 2263 eosque
1784 2231 1862 2263 pro-

1120 2272 1204 2311 inde,
1231 2282 1267 2303 ac
1292 2272 1424 2304 illorum
1450 2282 1667 2312 successores,
1690 2278 1725 2305 ut
1745 2283 1784 2305 eo
1802 2273 1861 2305 ala-

1119 2325 1205 2356 crius
1229 2324 1340 2363 sidem,
1367 2335 1514 2367 operam,
1541 2325 1799 2369 industriamque
1817 2331 1862 2358 at-

1119 2388 1181 2420 que
1206 2377 1412 2410 sedulitatem
1449 2377 1481 2409 in
1518 2378 1616 2410 huius
1642 2377 1777 2411 Sanctae
1805 2378 1862 2411 Se-

1120 2430 1167 2462 dis
1193 2430 1388 2472 obsequium
1418 2430 1578 2463 adbibere
1603 2431 1768 2472 studeant,
1794 2442 1862 2464 am-

1120 2482 1231 2525 plioris
1256 2483 1363 2515 favore
1388 2483 1511 2525 gratiae
1528 2484 1686 2527 prosequi
1703 2485 1859 2524 volentes,

1120 2541 1152 2567 et
1176 2535 1321 2578 ipsorum
1349 2536 1583 2568 modernorum
1604 2536 1780 2569 votantium
1798 2536 1862 2568 sin-

1155 2599 1165 2623 1
1190 2597 1287 2633 Aptius
1307 2598 1367 2632 lege
1387 2597 1560 2632 ampliamus
1576 2599 1616 2632 (n.
1634 2598 1684 2631 T.).

2152 183 2154 196 Ι

1856 222 1904 244 An.
1927 220 1956 244 c,
1981 218 2045 246 ¹731
2152 203 2156 258 l

2154 281 2156 313 l

2155 318 2159 336 Ε
