2182 3137
823 229 966 252 CLEMENS
992 230 1037 252 ΧΠ
1063 231 1112 254 ΙῬ.

212 278 377 317 consignet,
394 283 423 309 et
440 278 534 309 tribus
556 277 772 308 recentioribus
796 276 955 314 magistris,

211 327 236 357 si
258 336 381 357 examen
404 327 492 357 fuerit
514 336 566 366 pro
589 325 725 361 licentia,
754 334 820 354 cum
843 323 957 353 duobus

1645 222 1710 256 183
1755 233 1805 259 An.
1822 232 1852 260 C.
1872 233 1944 261 1730

1001 278 1068 307 tatis
1092 279 1210 317 fuerint,
1235 284 1390 320 antequam
1407 281 1442 310 ad
1459 290 1583 311 examen
1607 281 1745 311 licentiae
1755 294 1804 314 dum
1829 301 1841 315 a
1863 295 1940 315 bacca-

1000 327 1182 364 recipiantur
1197 352 1204 365 ,
1229 329 1385 359 lectionem
1407 330 1438 359 in
1461 331 1562 360 horam
1596 331 1743 368 integram
1755 322 1942 369 ζζῖἳῗζζζῗζξέᾆ

18 235 69 260 An.
85 230 115 259 C.
137 230 206 258 1730

0 2500 9 2584 l

4 2586 8 2598 ι’

213 384 293 412 vero,
317 375 341 405 si
365 384 416 414 pro
439 375 672 404 baccalaureato.

251 423 459 461 Laureandus,
484 422 658 462 praesertim
692 422 721 451 in
756 421 897 454 licentia,
922 429 957 449 ex

213 471 360 510 tripartita
381 471 535 501 sortitione
557 470 676 500 titulum
700 470 744 499 vel
761 473 848 508 caput
870 468 958 506 eligat

213 520 289 550 unde
311 520 448 550 doctores
471 523 582 548 textum
605 519 638 548 ad
664 518 891 557 praelectionem
908 517 957 546 de-

212 568 340 606 signent.
375 567 502 606 Tempus
534 576 604 596 vero
624 576 677 606 pro
700 566 753 596 illa
774 566 955 595 contexenda

213 617 316 655 viginti
332 621 458 656 quatuor
480 617 619 646 horarum
635 616 665 645 in
683 615 789 644 minori
804 614 908 653 gradu,
928 619 956 644 et

212 666 331 704 triginta
354 675 403 695 sex
427 666 455 695 in
480 665 583 695 maiori
605 665 783 703 assignetur.

251 714 403 744 Candidati
425 714 503 743 intra
536 714 637 743 horam
661 723 676 742 a
699 718 831 752 tempore
857 712 957 742 condi-

211 763 311 801 tionis,
336 768 489 802 punctum,
506 772 540 792 ex
557 772 614 801 quo
630 762 786 792 lectionem
811 761 956 791 conficere
977 791 978 796 ,

211 812 371 850 debebunt,
396 811 520 850 singulis
542 810 795 841 examinatoribus
819 819 955 849 praesen-

212 861 333 890 tandum
357 865 472 890 curent.

250 910 281 939 ln
304 910 472 940 doctoratus
505 919 556 939 seu
590 909 751 947 magisterii
785 908 953 944 collatione,

211 963 326 998 praeter
349 963 521 989 consuetum
544 958 578 988 de
595 967 675 987 more
691 958 858 987 academico
881 957 956 986 cele—

209 1007 326 1037 britatis
348 1011 535 1046 apparatum,
560 1006 748 1041 laureandus,
766 1015 804 1035 ex
821 1005 955 1035 subiecta

209 1056 335 1095 qu1sque
353 1056 489 1095 propriae
511 1055 657 1085 facultatis
681 1055 802 1084 materia
817 1079 824 1091 ,
847 1054 954 1084 oratio-

209 1114 276 1135 nem
299 1106 330 1135 in
353 1105 442 1135 horae
475 1105 667 1144 quadrantem
691 1104 834 1134 instituet.
858 1103 955 1132 Philo-

209 1155 320 1193 sophus
343 1154 480 1184 videlicet
506 1164 544 1183 ex
564 1153 671 1183 Ethicz's
693 1153 871 1189 Aristotelis,
897 1161 955 1181 me—

209 1204 292 1234 dicus
314 1212 351 1233 ex
374 1203 549 1242 Aphorismis
571 1202 777 1241 [lyppooratis,
791 1202 894 1232 iurista
918 1212 955 1231 ex

210 1252 304 1282 tribus
327 1251 538 1290 posterioribus
561 1251 645 1280 libris
661 1251 815 1280 Iustiniani
833 1250 953 1287 codicis,

209 1299 359 1329 canonista
384 1308 422 1328 ex
444 1299 561 1329 decreto
584 1299 727 1335 Gratiani,
753 1299 905 1336 theologus
918 1309 955 1328 ex

210 1348 302 1378 sacris
324 1348 438 1378 Bibliis.

249 1397 323 1427 Dum
347 1397 514 1435 magisteria
548 1406 599 1426 seu
631 1397 798 1426 doctoratus
831 1395 955 1425 solemni

210 1446 270 1476 ritu
292 1446 322 1476 in
345 1446 497 1475 academia
526 1446 737 1483 conferuntur,
773 1446 822 1484 qui
845 1445 955 1484 duplici

209 1496 380 1534 magisterio
402 1505 454 1525 seu
477 1495 628 1525 doctoratu
651 1500 694 1524 est
721 1495 881 1534 praeditus,
907 1504 956 1524 cu-

209 1545 257 1575 ius
279 1545 427 1581 maluerit,
451 1544 598 1574 facultatis
620 1544 715 1574 coetui
742 1553 773 1574 se
795 1544 955 1582 aditmgere

210 1594 328 1632 poterit.
361 1593 391 1622 Si
415 1602 484 1622 vero
518 1593 684 1622 cathedram
717 1592 900 1629 obtinuerit,
925 1601 955 1622 se

210 1643 289 1673 inter
322 1643 501 1681 professores
524 1642 669 1672 facultatis
692 1642 823 1672 eiusdem
855 1643 955 1672 cathe-

210 1690 280 1720 drae
312 1700 364 1730 pro
396 1691 548 1720 doctoratu
581 1691 625 1719 vel
659 1691 830 1729 magisterio
863 1691 893 1720 in
922 1692 954 1720 ea

211 1739 390 1769 conserendo
427 1739 600 1772 exhibebit;
640 1740 717 1778 quod
752 1749 810 1769 non
843 1739 955 1778 dispari

210 1788 275 1817 iure
298 1788 328 1817 in
352 1787 474 1826 reliquis
497 1788 664 1818 academiae
681 1788 880 1817 functionibus
897 1797 956 1818 ser-

213 1837 338 1866 vandum
361 1837 428 1866 erit.
446 1836 673 1867 Distributiones
690 1846 769 1874 vero,
788 1837 873 1875 vulgo
889 1848 955 1876 pro—

208 1886 312 1924 pinae,
335 1885 391 1924 ipsi
415 1886 603 1915 conferantur
626 1895 663 1915 ex
685 1886 825 1924 qualitate
847 1886 955 1924 gradus

212 1944 298 1973 quem
315 1936 351 1963 ea
364 1935 517 1964 occasione
534 1935 722 1973 praeseferet.
736 1935 838 1973 Nemo,
856 1945 955 1974 quam-

212 1982 255 2011 vis
268 1982 437 2012 cathedram
452 1983 638 2022 proprietatis
650 1983 796 2019 obtineat,
810 1984 867 2013 nisi
878 1984 954 2013 idem

212 2032 351 2061 doctorali
369 2041 420 2061 seu
437 2032 598 2070 magistrali
616 2033 717 2062 lauro&
731 2033 891 2071 insignitus
904 2034 953 2071 sit,

212 2082 378 2111 huiusmodi
402 2081 602 2111 functionibus
618 2082 761 2112 interesse
786 2084 885 2121 possit.

304 2157 366 2187 Τιτ.
393 2156 501 2187 xxvlt.
527 2174 563 2179 —
588 2158 626 2187 De
648 2158 857 2196 repetitionibus

463 2207 702 2236 licentiamlorum.

251 2277 321 2307 Cum
340 2282 523 2316 compertum
543 2278 597 2315 sit,
623 2278 771 2307 neminem
795 2279 955 2317 magisterii

212 2326 324 2355 honore
346 2326 451 2355 merito
474 2326 609 2355 decorari
643 2336 726 2365 posse
740 2350 747 2363 ,
772 2327 828 2356 nisi
851 2337 956 2357 conve-

211 2373 304 2403 nienti
337 2374 476 2413 temporis
510 2374 664 2404 intervallo
693 2376 842 2414 praeclare
868 2385 898 2405 se
926 2376 955 2405 in

211 2422 263 2452 illa
284 2422 349 2461 ipsa
375 2423 532 2462 disciplina
561 2424 749 2459 exercuerit,
779 2434 865 2463 quam
893 2434 958 2464 pro-

212 2470 288 2500 fiteri
301 2471 398 2509 debet,
413 2476 441 2500 et
456 2473 528 2501 satis
545 2472 694 2502 luculenta
710 2473 872 2503 industriae
888 2484 956 2503 suae

212 2524 384 2558 argumenta
409 2520 588 2559 praebuerit,
623 2521 677 2550 hoc
700 2522 828 2559 legitime
861 2523 957 2552 sanci-

213 2572 274 2607 tur,
299 2573 330 2598 ut
353 2568 503 2599 videlicet:

2 2610 77 2667 {0⁰5⁶
95 2620 200 2644 prmtan·
253 2617 360 2648 Omnes
393 2617 598 2655 baccalaurei,
623 2618 834 2658 cuiuscumque
868 2619 958 2649 sacul-

7 2712 9 2725 4

999 374 1154 404 instituant
1177 380 1205 405 et
1227 377 1322 415 palam
1346 379 1505 408 enuncient
1533 388 1621 417 super
1643 379 1742 418 aliquo

1000 422 1135 460 propriae
1158 424 1306 454 facultatis
1330 430 1430 463 textu,
1454 427 1504 465 qui
1526 427 1582 456 sibi
1605 432 1745 466 opportu-

1000 470 1066 500 nior
1089 476 1117 500 et
1139 473 1250 509 gratior
1279 473 1357 503 visus
1390 475 1498 511 fuerit,
1522 475 1557 504 ad
1590 475 1743 505 doctrinae

999 528 1069 548 suae
1091 520 1240 557 specimen
1273 521 1484 551 exhibendum.
1514 523 1586 553 Huic
1616 524 1741 553 solemni

1001 567 1151 605 praeludio
1175 568 1313 598 intersint
1337 575 1476 608 patronus
1498 576 1526 600 et
1549 572 1680 611 plerique
1704 573 1746 601 sa-

1000 616 1118 645 cultatis
1141 616 1274 646 doctores
1297 627 1348 647 seu
1372 619 1502 656 magistri
1521 620 1571 658 qui
1590 620 1745 650 baccalau-

1000 673 1082 693 reum
1105 674 1120 693 a
1145 666 1271 704 propriis
1293 666 1413 696 aedibus
1436 667 1470 696 ad
1492 668 1671 698 academiam
1697 679 1747 699 eo-

1000 713 1151 749 mitentur‚
1176 714 1385 752 praeeuntibus
1407 723 1445 744 ex
1470 724 1548 744 more
1572 716 1687 746 bidellis
1715 723 1744 747 et

999 762 1250 791 caeremoniarum
1275 763 1415 799 magistro
1432 787 1439 800 ,
1464 764 1513 802 qui
1550 766 1666 794 muneri
1689 766 1746 795 rite

999 810 1029 838 in
1067 810 1204 840 omnihus
1239 811 1409 840 satisfaciat.
1443 811 1643 842 praelectione
1676 823 1746 844 vero

1000 861 1134 897 peracta,
1159 859 1216 888 duo
1249 869 1287 889 ex
1309 859 1512 889 baccalaureis
1548 870 1600 899 pro
1633 861 1745 899 ingenii

1000 907 1113 937 viribus
1142 909 1171 938 in
1199 909 1396 939 semihorulae
1418 910 1545 948 spatium
1568 916 1741 948 argumenta

1000 957 1172 992 instruent,
1196 967 1270 996 quae
1300 957 1336 987 ab
1367 958 1431 997 ipso
1454 958 1607 988 candidato
1630 960 1747 989 erudita.

998 1005 1252 1044 interpretatione,
1277 1016 1351 1045 quae
1368 1011 1464 1036 tamen
1486 1007 1678 1046 quadrantem
1695 1009 1746 1038 ho-

999 1063 1047 1084 rae
1071 1064 1128 1083 non
1153 1055 1286 1092 excedat,
1305 1056 1478 1086 illustranda
1495 1061 1591 1086 erunt.
1613 1057 1676 1086 Mox
1693 1058 1748 1087 hu-

1000 1103 1165 1132 maniorum
1202 1104 1366 1134 litterarum
1396 1105 1551 1143 alumnus,
1585 1111 1744 1136 accurante

999 1157 1200 1191 praeceptore,
1224 1163 1275 1192 pro
1298 1163 1329 1183 re
1348 1156 1418 1184 nata
1440 1154 1608 1184 coronidem
1631 1155 1660 1184 in
1679 1165 1745 1185 aca-

999 1202 1112 1232 demiae
1135 1203 1234 1233 laudes
1257 1204 1397 1242 imponet.

1039 1250 1215 1281 Candidatus
1229 1252 1434 1290 repetitionem
1443 1262 1647 1291 aggressurus,
1661 1253 1745 1292 prins

1000 1300 1114 1329 veniam
1138 1310 1152 1329 a
1177 1301 1354 1330 cancellario
1377 1301 1558 1340 impetrabit,
1593 1302 1643 1341 qui
1665 1302 1743 1331 diem

1000 1348 1160 1387 horamque
1184 1349 1305 1388 reliquis
1328 1350 1415 1379 etiam
1435 1350 1602 1380 academiae
1619 1351 1746 1380 functio-

1000 1397 1086 1426 nibus
1109 1402 1304 1436 opportunam
1328 1399 1513 1437 praestituet.

1041 1445 1213 1475 Huiusmodi
1249 1447 1434 1485 repetitionis
1471 1451 1585 1486 tempus
1617 1452 1744 1486 quatuor

999 1495 1061 1524 dies
1083 1500 1150 1524 ante
1173 1495 1201 1524 in
1225 1496 1376 1533 gymnasio
1398 1498 1458 1525 una
1473 1505 1540 1525 cum
1563 1497 1745 1526 theoremate

1000 1544 1210 1583 propugnando
1235 1544 1401 1583 publicetur
1417 1569 1424 1581 ,
1448 1545 1589 1584 illamque
1621 1546 1745 1584 insuper

998 1592 1172 1622 candidatus
1193 1593 1255 1632 ipse
1284 1598 1350 1623 octo
1372 1598 1440 1623 ante
1462 1593 1524 1623 dies
1552 1599 1672 1632 patrono
1695 1604 1745 1633 ap-

1000 1640 1183 1679 probandum
1207 1641 1354 1671 subiiciet.

1039 1691 1154 1720 Nemini
1179 1690 1266 1720 liceat
1287 1691 1491 1730 repetitionem
1525 1696 1591 1721 ante
1615 1693 1745 1731 promul-

999 1749 1079 1777 gare,
1105 1749 1192 1778 quam
1216 1739 1452 1776 distributiones,
1476 1740 1562 1778 vulgo
1588 1741 1741 1779 propinas,

1000 1798 1051 1827 pro
1064 1789 1199 1818 licentiae
1216 1789 1369 1826 scrutinio,
1387 1789 1534 1828 simulque
1550 1790 1744 1828 quadraginta

999 1838 1132 1876 quinque
1157 1837 1264 1875 regalia
1298 1838 1401 1867 saltem
1435 1838 1511 1867 intra
1538 1838 1706 1877 quindecim
1728 1848 1745 1868 a

998 1886 1172 1924 repetitione
1192 1886 1253 1915 dies
1270 1895 1359 1924 penes
1374 1886 1540 1915 academiae
1553 1887 1744 1916 secretarium

999 1934 1189 1972 deposuerit,
1214 1934 1270 1963 nisi
1303 1935 1348 1963 vel
1371 1935 1574 1972 aegritudine,
1598 1935 1643 1964 vel
1665 1935 1744 1965 iusto

999 1984 1067 2021 alio,
1092 1984 1167 2022 qnod
1185 1984 1378 2013 cancellarius
1394 1984 1518 2020 noverit,
1535 1985 1745 2023 impedimento

999 2032 1181 2067 retardatus,
1205 2042 1238 2061 ex
1264 2032 1323 2061 illis
1348 2042 1414 2062 vero
1437 2032 1538 2062 decem
1560 2032 1616 2062 sihi
1650 2033 1745 2063 vindi-

998 2086 1044 2111 cet
1066 2081 1225 2118 aerarium,
1249 2081 1348 2110 decem
1373 2086 1514 2120 patronus
1536 2081 1673 2120 accipiat,
1693 2091 1744 2112 sex

1000 2131 1147 2170 professor
1162 2130 1335 2167 rhetorices,
1354 2130 1410 2159 duo
1428 2130 1536 2168 singuli
1560 2130 1743 2161 baccalaurei

999 2184 1170 2217 argumenta
1194 2184 1403 2218 proponentes,
1421 2179 1475 2208 tria
1495 2178 1619 2208 bidellus
1635 2180 1742 2216 minor,

1000 2228 1181 2266 totidemque
1195 2228 1446 2257 caeremoniarum
1464 2228 1613 2265 magister,
1630 2233 1741 2266 septem

999 2276 1124 2306 bidellus
1148 2277 1252 2314 maior,
1277 2277 1327 2316 qui
1351 2276 1536 2315 repetitionis
1558 2277 1742 2314 gymnasium

999 2336 1033 2356 ex
1056 2326 1223 2356 academiae
1245 2326 1433 2365 supellectili,
1457 2330 1488 2355 ut
1509 2326 1600 2355 moris
1623 2330 1677 2363 est,
1695 2336 1743 2355 ex-

1000 2375 1136 2411 ornabit,
1170 2375 1277 2405 adeout
1309 2375 1427 2405 aliunde
1457 2375 1618 2414 quaesitam
1642 2385 1744 2414 super-

1000 2425 1139 2454 inducere
1170 2434 1226 2454 non
1256 2425 1363 2459 liaeat;
1398 2424 1485 2453 sicuti
1518 2434 1572 2453 nec
1607 2430 1743 2464 sumptus

1000 2474 1074 2503 ultra
1099 2473 1145 2502 hic
1168 2473 1364 2511 praescriptos
1386 2481 1504 2510 augere,
1525 2473 1601 2511 quod
1618 2473 1743 2511 diligen-

1002 2527 1045 2551 ter
1068 2522 1096 2551 in
1120 2521 1257 2551 omnibus
1280 2521 1445 2550 academiae
1469 2521 1667 2551 functionibus
1696 2531 1745 2551 ca-

1001 2575 1065 2601 veat
1088 2570 1299 2605 cancellarius,
1334 2570 1357 2599 si
1391 2579 1476 2599 secus
1510 2570 1582 2608 fiat,
1606 2571 1742 2610 repetitio

1001 2620 1082 2649 irrita
1107 2624 1135 2648 et
1157 2619 1253 2648 inanis
1276 2623 1441 2648 censeatur.
