2182 3137
212 225 248 248 Au
277 224 303 249 (j.
332 222 396 248 17:11»
441 214 459 242 3

236 544 262 561 l'v
274 551 312 562 iwvv
326 550 385 565 impa-

209 570 281 587 iriwln
311 569 385 588 lwnv'l-

208 601 260 614 tium
282 602 314 619 γιι
342 596 384 614 υἱι-

209 626 248 640 ἰιιιι
266 628 271 637 t
288 628 307 638 ιἸ
327 624 329 634 ⁴«

221 1794 248 1813 Ην
266 1795 296 1813 Μι-
307 1795 345 1812 ulii·
354 1802 386 1813 iu-

207 1821 261 1839 tibin
275 1822 386 1841 tia-suiva-

233 2213 260 2231 lh·
273 2215 324 2233 »ulle
337 2221 357 2239 pr
370 2224 384 2230 i-

206 2242 276 2259 mou„

400 271 556 308 rennuit,
575 269 715 311 provisio
735 278 788 299 scu
808 266 992 299 mandatum
1010 270 1039 296 ct
1065 274 1130 305 gra-

401 325 438 356 tia
469 324 606 364 desuper
642 320 745 363 quoad
778 318 995 361 parochialem
1029 317 1130 348 ercle-

399 377 475 407 siam
501 376 546 407 vel
574 373 765 405 lwncliciuiu
794 369 978 402 huiusmodi
1011 368 1129 400 nullius

399 428 459 459 siut
498 425 622 459 roboris
660 425 706 456 vel
741 422 908 456 momenti.
944 421 1127 455 Decerncns

399 479 531 516 irritum,
556 484 613 510 etc.

439 542 499 564 xxi.
521 531 608 569 ltem,
627 530 650 561 si
673 529 742 572 quis
764 526 993 571 supplicaverit
1010 525 1069 558 sibi
1089 525 1127 557 de

397 583 552 616 beneficio
577 591 778 625 quocumque
805 586 966 622 tamquam
986 588 1044 621 per
1062 577 1127 610 obi-

279 628 282 639 '
299 629 322 641 ⁰⁴
335 627 357 639 '⁴'
399 641 464 667 tum
483 634 624 672 alicuius,
643 634 718 666 licet
741 639 814 665 tunc
832 631 976 669 viventis,
994 634 1126 662 vacante

396 686 568 730 provideri,
587 691 617 718 et
638 691 749 728 postea
774 694 831 726 per
851 682 973 715 obitum
992 682 1059 714 eius
1076 692 1127 713 va-

396 744 453 778 cet,
472 738 610 781 provisio
631 743 661 770 et
676 737 805 780 quaevis
825 735 1008 778 dispositio,
1031 734 1125 767 etiam

397 792 503 833 vigore
529 790 658 823 alterius
679 799 778 822 novae
805 787 1050 831 supplicationis
1076 788 1125 819 vel

396 843 516 886 gratiae
542 843 626 876 dicto
652 841 823 885 suplicanti
841 850 898 883 per
923 840 1047 872 obitum
1065 840 1126 872 liu-

396 896 530 929 iusmodi
563 896 668 928 denuo
705 893 890 934 faciendae,
915 893 1035 926 nullius
1062 892 1126 925 sint

395 948 518 982 roboris
544 949 591 981 vel
618 947 781 980 momenti.

437 1011 514 1035 xxii.
541 1000 618 1033 ltem
643 1000 751 1038 voluit,
777 1000 862 1042 quod
887 1004 1002 1042 petens
1026 999 1126 1032 bene-

253 1070 261 1082 ι
282 1068 314 1082 om
342 1054 345 1055 ⁷
395 1054 465 1087 ficia
480 1053 695 1086 ecclesiastica
714 1052 783 1085 aliis
802 1051 896 1092 uniri,
915 1057 1061 1084 teneatur
1078 1062 1126 1085 ex·

395 1107 534 1150 primore
560 1116 667 1138 verum
692 1115 832 1137 annuum
853 1106 995 1137 valorem
1013 1115 1127 1138 secun-

395 1161 468 1192 dum
494 1168 695 1191 communem
714 1157 974 1191 aestimationem
995 1163 1057 1190 tam
1073 1159 1126 1191 be-

396 1211 499 1245 neficii
532 1211 686 1250 uniendi,
713 1221 806 1253 quain
841 1210 928 1243 illius
965 1210 1015 1243 cui
1041 1211 1125 1243 uniri

395 1264 534 1307 petitur,
559 1264 701 1306 alioquin
736 1263 812 1296 unio
849 1274 914 1296 non
946 1264 1069 1304 valeat,
1095 1269 1127 1296 et

395 1327 521 1359 semper
545 1316 577 1348 in
601 1316 774 1349 unionibus
797 1315 981 1349 commissio
1009 1316 1064 1349 fiat
1087 1317 1125 1349 ad

396 1374 511 1411 partes,
526 1369 644 1401 vocatis
662 1379 797 1412 quorum
820 1369 966 1401 interest.
984 1369 1021 1401 Et
1039 1369 1124 1401 idem

396 1422 495 1454 voluit
519 1422 679 1454 observari
717 1421 747 1454 in
775 1421 940 1465 quibusvis
972 1432 1127 1465 suppres-

396 1474 539 1506 sionibus
566 1474 739 1517 pcrpetuis,
761 1475 1042 1515 concessionibus,
1066 1475 1127 1508 dis-

397 1527 684 1559 inembrationibus
715 1533 746 1559 et
777 1528 1049 1570 applicationibus
1081 1533 1126 1561 et-

396 1581 457 1612 iam
483 1580 521 1612 de
538 1580 795 1623 quibuscumque
812 1580 965 1613 fructibus
982 1586 1013 1613 et
1030 1581 1125 1614 bonis

396 1632 640 1673 ecclesiasticis,
667 1644 702 1666 ac
735 1634 830 1666 etiam
856 1635 887 1665 in
913 1634 1126 1668 confirmatio-

398 1685 491 1717 nibus
517 1685 668 1719 uniouum
699 1686 961 1730 singularui‘nque
994 1687 1126 1731 disposi-

399 1737 519 1770 tionum
544 1738 737 1771 huiusmodi.

440 1800 527 1823 xxiii.
552 1791 627 1823 ltein
654 1791 692 1823 de
716 1791 968 1824 illendicantibus
990 1793 1124 1826 transfe-

398 1842 517 1881 rendis,
542 1843 596 1886 qui
622 1843 660 1875 ad
682 1843 759 1876 alios
783 1843 918 1877 Ordines
940 1844 1126 1877 transierint

399 1905 456 1936 pro
482 1900 646 1938 tempore,
672 1896 770 1929 voluit
799 1896 1059 1930 constitutionem
1084 1898 1125 1931 fe·

398 1947 467 1979 licis
484 1947 716 1980 recordationis
733 1948 855 1981 Martini
873 1949 976 1992 Papae
994 1950 1016 1982 V
1035 1961 1127 1993 prae-

399 1999 578 2032 decessoris
603 2000 650 2032 sui
676 2001 816 2044 desuper
841 2002 962 2042 factam,
988 2009 1019 2036 et
1043 2004 1074 2035 in
1095 2004 1126 2036 li-

398 2051 455 2084 bro
472 2051 684 2085 Cancellariae
706 2054 905 2097 Apostolicae
923 2055 1124 2099 descriptam,

398 2114 478 2146 quae
503 2105 616 2148 incipit
641 2105 731 2138 Viam
755 2106 940 2141 anzbiliosae
964 2108 1127 2152 cupidita-

398 2157 449 2196 tis,
477 2161 546 2195 eta,
571 2158 706 2191 firmiter
730 2160 906 2193 observari.

439 2219 523 2243 xxiv.
551 2211 626 2243 Item
653 2211 691 2244 de
717 2212 843 2245 clericis
869 2218 955 2246 extra
981 2220 1127 2259 tempora

397 2272 413 2294 a
437 2262 508 2295 iure
533 2268 658 2302 statuta,
676 2263 742 2296 sive
767 2269 839 2298 ante
864 2270 1001 2300 aetatem
1026 2267 1128 2310 legiti-

396 2325 487 2354 mam,
506 2321 560 2347 aut
584 2316 703 2359 absque
729 2316 917 2351 dimissoriis
943 2319 1070 2362 litteris,
1088 2321 1126 2354 ad

397 2377 501 2400 sacros
525 2368 654 2401 ordines
671 2379 703 2401 se
729 2371 911 2412 promoveri
937 2370 1126 2407 facientibus

397 2429 455 2461 pro
482 2425 649 2463 tempore,
677 2422 772 2455 etiam
804 2424 902 2457 voluit
927 2426 1128 2461 constitutio-

398 2481 470 2503 nem
492 2473 563 2515 piae
581 2475 756 2508 memoriae
775 2475 820 2508 Pii
839 2476 863 2509 ΙΙ
880 2476 1025 2511 similiter
1042 2490 1128 2522 prae·

398 2525 575 2558 decessoris
593 2527 642 2559 sui
669 2528 807 2572 desuper
833 2529 958 2571 editam,
981 2536 1012 2564 ct
1033 2532 1064 2564 in
1082 2533 1128 2566 di-

398 2583 466 2610 ctae
491 2577 703 2614 Cancellariae
729 2582 933 2624 Apostolicac
966 2584 1048 2619 libro
1075 2585 1128 2620 de-

979 215 1156 239 i;r1.1,.xr.115.n
1183 214 1339 239 ROMANUM

1921 211 1971 238 An.
1988 211 2016 238 C.
2039 211 2108 241 1730

1173 263 1337 305 scriptam,
1357 272 1438 305 quae
1457 261 1571 303 incipit
1591 260 1671 294 Cum
1691 270 1728 292 ex
1745 269 1912 292 sacrorum

1173 315 1336 353 ordinum,
1364 318 1435 352 ele„
1463 313 1532 355 pari
1557 313 1655 346 modo
1680 313 1857 345 observari.

1218 377 1287 399 xxv.
1315 366 1391 398 Item
1428 365 1604 398 declaravit
1639 365 1725 397 idem
1761 364 1912 398 dominus
1949 379 2086 401 comunem.

1172 424 1304 458 noster,
1331 418 1416 461 quod
1441 418 1524 451 libra
1549 418 1774 451 turonensium
1799 428 1912 461 parvo-

1172 483 1240 504 rum
1271 477 1303 504 et
1338 472 1480 504 florentis
1509 471 1578 504 auri
1616 471 1654 504 de
1688 471 1820 504 Camera
1851 481 1911 514 pro

1171 525 1298 568 aequali
1317 525 1425 557 valore
1440 524 1472 557 in
1490 523 1761 557 concernentibus
1786 523 1910 557 litteras

1171 582 1201 610 et
1225 576 1390 609 Cameram
1420 576 1642 619 Apostolicam
1677 576 1858 620 computari
1880 581 1912 609 et

1170 629 1319 662 extimari
1345 629 1496 662 debeant.

1213 691 1295 714 xxvi.
1321 680 1397 714 Item
1423 681 1607 724 praedictus
1625 681 1774 714 dominus
1799 686 1912 715 noster
1952 694 2105 723 noim-macas

1170 733 1255 777 Papa
1280 733 1391 774 voluit,
1409 733 1551 767 decrevit
1576 740 1607 767 et
1631 734 1804 773 ordinavit,
1821 733 1910 776 quod
1924 723 2106 772 'gffllllllonaffi‘

1171 796 1393 830 quaecumque
1404 787 1642 829 eoncessiones,
1653 786 1775 830 gratiae
1785 791 1816 820 et
1826 796 1911 819 man·
1920 773 2068 821 ssiissuiiia'iilt'f'
2083 775 2105 794 ἰ

1170 839 1255 880 data,
1276 839 1372 873 etiam
1400 845 1488 873 motu
1514 841 1647 884 proprio
1673 846 1704 873 et
1729 850 1799 872 cum
1818 840 1910 872 dero-

1170 892 1300 935 gatione
1322 893 1417 926 huius
1438 893 1691 934 constitutionis,
1708 902 1791 936 quae
1809 892 1849 925 ab
1869 901 1908 925 eo

1169 956 1228 989 pro
1255 946 1422 989 quibusvis
1446 946 1598 990 personis
1625 945 1848 979 emanaverint
1867 945 1909 978 de

1169 998 1373 1041 providendo
1399 998 1445 1031 eis
1470 998 1509 1031 de
1534 998 1703 1042 quibusvis
1739 996 1907 1031 beneficiis

1168 1050 1327 1084 vacaturis
1344 1061 1404 1094 per
1424 1051 1663 1094 promotionem
1681 1060 1910 1094 quorumcum-

1170 1114 1232 1146 que
1257 1104 1297 1136 ad
1331 1103 1542 1136 ecclesiarum
1574 1111 1605 1136 et
1637 1102 1909 1136 monasteriorum

1170 1156 1337 1199 regimina,
1357 1157 1382 1189 si
1408 1157 1595 1190 huiusmodi
1621 1157 1852 1190 concessiones
1877 1162 1910 1190 et

1170 1211 1320 1243 mandata
1350 1211 1435 1243 diem
1468 1211 1683 1254 promotionis
1715 1221 1910 1254 promoven-

1170 1264 1283 1297 dorum
1316 1263 1461 1307 ipsorum
1493 1264 1752 1307 praecesserint,
1780 1274 1908 1298 necnon

1170 1327 1391 1360 quaecumque
1416 1317 1624 1357 collationes,
1648 1317 1853 1360 provisiones
1877 1323 1910 1351 et

1170 1370 1401 1413 dispositiones
1422 1381 1481 1413 pro
1506 1376 1652 1413 tempore
1673 1371 1842 1403 faciendae
1868 1371 1908 1404 dc

1170 1423 1355 1466 praemissis
1389 1428 1420 1456 et
1454 1423 1619 1466 quibusvis
1644 1423 1714 1456 aliis
1738 1423 1908 1457 benefieiis

1170 1476 1397 1509 ecclesiasticis
1410 1476 1629 1510 saecularibus
1642 1482 1673 1510 et
1687 1477 1891 1519 regularibus
1902 1505 1909 1519 ,

1169 1539 1251 1572 quae
1288 1539 1345 1572 per
1385 1530 1622 1572 promovendos
1658 1531 1707 1563 vel
1743 1540 1910 1564 assumen-

1170 1582 1227 1615 dos
1260 1582 1299 1614 ad
1330 1592 1550 1625 quascumque
1586 1583 1787 1624 praelaturas
1823 1583 1909 1616 inter

1169 1635 1297 1668 illarum
1316 1634 1490 1667 vacationis
1514 1640 1546 1668 et
1564 1635 1750 1668 huiusmodi
1778 1646 1909 1679 promo-

1170 1687 1265 1720 tionis
1284 1688 1332 1720 vel
1358 1687 1588 1730 assumptionis
1615 1693 1760 1730 tempora
1790 1687 1909 1732 simpli-

1169 1740 1247 1774 citer
1278 1741 1327 1774 vel
1360 1751 1397 1774 cx
1428 1742 1524 1773 causa
1558 1741 1805 1784 permutationis
1840 1742 1910 1774 ubi-

1169 1804 1308 1837 cumque
1333 1793 1492 1837 resignari
1514 1795 1564 1827 vel
1592 1791 1670 1828 ali'as
1696 1794 1812 1828 dimitti
1834 1805 1910 1829 con·

1171 1847 1285 1890 tigerit,
1304 1857 1377 1880 cum
1402 1847 1478 1880 inde
1496 1848 1641 1891 sequutis
1665 1858 1725 1891 pro
1749 1854 1907 1892 tempore,

1169 1900 1234 1934 sint
1258 1910 1367 1933 cassae
1384 1906 1415 1934 et
1434 1900 1554 1942 irritae,
1571 1900 1757 1945 nulliusque
1780 1901 1908 1935 roboris

1169 1954 1218 1986 vel
1244 1954 1412 1987 momenti.

1213 2016 1309 2040 xxvn.
1344 2006 1441 2046 Item,
1478 2016 1550 2040 cum
1575 2013 1647 2041 ante
1673 2007 1910 2042 confectionem
1947 2017 2104 2039 nomnium-

1922 2044 1989 2065 cando
1998 2045 2055 2065 iuxta
2065 2045 2105 2065 for-

1170 2059 1352 2092 litterarum
1386 2059 1490 2102 gratia
1521 2061 1698 2103 apostolica
1734 2061 1775 2094 sit
1808 2061 1974 2100 infor-mam
1998 2071 2105 2101 suff-›uqa-

1170 2112 1243 2152 mis,
1271 2111 1384 2145 statuit
1408 2117 1441 2145 et
1465 2112 1626 2146 ordinavit
1650 2113 1736 2146 idem
1758 2097 2105 2150 dominusifflffllif‘exi'il

1171 2170 1302 2206 noster,
1328 2165 1416 2209 quod
1441 2165 1566 2199 iudices
1590 2165 1622 2198 in
1646 2165 1792 2200 Romana
1815 2167 1909 2201 Curia
1920 2149 2019 2171 dnmm'

1171 2224 1202 2251 et
1227 2223 1315 2252 extra
1352 2228 1422 2252 eam
1454 2228 1514 2261 pro
1540 2223 1686 2262 ternpore
1712 2219 1907 2262 existentes,

1171 2271 1297 2305 etiamsi
1322 2270 1387 2304 sint
1410 2270 1440 2304 S.
1466 2271 1501 2304 R.
1522 2271 1556 2304 E.
1585 2271 1780 2313 cardinales,
1800 2283 1911 2308 eausa-

1172 2335 1242 2357 rum
1260 2324 1372 2368 palatii
1390 2324 1561 2368 apostolici
1581 2324 1754 2367 auditores,
1772 2326 1821 2359 vel
1841 2327 1912 2370 qui-

1171 2388 1309 2421 cumque
1334 2377 1406 2418 alii,
1437 2387 1504 2410 non
1529 2377 1615 2410 iuxta
1639 2378 1911 2422 supplicationum

1171 2431 1369 2473 signatarum
1395 2440 1492 2474 super
1520 2431 1687 2474 quibusvis
1712 2432 1911 2475 impetratio-

1171 2483 1267 2516 nibus
1287 2482 1364 2526 (nisi
1382 2482 1415 2516 in
1440 2482 1525 2516 dicta
1545 2482 1639 2517 Curia
1664 2484 1830 2518 dumtaxat
1846 2484 1911 2518 sint

1171 2535 1416 2569 commissiones
1431 2534 1586 2570 iustitiam
1606 2541 1837 2571 concernentes
1851 2547 1911 2581 per

1168 2587 1283 2632 placet,
1304 2589 1353 2623 vel
1378 2598 1437 2633 per
1461 2588 1492 2624 S.
1508 2589 1545 2624 R.
1560 2589 1596 2624 E.
1611 2589 1910 2626 vicecancellarium
