2182 3137
28 178 80 204 Aa.
97 174 127 202 C.
148 173 217 201 1730

223 221 371 251 modatum
390 220 565 259 accipiatur,
581 219 669 250 etiam
691 219 722 248 in
745 219 815 248 arca
836 227 968 248 commu—

222 269 324 299 nitatis
354 273 536 308 reponatur,
560 271 588 297 et
622 277 637 296 a
661 266 839 306 depositario
871 265 966 295 claves

222 326 307 346 arcae
337 320 456 347 tenente
484 316 679 354 registretur,
710 319 798 354 atque
828 314 857 343 in
888 323 967 343 com-

221 366 300 405 putis
321 365 507 403 generalibus
532 364 612 393 illius
638 363 714 393 ratio
736 363 817 392 reddi
845 362 965 391 omnino

221 413 337 443 debeat.

27 472 52 494 ln
61 470 156 501 quotibet
166 475 210 490 mo·
261 471 300 491 vr.
323 461 354 490 In
371 460 508 490 omnibus
525 459 710 489 monasteriis
734 464 849 498 praeter
867 468 963 488 arcam

28 497 210 548 ’ἒῗεῑῖἶῖἒιῗὲῖἒιᾞ
221 510 451 547 communitatis,
472 510 501 538 in
525 518 580 548 qua
605 509 776 538 monasterii
800 508 965 537 communis

27 550 345 599 {fissssffisi'ssss'sssssspccunia
369 558 536 597 deponitur,
565 557 621 586 alia
651 557 738 586 etiam
769 557 874 585 existat
901 566 966 595 spe-

29 603 123 652 ᾓξῐῑᾛζ
143 602 304 650 ζ’ξξὲζείεήἰε
321 616 372 646 pro
390 606 600 636 monachorum
617 605 752 645 peculiis,
770 614 836 634 cum
853 604 966 634 duabus

26 656 112 679 tondis.
222 657 311 687 etiam
327 656 471 694 clavibus,
489 665 613 695 quarum
632 664 718 684 unam
736 655 826 694 prior,
844 655 966 684 alteram

223 707 402 745 monachus,
426 705 462 735 ab
484 705 548 744 ipso
572 714 638 734 cum
662 705 808 743 deputatis
832 704 875 733 vel
899 712 965 733 cum

222 764 274 784 suo
297 754 426 793 capitulo
449 753 609 783 secundum
641 753 883 782 consuetudinem
907 761 967 782 mo-

223 803 419 833 nasteriorum
453 801 672 840 designandus,
697 801 803 830 habeat
819 823 826 836 ,
854 801 882 829 in
911 810 966 839 qua

222 856 379 882 teneantur
401 851 508 889 singuli
525 850 660 880 monachi
677 859 794 879 omnem
812 850 966 888 pecuniam

221 902 294 941 ipsis
317 902 351 931 ad
376 911 458 930 usum
483 910 534 940 pro
558 901 618 929 suis
642 900 870 929 necessitatibus
903 909 969 938 per-

223 951 342 980 missam
356 973 363 987 ,
402 959 452 979 seu
489 949 707 988 quomodolibet
747 949 967 987 pertinentem,

223 1000 398 1037 consignare
414 1002 441 1028 et
457 998 604 1037 deponere
619 1008 626 1034 3
642 998 731 1036 inque
749 997 859 1026 nullam
877 1006 968 1036 quan-

224 1047 336 1077 titatem
359 1047 516 1076 extrahere
539 1046 663 1085 possint,
682 1045 737 1074 uisi
757 1045 791 1075 de
808 1046 970 1084 superioris

224 1096 356 1126 licentia.
384 1095 538 1125 Praeterea
563 1095 662 1124 nullus
679 1094 840 1123 monachus
863 1094 969 1124 dictam

225 1145 377 1184 pecuniam
401 1144 457 1174 sibi
480 1144 515 1173 ad
539 1154 623 1173 usum
648 1153 829 1180 concessam,
848 1145 971 1182 excepta

224 1194 259 1223 ea
282 1195 373 1232 parva
395 1193 570 1232 quantitate,
594 1193 676 1221 cuius
699 1192 915 1222 consumendae
938 1192 970 1221 li-

223 1242 349 1271 centiam
373 1252 388 1270 a
405 1242 557 1280 superiore
574 1241 691 1279 habeat,
710 1241 754 1270 vel
771 1241 884 1280 peculia
901 1241 972 1270 alio—

224 1299 289 1319 rum
307 1290 520 1319 monachornm
537 1290 611 1329 apud
629 1299 659 1319 se
675 1289 814 1325 retinere,
839 1290 883 1319 vel
906 1290 972 1319 aliis

224 1333 461 1378 quibuscumque
494 1340 627 1378 personis
661 1338 882 1368 custodiendam
914 1342 973 1367 tra-

224 1388 293 1417 dere
320 1387 448 1424 audeat3
481 1387 531 1417 sed
558 1388 587 1416 in
615 1387 767 1426 praedicta
792 1389 859 1416 arca
887 1396 973 1426 pecu-

225 1437 331 1466 liorum
356 1437 487 1475 praecise
510 1436 616 1476 deponi
646 1436 771 1473 debeat,
803 1436 857 1465 sub
880 1437 971 1475 poena

226 1486 399 1525 privationis
433 1487 512 1516 vocis
549 1486 660 1516 activae
695 1490 720 1515 et
758 1486 890 1524 passivae
921 1495 973 1524 per

226 1536 399 1565 triennium.

268 1593 316 1614 vn.
341 1584 444 1613 Nullus
467 1583 628 1613 monachus
646 1583 736 1622 possit
760 1593 845 1623 opera
870 1593 921 1623 per
943 1593 973 1613 sc

228 1632 324 1672 ipsum
345 1632 510 1662 manufacta
533 1632 671 1669 vendere,
705 1632 754 1661 sed
786 1632 809 1661 si
838 1641 912 1671 quae
939 1631 974 1661 ab

229 1681 327 1720 aliquo
349 1682 423 1710 sacta
446 1681 569 1716 suerint,
595 1680 743 1719 prioribus
770 1680 973 1715 exhibeantur,

230 1734 262 1758 ut
284 1738 385 1758 eorum
409 1729 532 1758 arbitrio
549 1729 583 1758 de
599 1729 671 1767 ipsis
687 1729 880 1768 disponatur,
899 1730 973 1768 quod

230 1779 254 1808 si
271 1778 432 1808 monachus
448 1787 536 1817 opera
554 1777 589 1807 ab
605 1779 668 1817 ipso
686 1779 851 1807 manufacta
867 1778 975 1818 absque

230 1827 348 1857 licentia
372 1827 479 1866 prioris
502 1827 678 1865 vendiderit,
700 1830 791 1866 poena
816 1828 977 1866 proprieta-

231 1876 267 1905 rii
290 1877 371 1906 iuxta
390 1876 560 1915 qualitatem
585 1877 688 1915 culpae
712 1876 807 1905 debite
825 1877 975 1915 puniatur.

34 1607 42 1612 .
72 1595 88 1614 Α
106 1593 216 1614 monachi<

33 1620 154 1640 manufacta
175 1626 216 1640 uon

33 1646 151 1668 vendenda.

419 1952 617 1981 Coxsrirrrlo
640 1952 788 1981 xxxvnt.

65 2044 221 2067 oumtnonre-
272 2023 330 2052 Non
348 2024 522 2062 rchpianlnr
545 2023 671 2051 monos-lsi
694 2025 721 2051 in
745 2024 843 2053 minoi-t
865 2034 979 2053 numero

39 2070 314 2117 ᾒξὲῖῑίῑιῇΐῄῃῑῖῠ(μιιιηι
333 2073 439 2110 possint
461 2072 492 2100 tle
515 2073 676 2101 monasterii
705 2072 886 2111 sitcztllalt'lms
909 2083 980 2102 com-

139 2113 143 2121 ,
166 2103 221 2123 luam

41 2123 81 2170 :2¹¹¹
92 2121 307 2176 ‘tu133sstffi‘stnzotle
328 2122 488 2155 sustentari,
515 2130 548 2149 ne
574 2121 698 2157 eyeslalz's
726 2125 873 2159 praelerlzc
903 2131 978 2150 men-

38 2182 87 2198 cum
102 2171 352 2207 redemitus-dicantes
377 2171 470 2207 vagari
493 2174 572 2199 ertra
596 2171 790 2198 moimsterinm
814 2170 980 2209 compellan-

38 2206 171 2225 m⁰¹¹²¹⁵¹⁰r¹h
232 2224 287 2253 tur,
312 2219 381 2257 qnod
404 2228 454 2247 non
478 2222 516 2247 est
534 2219 620 2247 nostri
639 2218 764 2255 Ordinis,
784 2219 865 2247 immo
885 2219 978 2257 polius

234 2268 370 2297 Ordinem
382 2268 606 2296 mendicantium.
621 2268 749 2307 Insuper,
762 2272 896 2306 qtmtenns
908 2278 980 2297 com—

234 2316 309 2345 mode
323 2316 385 2354 fieri
397 2318 510 2354 poterit,
529 2316 683 2345 observetur
700 2319 769 2355 quot
786 2317 979 2345 inenarltorum

233 2365 455 2403 recipiendorum
487 2365 555 2393 (Iliae
585 2369 678 2404 parles
709 2365 743 2394 ad
773 2366 863 2394 minus
885 2365 979 2394 divino

233 2414 399 2452 deputentur
421 2414 506 2452 officio
518 2425 528 2448 ,·
551 2414 603 2443 aliz·
619 2424 681 2443 rere
696 2415 731 2443 ad
746 2415 840 2443 (lomus
862 2416 976 2443 servitia

234 2463 407 2500 ‘reeiq‘tinnlnr
430 2464 456 2491 1'n
480 2464 582 2501 fratres
606 2463 688 2492 laicos
710 2464 784 2502 apud
811 2474 858 2493 nos
888 2463 979 2501 vulfla-

235 2512 304 2540 riter
336 2516 516 2550 nuncupatos.
547 2511 678 2550 Alioquin
713 2517 864 2551 receptores
891 2512 979 2542 debite

234 2560 401 2599 puniantur.

858 170 1002 193 CLEMENS
1029 171 1070 193 xtt
1095 171 1143 193 FP.

1655 159 1716 194 101
1767 170 1818 197 An.
1835 170 1865 197 c.
1882 169 1953 198 1730

1249 253 1345 274 EXTRA
1350 253 1502 275 VAGANTES
1508 267 1515 274 .

1049 324 1068 344 t.
1093 314 1265 345 Nullatenus
1297 316 1408 354 possint
1431 316 1544 355 acquiri
1576 315 1652 346 bona
1668 339 1676 354 ,
1700 325 1755 346 nec
1765 329 1952 350 nesnccesssom-

1008 362 1124 392 stabilia
1147 372 1201 393 nec
1223 364 1354 401 mobilia,
1380 364 1423 393 vel
1445 364 1577 394 redditus
1599 373 1652 404 per
1678 364 1755 394 viam
1766 357 1952 404 ssfflrssssffssssfssssnff

1009 411 1204 441 successionis
1239 416 1290 441 aut
1322 412 1512 442 baereditatis
1543 412 1578 442 ab
1601 413 1754 452 intestato,

1008 469 1080 498 qaae
1097 460 1244 499 pertineat
1267 460 1301 489 ad
1322 461 1450 499 aliquem
1473 461 1642 499 religiosum
1665 462 1695 491 in
1718 462 1756 491 iis

1008 508 1205 545 monasteriis,
1229 508 1259 537 in
1282 508 1389 547 quibus
1405 509 1483 546 viget
1498 510 1679 540 consuetudo
1696 520 1755 540 non

1009 558 1186 588 succedendi
1219 558 1255 587 ad
1289 558 1428 587 intestato
1459 559 1489 587 in
1512 559 1754 590 haereditatibus

1009 606 1040 636 ln
1064 606 1129 635 aliis
1152 615 1221 635 vero
1246 606 1444 643 monasteriis,
1461 607 1490 635 in
1510 607 1616 646 quibus
1632 617 1755 638 consue-

1011 655 1079 685 tudo
1102 659 1146 685 est
1168 654 1345 684 succedendi
1378 664 1412 683 ex
1445 658 1571 693 persona
1601 657 1757 687 monacho-

1010 713 1086 737 rum,
1111 712 1169 733 non
1193 702 1386 742 prohihentur
1409 703 1576 733 huiusmodi
1604 704 1667 734 iure
1691 714 1758 735 suc-

1011 751 1152 782 cessionis
1175 752 1239 787 uti3
1270 760 1386 790 semper
1415 755 1511 780 tamen
1540 752 1691 782 attendant
1719 753 1755 783 ad

1012 801 1120 831 bonum
1143 799 1237 830 nostri
1259 799 1378 829 Ordinis
1396 809 1514 837 nomen,
1539 805 1567 829 et
1594 810 1659 830 cum
1688 801 1758 831 reli-

1011 850 1091 888 giosa
1114 849 1351 879 consideratione
1368 848 1402 877 ad
1419 849 1590 888 qualitatem
1613 854 1641 879 et
1664 851 1759 888 possi-

1012 899 1156 928 bilitatem
1190 898 1308 927 illarum
1340 906 1545 937 personarum,
1579 908 1617 927 ex
1649 898 1759 937 quihus

1014 947 1149 988 provenit
1170 947 1347 984 haereditas,
1372 950 1401 976 ct
1422 947 1457 976 ad
1476 951 1690 985 paupertatem,
1708 957 1760 978 ne-

1014 997 1182 1027 cessitatem
1210 1001 1237 1026 et
1265 995 1361 1025 debita
1390 996 1700 1034 consanguineorum,
1730 1002 1759 1028 et

1014 1050 1158 1086 quatenus
1180 1045 1342 1084 expediens
1361 1045 1567 1080 iudicaverint,
1592 1046 1621 1074 in
1645 1046 1689 1075 his
1712 1055 1759 1076 ca-

1014 1096 1095 1126 sibus
1118 1094 1240 1124 consilio
1264 1094 1383 1123 maioris
1400 1094 1490 1133 partis
1505 1093 1626 1133 capituli
1649 1094 1685 1123 ab
1704 1095 1759 1125 hoc

1015 1145 1079 1174 iure
1101 1142 1284 1173 succedendo
1308 1147 1446 1181 poterunt
1468 1142 1654 1172 laudabiliter
1670 1142 1762 1173 absti-

1015 1202 1106 1229 nere,
1130 1197 1162 1222 ut
1185 1191 1348 1221 declaravit
1380 1194 1479 1220 noster
1501 1190 1577 1220 Ordo
1607 1200 1641 1220 ex
1670 1192 1762 1221 sacul-

1016 1245 1075 1271 tate
1099 1245 1217 1270 sanctae
1239 1240 1397 1269 memoriae
1417 1239 1497 1269 Pauli
1515 1240 1564 1277 ΙΙΙ,
1588 1245 1617 1270 et
1640 1250 1693 1269 usu
1717 1245 1762 1270 est

1015 1290 1231 1320 confirmatum.
1255 1289 1284 1318 Si
1308 1298 1376 1318 vero
1392 1289 1498 1327 aliquis
1515 1289 1676 1319 monachus
1698 1290 1761 1320 sive

1016 1339 1225 1369 monasterium
1256 1338 1343 1368 suerit
1372 1338 1539 1368 institutum
1569 1339 1685 1377 haeres,
1711 1344 1762 1370 aut

1015 1389 1071 1428 ipsi
1094 1388 1231 1417 relictum
1256 1386 1372 1425 aliquod
1395 1387 1524 1424 legatum
1555 1387 1599 1416 vel
1628 1387 1759 1424 donatio,

1016 1442 1075 1467 tam
1098 1437 1128 1466 in
1151 1440 1327 1465 testamento
1361 1444 1448 1474 quam
1485 1436 1542 1464 alio
1574 1445 1762 1475 quocumque

1016 1486 1113 1523 modo,
1133 1484 1308 1514 monasteria
1333 1484 1504 1513 indistincte
1527 1488 1555 1513 et
1577 1485 1764 1523 unumquod-
1795 1486 1803 1489 s

1017 1544 1073 1574 quc
1096 1535 1215 1564 illorum
1238 1537 1376 1572 poterunt
1396 1537 1549 1572 acceptare
1578 1533 1650 1563 tales
1679 1534 1763 1563 insti-

1018 1583 1158 1620 tutiones,
1182 1582 1275 1620 legata
1309 1586 1337 1610 et
1369 1581 1554 1618 donationes,
1578 1586 1606 1611 et
1635 1582 1764 1611 retinere

1018 1632 1087 1662 talia
1120 1631 1207 1668 hona,
1242 1630 1356 1660 etiamsi
1389 1630 1448 1659 sint
1479 1629 1554 1660 bona
1587 1629 1703 1660 stabilia
1735 1635 1765 1660 et

1018 1681 1160 1711 redditus.

1059 1739 1088 1759 11.
1114 1729 1231 1759 Nullum
1260 1732 1393 1757 nostrum
1423 1728 1633 1757 monasterium
1665 1737 1959 1765 emereffumifflffiobflffl

1020 1778 1110 1818 possit
1133 1777 1230 1816 aliqua
1253 1776 1328 1806 bona
1351 1776 1525 1814 immobilia,
1540 1777 1681 1812 redditus,
1699 1777 1763 1807 iura
1776 1773 1817 1791 ‘'¹¹''
1834 1777 1874 1790 '¹⁴⁴¹
1890 1777 1959 1791 ‘¹³⁶⁰'

1775 1798 1815 1818 da..
1828 1804 1867 1817 nist
1893 1804 1960 1821 laroc,

1020 1833 1048 1857 et
1070 1828 1125 1857 alia
1149 1827 1256 1855 similia
1281 1826 1390 1864 absque
1413 1825 1534 1855 licentia
1564 1827 1655 1864 patris
1677 1836 1764 1864 gene·
1775 1805 1962 1872 ζζζζῆιξῗιῑὲὲηῇξ·

1021 1877 1152 1914 1·ali‚cui
1176 1875 1400 1905 commendatur
1423 1886 1459 1904 ne
1483 1875 1650 1905 huiusmodi
1675 1876 1766 1906 licen-

1022 1926 1090 1955 tiam
1108 1925 1231 1954 [acilio-r
1247 1924 1397 1953 concedat.
1418 1924 1452 1953 t't
1468 1929 1563 1953 autem
1589 1925 1767 1955 monasteria

1022 1975 1050 2004 in
1074 1974 1135 2004 suis
1158 1973 1322 2003 redditibus
1344 1978 1372 2002 et
1390 1973 1635 2012 possessionibus,
1660 1979 1689 2004 ut
1714 1983 1768 2013 par

1021 2028 1074 2061 est,
1099 2026 1320 2056 conserventur,
1345 2022 1418 2051 illud
1442 2022 1665 2059 monasterium,
1690 2023 1767 2062 quod

1021 2081 1036 2101 a
1050 2072 1111 2101 suis
1125 2066 1288 2101 redditibus
1305 2074 1333 2099 et
1349 2070 1585 2109 possessionibus
1601 2075 1766 2110 temporum

1021 2121 1188 2151 calamitate
1221 2120 1381 2157 defecerit,
1419 2120 1463 2149 vcl
1496 2120 1628 2159 quolibet
1659 2125 1767 2151 eventu

1023 2170 1142 2209 propria
1165 2169 1240 2199 bona
1264 2168 1437 2207 perdiderit,
1461 2168 1645 2207 compensari
1672 2174 1701 2199 et
1723 2170 1768 2199 in-

1022 2218 1131 2256 tegrari
1150 2218 1244 2247 valeat
1266 2218 1301 2247 de
1324 2217 1481 2256 praedictis
1499 2216 1582 2246 tionis
1599 2221 1624 2246 et
1642 2216 1767 2246 redditi-

1022 2267 1075 2297 bus
1098 2267 1234 2307 perditis,
1259 2266 1438 2305 acquirendo
1454 2266 1510 2295 alia
1527 2265 1601 2295 bona
1618 2269 1647 2295 et
1669 2266 1767 2295 reddi-

1023 2321 1067 2346 tus
1101 2320 1198 2345 tantae
1231 2316 1337 2344 saltem
1372 2315 1608 2352 existimationis,
1639 2319 1768 2354 quantae

1022 2370 1105 2395 erant
1128 2365 1202 2394 bona
1226 2369 1253 2394 ct
1276 2364 1408 2394 redditus
1425 2374 1438 2392 a
1457 2363 1564 2402 quibus
1579 2363 1695 2393 defecit.
1716 2364 1766 2393 Illa

1023 2423 1092 2443 vero
1126 2413 1324 2448 monasteria,
1348 2422 1422 2451 quac
1454 2412 1550 2441 dotcm
1584 2416 1612 2441 et
1634 2412 1767 2443 redditus

1022 2462 1202 2492 sufficientes
1225 2472 1282 2491 non
1306 2461 1423 2495 habent,
1443 2470 1494 2499 pro
1510 2461 1623 2490 decenti
1648 2465 1676 2490 et
1698 2471 1768 2492 con-

1022 2514 1094 2550 grua
1116 2511 1328 2541 sustentatione
1352 2510 1563 2539 monachorum
1592 2510 1664 2549 ipsis
1685 2511 1768 2541 ‹lesi-

1023 2564 1199 2599 gnatorum,
1233 2559 1402 2589 facultatem
1435 2557 1562 2589 habeant
1595 2560 1768 2599 acquirendi
