2182 3137
46 271 98 300 An.
118 268 147 299 C.
165 269 232 297 ¹733

81 918 144 940 Fidus
169 921 226 940 tran·

43 949 178 973 sumptorum.

67 2261 208 2283 Prooemium.

883 269 1025 296 CLEMENS
1050 271 1093 297 xn
1118 273 1166 297 1¹1³.

239 318 338 353 dultis
353 322 384 353 et
397 318 514 353 litteris
530 318 718 363 apostolicis
734 318 765 352 in
779 319 981 353 centrarium

238 372 492 416 praemissorum
527 373 779 416 quomodolibet
804 373 980 414 concessis,

239 425 437 459 confirmatis
469 431 500 459 et
524 426 709 467 innovatis;
737 426 855 470 quibus
881 426 984 460 omni-

238 480 299 513 bus
325 484 357 512 et
382 479 536 522 singulis,
563 479 693 513 illorum
729 485 857 513 tenores
889 491 984 524 prae-

238 532 384 567 sentibus
416 544 476 577 pro
508 533 606 577 plene
632 539 663 566 et
697 533 899 567 sufficienter
924 544 981 567 ex-

238 586 361 630 pressis
388 597 424 619 ac-
444 586 484 620 de
506 587 605 620 verbo
631 587 669 620 ad
695 587 830 620 verbum
855 587 984 621 insertis

239 639 410 679 habentes,
437 639 501 673 illis
527 640 605 673 alias
630 639 662 672 in
687 651 746 673 suo
772 641 890 673 robore
912 651 984 684 per-

237 692 409 734 mansuris,
423 693 462 726 ad
477 692 734 737 praemissorum
749 692 909 735 efl'ectum,
923 694 984 727 hac

238 747 307 780 vice
344 747 525 787 dumtaxat,
550 746 735 790 specialiter
768 753 798 780 et
831 758 983 791 expresse

238 801 456 844 derogamus;
491 801 671 845 ceterisque
709 802 880 835 contrariis
906 802 981 846 qui-

237 855 449 898 buscumque.

281 907 295 951 ᾗ
309 906 337 940 5.
352 907 505 940 Volumus
519 912 627 940 autem
640 912 674 940 ut
689 908 875 941 earumdem
891 918 985 952 prae-

236 961 376 995 sentium
397 961 609 1005 transumptis
623 972 679 994 seu
700 961 868 1005 exemplis,
888 962 983 995 etiam

236 1014 417 1059 impressis,
443 1025 539 1047 manu
558 1014 694 1048 alicuius
717 1015 838 1048 notarii
860 1016 984 1060 publici

236 1068 450 1112 subscriptis,
475 1073 506 1101 et
539 1068 648 1111 sigillo
678 1079 841 1112 personae
876 1069 907 1102 in
934 1080 983 1103 ec-

237 1122 419 1155 clesiastiea
455 1122 615 1165 dignitate
649 1122 847 1156 constitutae
880 1123 984 1156 muni-

237 1175 300 1216 tis,
326 1176 439 1209 eadem
466 1186 601 1220 prorsus
639 1175 719 1209 fides
748 1176 779 1209 in
806 1176 926 1210 iudicio
953 1182 984 1210 et

237 1234 327 1262 extra
341 1229 547 1267 adhibeatur,
563 1240 645 1272 quae
661 1230 890 1274 praesentibus
906 1230 983 1273 ipsis

237 1283 452 1316 adhiberetur
477 1283 503 1316 si
529 1283 638 1316 serent
675 1283 842 1317 exhibitae
874 1285 925 1317 vel
951 1295 984 1318 0-

236 1340 381 1369 stensae.

281 1389 395 1422 Datum
423 1390 567 1432 Romae,
593 1391 677 1434 apud
704 1390 735 1423 S.
764 1390 895 1424 Mariam
921 1391 984 1425 Ma-

236 1443 360 1484 iorem,
387 1444 446 1477 sub
476 1445 596 1478 annulo
637 1445 825 1487 piscatoris,
857 1445 909 1479 die
945 1456 983 1479 xv

236 1498 435 1542 septembris
464 1508 662 1539 iinccxxxiu,
696 1498 905 1542 pontificatus
928 1510 984 1533 no-

236 1551 294 1583 stri
314 1560 399 1584 anno
426 1561 471 1585 iv.

270 1611 330 1640 Dat.
351 1612 395 1640 die
419 1613 449 1641 15
464 1613 632 1650 septembris
647 1613 723 1648 1733,
741 1614 842 1649 pontif.
858 1623 931 1642 auno
948 1621 982 1642 tv.

578 1668 612 1700 F.
640 1668 726 1702 card.
752 1669 937 1703 OLIVEmL'S.

574 1820 648 1854 Ctx.

238 1891 392 1926 Custodia
410 1892 591 1926 Hiberniae
610 1892 744 1927 Ordinis
765 1894 907 1936 fratrum
926 1893 984 1926 Mi-

282 1958 397 1981 norum
437 1949 544 1981 sancti
578 1948 750 1981 Francisci
791 1949 985 1992 Capaccino-

280 2011 355 2033 rum
381 2005 647 2045 mmcupalormn
666 2002 700 2034 in
721 2012 833 2034 noram
851 2002 983 2046 provin-

281 2055 364 2088 ciam
391 2055 543 2098 eripitur.

438 2136 573 2163 Clemens
597 2136 774 2170 episcopus,

358 2182 394 2208 ad
415 2184 593 2215 perpetuam
614 2181 659 2208 rei
679 2181 864 2208 memoriam.

280 2252 486 2295 Apostolicae
514 2252 677 2286 servitutis
705 2263 834 2292 munus,
855 2263 918 2296 quo
938 2263 985 2286 ca-

235 2306 374 2340 tholicae
396 2306 559 2339 Ecclesiae
581 2317 638 2350 per
664 2306 850 2339 universum
870 2307 982 2340 orbem

235 2358 372 2393 diffusae
417 2360 567 2403 regimini
616 2360 725 2392 divina
770 2359 983 2403 dispositione

235 2413 474 2457 praesidemus,
496 2414 526 2446 id
544 2413 983 2457 praecisumsollicitudinem

235 2472 380 2500 nostram
408 2466 561 2506 intendit,
584 2471 618 2498 ut
645 2466 873 2509 religiosorum
901 2467 984 2500 viro-

235 2530 305 2552 rum
339 2519 494 2553 Altissimi
534 2519 699 2563 obsequiis
735 2521 794 2552 sub
832 2520 982 2554 arctioris

235 2573 427 2616 disciplinae
449 2573 597 2606 instituto
616 2572 883 2616 mancipatorum,
900 2579 931 2607 et
950 2574 980 2607 in

235 2627 327 2659 vinca
353 2626 481 2660 Domini
512 2637 548 2659 ac
573 2627 768 2670 praesertim
788 2627 818 2660 in
842 2628 983 2661 nonnul-

234 2680 273 2716 lis
288 2680 364 2722 olim
383 2680 513 2727 pietatis
530 2685 562 2715 et
579 2681 782 2715 orthodoxae
798 2680 872 2715 fidei
886 2681 981 2716 laude

1026 321 1268 356 florentissimis
1294 324 1484 368 regionibus
1511 324 1596 360 inter
1619 337 1773 371 persecu-

1029 374 1149 407 tionum
1178 377 1337 419 procellas
1358 383 1455 422 atque
1474 380 1690 414 calamitatum
1719 381 1774 414 tri-

1026 428 1121 461 bulos
1147 434 1280 463 strenue
1306 431 1534 473 laborantium,
1554 434 1650 467 statui
1676 440 1707 468 et
1728 435 1771 469 f'e-

1027 481 1080 515 lici
1107 482 1276 516 directioni
1309 486 1483 519 consulere
1510 488 1668 530 peculiari
1695 491 1773 522 cura

1027 535 1224 576 studeamus,
1253 537 1335 570 sicut
1360 538 1411 581 pia
1436 540 1696 574 orthodoxorum
1723 553 1773 575 re-

1027 598 1111 630 gum,
1138 589 1377 632 multiplicibus
1400 591 1430 623 in
1451 592 1535 625 lianc
1552 593 1702 627 Sanctam
1719 594 1773 628 Se-

1028 641 1102 674 dem
1127 643 1251 675 meritis
1270 643 1470 686 fulgentium,
1490 651 1561 679 rota
1587 649 1771 690 postulant,

1028 700 1055 727 et
1086 706 1162 735 nos,
1190 695 1340 729 omnibus
1365 702 1512 731 maturae
1538 700 1774 733 consideratio-

1028 749 1078 782 nis
1106 749 1224 782 trutina
1250 751 1441 793 perpensis,
1468 752 1506 784 ad
1540 753 1773 796 omnipotentis

1027 803 1083 835 Dei
1117 803 1274 846 gloriam,
1303 814 1339 836 ac
1376 804 1545 847 religionis
1579 806 1774 850 piorumque

1029 867 1165 900 operum
1198 857 1435 890 incrementum
1471 864 1503 891 et
1536 859 1664 893 felicem
1698 871 1775 904 pro-

1029 921 1175 954 gressum
1191 911 1346 955 expedire
1363 912 1393 945 in
1413 912 1548 946 Domino
1564 913 1771 948 arbitramur.

1072 965 1086 1008 ἓ
1112 964 1143 998 sl.
1171 964 1246 997 Cum
1274 965 1395 1008 itaque,
1414 966 1498 1000 sicut
1522 967 1655 1001 nomine
1681 968 1774 1002 caris-

1028 1018 1099 1051 simi
1115 1018 1147 1050 in
1166 1018 1295 1052 Christo
1314 1019 1371 1052 filii
1391 1021 1494 1053 nostri
1510 1021 1661 1054 Ludovici
1680 1022 1774 1055 Fran-

1028 1083 1138 1105 corum
1166 1073 1252 1115 regis
1279 1073 1539 1107 christianissimi
1559 1075 1652 1108 nobis
1670 1086 1774 1119 nuper

1029 1126 1213 1169 expositum
1239 1126 1297 1160 suit
1314 1154 1321 1167 ,
1348 1127 1495 1161 custodia
1520 1129 1694 1163 Hiberniae
1719 1129 1775 1162 Or-

1028 1180 1113 1213 dinis
1146 1180 1279 1213 fratrum
1311 1180 1468 1214 Minorum
1506 1182 1607 1215 sancti
1642 1183 1773 1216 Franci-

1028 1234 1073 1267 sci
1106 1234 1361 1277 Capriccinorum
1394 1241 1654 1280 nuncupatorum
1680 1236 1773 1280 quin-

1029 1287 1132 1320 decim
1158 1287 1398 1327 conventibus,
1431 1299 1549 1332 nempe
1582 1289 1708 1323 duobus
1740 1290 1772 1323 iu

1028 1340 1142 1380 Gallia,
1160 1351 1195 1374 ae
1213 1341 1349 1384 reliquis
1370 1342 1400 1374 in
1421 1352 1521 1384 regno
1541 1342 1642 1386 ipsius
1662 1344 1774 1377 Iliber-

1028 1394 1099 1427 niac
1125 1399 1261 1434 constet,
1281 1395 1384 1428 dictus
1409 1406 1485 1429 vero
1512 1396 1696 1430 Ludoricus
1718 1408 1771 1432 rex

1029 1449 1177 1482 eamdem
1203 1449 1381 1482 custodiam
1403 1450 1434 1482 in
1455 1461 1568 1483 noram
1589 1451 1663 1483 dicti
1681 1451 1773 1484 Ordi-

1029 1503 1078 1536 nis
1104 1503 1305 1546 provinciam
1331 1504 1370 1536 ad
1397 1503 1498 1537 instar
1531 1504 1667 1538 aliarum
1695 1504 1772 1538 dicu

1027 1555 1156 1589 Ordinis
1182 1557 1424 1599 provinciarum
1444 1568 1460 1590 a
1482 1557 1576 1591 uobis
1601 1558 1680 1601 erigi
1702 1559 1773 1602 plu-

1028 1609 1144 1642 rimum
1171 1610 1355 1643 desideret:
1383 1611 1476 1644 nobis
1497 1617 1676 1656 propterea
1697 1613 1773 1645 dicti

1028 1663 1180 1697 Ludovici
1207 1664 1292 1706 regis
1311 1665 1444 1698 nomine
1463 1665 1630 1699 humiliter
1652 1666 1775 1709 suppli-

1028 1721 1131 1750 catum
1161 1716 1219 1749 suit
1245 1722 1279 1749 ut
1312 1717 1344 1750 in
1371 1717 1557 1761 praemissis
1585 1725 1773 1762 opportune

1027 1770 1202 1814 providere
1230 1776 1261 1804 et
1286 1776 1322 1803 ut
1347 1771 1430 1804 infra
1455 1772 1628 1814 indulgere
1659 1772 1697 1805 de
1722 1772 1774 1806 be·

1029 1824 1186 1867 nignitate
1209 1824 1388 1868 apostolica
1415 1825 1637 1867 dignaremur.

1072 1878 1086 1921 g
1104 1876 1135 1910 ⁰2.
1155 1877 1218 1910 Nos
1238 1878 1347 1920 igitur,
1363 1878 1425 1921 piis
1440 1878 1542 1922 ipsius
1557 1879 1706 1912 Ludovici
1724 1890 1773 1913 rc-

1028 1931 1074 1973 gis
1093 1931 1174 1964 votis
1202 1930 1421 1964 favorabiliter
1442 1942 1587 1965 annuere
1614 1933 1772 1972 volentes,

1030 1983 1216 2017 huiusmodi
1232 1984 1528 2027 supplicationibus
1542 1984 1698 2026 inclinati,
1712 1997 1772 2019 me·

1029 2042 1186 2071 moratam
1205 2038 1383 2071 custodiam
1411 2038 1587 2072 Hiberniae
1607 2039 1637 2071 in
1655 2049 1771 2073 novam

1028 2091 1156 2124 Ordinis
1181 2091 1338 2135 praedicti
1376 2092 1596 2135 provinciam,
1624 2103 1707 2136 quae
1733 2094 1772 2126 ab

1029 2155 1092 2177 uno
1119 2144 1268 2178 ministro
1293 2145 1495 2188 provinciali,
1523 2156 1559 2178 ac
1595 2146 1774 2180 definitori-

1029 2199 1098 2238 bus,
1125 2198 1262 2242 aliisque
1288 2199 1493 2240 officialibus,
1511 2199 1597 2232 iuxta
1617 2201 1774 2233 constitu-

1029 2253 1134 2286 tiones
1160 2252 1304 2286 eiusdem
1323 2252 1452 2299 Ordinis
1478 2253 1669 2287 auctoritate
1694 2265 1773 2298 apo·

1028 2305 1141 2338 stolica
1179 2305 1375 2348 approbatas
1396 2333 1403 2347 ‚
1438 2306 1506 2348 regi
1541 2312 1572 2340 et
1596 2306 1770 2350 gubernari

1029 2359 1156 2399 debeat,
1179 2360 1259 2392 itaut
1284 2359 1351 2403 ipsa
1369 2370 1451 2393 nova
1477 2360 1645 2404 provincia
1670 2361 1772 2395 illius-

1028 2423 1091 2456 que
1117 2412 1267 2445 minister
1300 2413 1532 2455 provincialis,
1559 2414 1770 2456 definitores,

1027 2466 1194 2510 ceterique
1220 2466 1376 2500 officiales
1407 2477 1443 2499 ac
1469 2467 1584 2500 f'ratrcs
1610 2478 1669 2511 pro
1692 2474 1771 2501 tem-

1027 2530 1108 2564 pore
1134 2520 1308 2553 existentes
1328 2520 1479 2553 omnibus
1500 2525 1530 2553 et.
1550 2521 1687 2564 singulis
1708 2522 1771 2566 pri-

1027 2573 1165 2616 vilegiis,
1192 2573 1339 2613 iuribus,
1366 2573 1650 2617 praeeminemus,
1676 2586 1771 2618 prae-

1026 2626 1191 2669 rogativis,
1217 2626 1409 2667 honoribus,
1431 2627 1545 2670 gratiis
1568 2633 1600 2661 et
1624 2627 1767 2669 indultis,

1027 2680 1144 2724 quibus
1158 2680 1241 2714 aliae
1256 2680 1331 2713 dicti
1347 2679 1476 2714 Ordinis
1490 2681 1690 2726 provinciae,
1707 2687 1768 2718 tam

1668 267 1734 302 535
1780 277 1832 306 An.
1856 277 1883 307 C.
1904 279 1970 308 1733

1798 981 1860 1006 [togis
1872 981 1971 1001 christia-

1786 1015 1865 1029 nissimi
1886 1015 1969 1035 preces.

1799 1888 1858 1909 Dicta
1870 1889 1968 1909 custodia

1786 1921 1804 1935 in
1836 1916 1967 1941 prminriam

1785 1943 1873 1966 erigitur
1889 1943 1968 1962 'dathus

1784 1969 1874 1989 aliarum
1919 1975 1969 1994 prn-

1785 1996 1901 2016 rinciarnm
1927 2002 1969 2022 prt-

1785 2024 1875 2048 rilegus.
