2182 3137
99 186 148 213 An.
170 185 198 212 C.
218 185 284 212 ¹730

114 984 204 1006 indictio
214 991 276 1011 prae-

97 1011 147 1032 dieii
162 1011 255 1033 inbutam.

907 185 1048 208 CLEilthS

294 238 328 266 ut
354 234 478 268 vineam
505 245 615 273 suani,
638 244 733 277 quain
762 233 940 276 plantavit,
972 234 1038 266 ele-

293 293 374 320 ctam
400 288 576 327 custodiae
604 288 786 320 haereticos
806 292 835 318 et
855 286 1037 319 schismati-

292 352 345 373 cos
371 341 409 373 ad
435 340 615 374 catholicae
640 339 715 372 fidei
738 339 904 372 veritatem
928 338 1036 371 Eccle-

292 394 426 437 siaeque
453 393 609 426 unitatem
636 392 782 431 redueat,
810 392 1034 435 populumque

291 452 582 490 suum-protegat,
613 452 644 479 et
669 446 708 478 ab
739 445 930 478 iracundiae
956 455 1034 478 suae

291 499 428 542 flagellis
446 510 482 532 ae
509 499 689 532 terroribus
716 497 980 531 misericorditer
997 497 1033 530 li·

284 553 392 585 beret.
421 553 506 586 llaec
531 563 607 585 vero
634 557 664 584 ut
693 551 882 585 ferventiori
900 551 1032 594 spiritus

288 606 418 644 ardore,
431 606 643 649 uberiorique
662 605 764 638 fructu
781 605 869 644 fiant,
891 605 1031 648 priscum

287 670 323 692 ae
347 659 547 692 laudabilem
579 659 801 692 Romanorum
838 658 1031 691 Pontificum

287 712 578 755 praedecessorum
613 718 798 746 nostrornm
832 722 955 745 morem
982 722 1031 745 se-

287 765 352 798 cuti
371 792 378 802 .
414 765 602 799 caelestium
635 776 808 798 munerum
837 765 1030 805 thesauros,

286 829 424 861 quorum
465 819 742 862 dispensationem
779 818 855 851 fidei
897 823 1029 851 nostrae

286 871 448 904 commisit
472 872 580 904 divina
616 871 785 914 dignatio,
813 871 962 914 proferre
1000 877 1031 904 et

287 924 415 958 liberali
441 935 539 957 manu
564 935 703 967 erogare
730 924 945 958 decrevimus.

330 977 345 1021 ξ
370 978 402 1011 3.
430 978 539 1021 Itaque
566 978 604 1011 de
631 978 867 1021 omnipotentis
893 977 948 1010 Dei
975 977 1029 1010 mi-

285 1030 462 1063 sericordia
494 1041 531 1064 ac
567 1031 738 1064 beatorum
772 1030 855 1064 Petri
882 1036 913 1063 et
938 1030 1028 1063 Pauli

286 1085 510 1127 apostolorum
537 1085 605 1117 eius
631 1084 820 1117 auctoritate
846 1083 969 1124 confisi,
991 1096 1028 1117 ex

285 1136 340 1170 itta
363 1137 487 1181 ligandi
523 1143 621 1180 atque
657 1137 806 1170 solvendi
842 1142 1028 1181 potestate,

286 1200 382 1234 quam
399 1191 495 1224 nohis
519 1190 676 1224 Dominus
696 1190 772 1224 licet
792 1190 935 1234 indignis
954 1201 1029 1224 con-

287 1243 368 1285 tulit,
387 1244 550 1278 universis
568 1249 601 1278 et
625 1244 762 1287 siugulis
787 1245 959 1288 utriusque
980 1255 1029 1278 se-

285 1308 342 1331 xus
360 1297 629 1331 christifidelibus
654 1298 685 1330 in
712 1299 794 1331 alma
812 1298 898 1331 Urbe
917 1300 1029 1331 nostra

286 1352 502 1395 degentibus,
530 1353 584 1396 qui
623 1352 762 1386 solemni
799 1351 1026 1395 processioni,

285 1416 383 1449 qnam
410 1405 572 1439 dominica
599 1406 692 1439 tertia
718 1406 878 1438 currentis
905 1406 1027 1439 mensis

285 1459 479 1502 septembris
505 1459 544 1493 ab
571 1459 707 1493 ecclesia
730 1460 760 1493 S.
787 1459 903 1493 Mariae
923 1460 1028 1502 Ange-

285 1515 391 1546 lorum
416 1513 449 1546 in
474 1512 622 1546 Thermis
649 1514 688 1547 ad
714 1513 884 1546 basilicam
910 1513 942 1546 S.
970 1513 1028 1546 Ma·

284 1565 350 1599 riae
363 1566 490 1600 Maioris
508 1571 730 1610 nuncupatam
750 1566 789 1599 de
808 1565 920 1599 eadem
942 1565 1026 1599 Urbe

282 1622 346 1653 una
371 1630 445 1652 cum
465 1619 705 1653 venerabilibus
732 1618 885 1652 fratribus
905 1620 1025 1652 nostris

281 1673 313 1707 S.
341 1673 377 1706 R.
401 1673 436 1706 E.
464 1673 708 1714 cardinalibus,
735 1683 864 1706 necnon
890 1673 1026 1716 patriar-

282 1727 365 1768 chis,
392 1727 652 1772 archiepiscopis
681 1733 711 1761 et
737 1727 920 1771 episcopis,
946 1738 1026 1771 quos

281 1781 314 1814 in
339 1781 484 1814 Romana
507 1780 602 1816 Curia
628 1782 742 1815 adesse
769 1781 958 1824 contigerit,
990 1793 1025 1815 ac

282 1835 533 1868 christianorum
551 1845 661 1878 regum
690 1840 721 1868 et
746 1834 932 1878 principum
954 1845 1025 1868 ora-

283 1888 405 1922 toribus
430 1889 515 1932 apnd
540 1899 599 1922 nos
625 1888 850 1929 existentibus,
869 1889 1024 1931 praelatis

281 1952 409 1986 quoque
440 1947 471 1976 et
502 1942 694 1976 officialibus
721 1943 867 1976 eiusdem
894 1942 1024 1984 curiae,

281 1995 496 2039 universoque
511 1997 598 2029 clero
614 2002 644 2029 et
659 1997 790 2040 populo,
807 1996 1023 2030 benedicente

280 2048 429 2089 Domino,
445 2049 483 2082 de
508 2059 600 2083 more
626 2060 771 2092 agemus,
791 2049 906 2083 devote
925 2050 1024 2083 inter-

281 2101 410 2143 fuerint,
428 2103 477 2136 vel
495 2102 526 2136 S.
551 2102 678 2136 loannis
697 2103 727 2136 in
748 2103 918 2144 Laterano,
938 2103 1023 2136 Prin·
1044 2111 1046 2125 ³

281 2154 361 2198 cipis
387 2156 616 2198 Apostolorum
644 2161 676 2200 (ῃ
700 2157 732 2190 S.
753 2156 869 2190 Mariae
896 2156 1023 2191 Maioris

282 2207 386 2242 dictae
406 2208 500 2242 Urbis
526 2211 679 2244 ecclesias
705 2221 761 2243 sen
788 2210 951 2251 basilicas,
974 2211 1022 2244 vel

283 2270 396 2294 earum
421 2262 572 2306 aliquam,
597 2264 681 2297 intra
699 2263 841 2307 spatium
867 2264 955 2297 illius
974 2265 1021 2298 vel

283 2312 415 2346 alterius
447 2315 593 2358 proxime
631 2316 862 2360 subsequentis
898 2317 1022 2351 hebdo-

281 2365 395 2398 madae
420 2368 532 2400 saltem
555 2371 656 2403 semel
674 2370 789 2403 devote
812 2370 1021 2412 visitaverint,

283 2418 392 2462 ibique
408 2430 465 2463 per
482 2421 614 2465 aliquod
630 2424 781 2467 temporis
796 2426 934 2468 spatium
954 2426 1021 2469 pias

281 2472 320 2504 ad
346 2472 444 2506 Deum
470 2484 601 2517 preces,
628 2482 796 2520 utsupra,
824 2479 1015 2520 effuderint,

281 2535 317 2558 ac
341 2530 456 2570 quarta
482 2534 513 2560 et
537 2530 625 2561 sexta
657 2529 733 2562 feria
758 2536 789 2563 et
813 2532 948 2566 sabbato
975 2534 1019 2566 al-

281 2579 380 2614 terius
407 2591 443 2615 ex
468 2581 621 2626 praefatis
658 2582 872 2619 hebdomadis
899 2585 1018 2620 ieiuna-

368 2643 449 2673 Buta.
467 2644 553 2674 Rom.
579 2661 609 2666 —
636 2645 697 2675 Vol.
721 2645 828 2676 XXIII.
973 2647 987 2674 7

1077 186 1119 209 xu
1147 188 1194 210 rr.

1083 235 1201 275 verint,
1224 242 1255 268 et
1282 243 1414 279 peccata
1440 249 1496 270 sua
1523 238 1661 271 confessi
1688 238 1823 271 sanctis-

1081 287 1196 320 simum
1223 289 1443 323 Eucharistiae
1461 297 1696 323 saciamentum
1719 291 1748 323 in
1770 293 1823 324 do-

1079 339 1198 373 minica
1224 341 1274 374 die
1300 342 1488 376 immediate
1513 344 1662 386 sequenti
1691 345 1738 376 vel
1762 345 1822 377 alia

1080 391 1132 424 die
1158 392 1245 426 intra
1278 395 1425 428 eamdem
1464 396 1701 429 hebdomadam
1735 408 1822 430 reve·

1079 451 1191 478 rentes
1216 449 1437 490 sumpserint,
1465 460 1501 482 ac
1539 450 1738 493 pmmeribus
1765 451 1821 483 ali-

1078 508 1173 541 quam
1211 500 1474 543 eleemosynam,
1509 508 1601 545 prout
1644 503 1820 546 uuicuique

1077 552 1262 594 suggererit
1288 553 1433 596 devotio,
1461 556 1685 597 erogaverint,

1119 605 1134 647 ξ
1159 604 1190 636 li.
1219 604 1340 639 Ceteris
1367 618 1442 640 rcro
1470 613 1559 640 extra
1584 608 1701 641 Urbem
1728 620 1821 651 prac-

1076 657 1194 690 dictam
1218 658 1417 703 ubicumque
1445 661 1660 702 degentibus,
1689 663 1741 704 qui
1769 673 1820 695 ec-

1074 710 1192 744 clesias
1218 712 1257 744 ab
1276 711 1453 746 Ordinariis
1476 714 1620 746 locorum
1639 716 1686 747 vel
1706 725 1819 748 eorum

1074 763 1212 806 vicariis,
1237 775 1295 798 seu
1322 766 1532 805 officialibus,
1560 772 1615 799 aut
1640 767 1678 800 de
1706 778 1819 801 eorum

1073 817 1236 859 mandato,
1256 823 1297 859 et,
1316 819 1396 862 ipsis
1413 819 1652 859 deficientibus,
1672 831 1730 863 per
1752 832 1818 862 eos,

1074 870 1128 912 qui
1143 870 1187 902 ibi
1214 882 1323 904 curam
1348 872 1529 905 animarum
1550 878 1711 913 exercent,
1732 879 1819 916 post—

1073 933 1169 966 quam
1202 925 1241 958 ad
1268 935 1380 958 eorum
1413 926 1562 960 notitiam
1594 927 1656 960 hae
1690 934 1817 962 nostrae

1073 978 1297 1020 pervenerint,
1324 978 1560 1022 designandas,
1588 981 1637 1013 vel
1665 981 1819 1015 ecclesia-

1074 1040 1145 1062 rum
1172 1031 1361 1065 huiusmodi
1388 1033 1539 1076 aliquam,
1557 1034 1661 1077 spatio
1682 1034 1818 1068 duarum

1073 1084 1224 1118 similiter
1243 1086 1524 1120 hebdomadarum
1550 1098 1566 1120 a
1591 1088 1817 1131 publicatione

1073 1138 1310 1181 designationis
1336 1150 1394 1182 per
1419 1139 1610 1174 Ordinarios
1630 1142 1678 1174 vel
1705 1152 1817 1175 eorum

1073 1192 1220 1233 vicarios,
1235 1203 1293 1225 seu
1312 1193 1476 1235 officiales,
1491 1195 1541 1228 vel
1561 1195 1651 1235 aliOS,
1672 1200 1706 1228 ut
1723 1206 1817 1239 prae—

1073 1244 1181 1285 fertur,
1208 1245 1376 1280 faciendae
1403 1247 1674 1289 decursurarum,
1701 1250 1815 1282 saltem

1072 1299 1171 1331 semel
1198 1298 1405 1341 visitaverint,
1425 1300 1537 1344 ibique
1564 1306 1598 1333 ut
1622 1312 1720 1345 supra
1746 1313 1818 1336 ora-

1073 1352 1186 1393 verint,
1208 1364 1243 1386 ac
1269 1357 1383 1397 quarta
1407 1359 1438 1387 et
1459 1357 1548 1387 sexta
1572 1355 1660 1388 feriis
1686 1366 1722 1389 ac
1747 1357 1817 1389 sah-

1072 1406 1147 1440 bato
1174 1407 1305 1440 alterius
1326 1417 1362 1440 ex
1384 1407 1600 1441 hebdomadis
1625 1409 1815 1443 huiusmodi

1072 1459 1296 1501 ieiunaverint,
1315 1461 1505 1504 pariterque
1520 1467 1654 1504 peccata
1670 1473 1727 1496 sua
1744 1474 1817 1496 con-

1072 1511 1159 1551 fessi,
1184 1522 1220 1545 ac
1241 1511 1274 1543 in
1300 1512 1351 1545 die
1374 1512 1536 1545 dominica
1561 1512 1747 1546 immediate
1767 1525 1816 1548 se-

1071 1564 1194 1608 quenti,
1211 1566 1259 1598 vel
1279 1565 1340 1598 alia
1355 1564 1406 1598 die
1424 1565 1510 1598 intra
1526 1566 1672 1599 eamdem
1690 1567 1814 1600 hebdo-

1070 1618 1195 1651 madam
1222 1619 1426 1652 sanctissima
1452 1620 1682 1654 communione
1702 1622 1815 1655 refecti

1070 1671 1216 1712 suerint,
1255 1677 1285 1705 ct
1310 1673 1510 1717 pauperihus
1549 1673 1690 1718 aliquam
1727 1675 1815 1708 elee-

1071 1735 1252 1768 mosynam,
1276 1731 1308 1758 ut
1332 1726 1560 1769 praemittitur,
1588 1728 1814 1770 erogaverint,

1069 1778 1293 1822 plenissimam
1325 1779 1470 1812 omnium
1503 1785 1713 1823 peccatorum
1740 1791 1813 1815 suo-

1070 1842 1141 1865 rum
1167 1833 1401 1876 indulgentiam
1421 1839 1452 1866 et
1471 1834 1711 1875 remissionem,
1732 1836 1813 1869 sicut

1069 1886 1101 1919 in
1127 1897 1212 1920 anno
1236 1887 1371 1920 iubilaei
1398 1888 1603 1921 visitantibus
1629 1895 1734 1923 certas
1759 1900 1812 1923 ee·

1068 1939 1182 1973 clesias
1208 1940 1292 1973 intra
1319 1943 1349 1975 et
1368 1946 1457 1974 extra
1476 1940 1592 1975 Urbem
1610 1943 1813 1985 praedictam

1068 1992 1202 2026 concedi
1230 1994 1415 2034 consuevit,
1443 1999 1556 2028 tenore
1591 1995 1812 2039 praesentium

1067 2046 1272 2080 concedimus
1295 2051 1326 2080 et
1349 2047 1535 2091 elargimur.

1112 2100 1125 2143 ξ
1144 2099 1174 2132 5.
1196 2099 1387 2143 Navigantes
1408 2111 1483 2134 vero
1510 2106 1542 2134 et
1568 2102 1632 2135 iter
1658 2108 1790 2145 agentes

1067 2208 1228 2252 ceperint,
1248 2209 1479 2252 suprascriptis
1507 2210 1658 2253 peractis,
1681 2216 1713 2244 ct
1739 2211 1810 2244 vist-

1068 2264 1130 2295 tata
1157 2261 1294 2295 ecelesia
1320 2263 1513 2304 cathedrali,
1540 2264 1588 2297 vel
1615 2264 1728 2297 maiori
1756 2271 1811 2298 aut

1065 2315 1247 2359 parochiali
1267 2317 1330 2349 loci
1351 2327 1463 2350 eorum
1479 2317 1643 2358 domicilii,
1660 2319 1808 2352 eamdem

1065 2369 1301 2413 indulgentiam
1339 2370 1497 2414 consequi
1532 2371 1655 2414 possint
1689 2377 1720 2405 et
1756 2384 1809 2406 va-

1064 2424 1167 2464 leant,
1189 2422 1394 2466 regularibus
1411 2428 1517 2456 autem
1534 2424 1680 2466 personis
1695 2426 1809 2460 utrius-

1063 2487 1126 2521 que
1151 2487 1244 2510 sexus
1270 2476 1369 2509 etiam
1402 2476 1434 2509 in
1467 2477 1615 2511 claustris
1649 2486 1807 2523 perpetuo

1063 2529 1270 2574 degentibus,
1288 2540 1418 2563 necnon
1444 2530 1514 2563 aliis
1541 2531 1805 2577 quibuscumque

1063 2589 1125 2619 tarn
1150 2582 1241 2619 laicis
1266 2593 1363 2628 quam
1389 2584 1633 2630 ecclesiasticis,
1661 2588 1806 2623 saecula-

1746 181 1788 213 49
1836 192 1885 216 Au.
1904 192 1932 216 tl.
1955 192 2022 219 1730

1873 622 2017 641 {fiXixli‘tilihuS

1832 650 1891 668 extra
1921 648 1998 668 t'stwm
2012 664 2016 671 ‚

1880 678 1941 698 pai-12·
1952 675 2018 694 iuulul-

1883 708 1893 719 ,.
1908 708 1910 710 .
1997 707 2001 711 .

1831 715 1916 753 :sxrquv
1924 731 2014 752 pessunt.

1852 2110 1891 2131 Pro
1906 2112 2007 2137 navigan·

1803 2131 1810 2144 '
1825 2137 1887 2161 tibus,
1907 2138 2010 2159 claustra-

1069 2160 1101 2186 ut
1118 2164 1190 2187 eum
1208 2153 1347 2198 primum
1367 2155 1405 2188 ad
1424 2165 1483 2188 sua
1502 2165 1574 2188 sese
1591 2156 1753 2190 domicilia
1766 2167 1812 2190 re·
1824 2164 1932 2218 ξιιξῐιζξώιῗει
1946 2166 2009 2188 amor
