2182 3137
95 163 145 191 An.
167 164 196 190 c.
220 163 287 191 ¹730
908 158 1052 181 crmtssxs

290 211 368 244 tium
395 210 614 255 approbamus
640 213 671 242 et
695 207 946 246 confirmamus,
972 206 1033 238 illi-

290 276 352 308 que
394 262 591 297 invIolabilis
631 260 830 304 apostolicae
874 258 1033 290 firmitatis

291 316 391 349 robur
411 314 594 348 adiicimus:
612 313 699 346 salva
719 316 826 344 tamen
853 319 986 353 semper
1000 309 1033 342 in

290 368 477 412 praemissis
515 366 709 400 auctoritate
746 364 914 409 praefatae
951 362 1033 396 Con-

289 422 491 465 gregationis
517 420 742 454 cardinalium.

333 475 348 518 §l
372 474 403 507 3.
424 475 657 512 Decernentes.
682 471 812 505 easdem
839 474 1034 514 praesentes

289 529 414 562 litteras
428 527 546 567 firmas,
556 527 680 560 validas
692 530 724 559 et
734 524 882 566 efficaces
892 523 1032 557 existere

289 586 320 614 et
337 581 417 621 fore,
437 590 580 623 suosque
593 578 760 622 plenarios
777 582 809 610 et
823 577 971 619 integros
989 575 1033 608 ef-

290 634 390 667 fectus
404 632 516 667 sortiri
532 637 563 666 et
577 632 736 671 obtinere,
751 641 788 664 ac
805 630 880 670 illis,
896 629 934 662 ad
950 638 1032 672 quos

288 690 411 729 spectat
425 691 456 719 et
468 696 528 729 pro
544 691 690 728 tempore
705 683 865 728 spectabit
878 682 920 723 ,in
932 682 1034 715 omni-

288 741 347 773 bus
364 746 396 773 et
419 750 477 783 per
502 739 612 772 omnia
637 737 825 781 plenissime
851 735 1031 779 suflragari,

289 799 321 826 et
346 793 384 826 ab
413 793 459 826 eis
492 791 673 836 respective
711 789 945 823 inviolabiliter
980 789 1033 821 ob-

288 847 430 885 servari,
456 846 565 889 sicque
587 845 618 877 in
638 843 824 888 praemissis
850 853 910 886 per
937 852 1033 885 quos-

289 910 428 943 cumque
461 898 585 931 iudiees
622 896 809 930 ordinarios
843 900 876 929 et
901 895 1033 937 delega-

291 959 361 993 tos,
388 952 484 985 etiam
522 961 693 984 causarum
719 949 832 993 palatii
859 948 1030 992 apostolici

291 1004 475 1045 auditores,
501 1001 636 1036 iudicari
666 1007 699 1035 et
730 1001 858 1034 definiri
890 1000 1030 1039 dehere,

291 1068 326 1091 ae
350 1057 477 1090 irritum
502 1062 534 1089 ct
564 1057 658 1089 inane
684 1055 710 1088 si
736 1065 830 1088 secus
856 1064 955 1098 super
980 1054 1031 1086 his

292 1122 310 1144 a
326 1120 507 1154 quoquam,
533 1108 643 1153 quavis
661 1107 866 1147 auctoritate,
892 1106 1033 1140 scienter

293 1164 341 1198 vel
367 1164 575 1207 ignoranter,
601 1162 776 1205 contigerit
802 1161 966 1194 attentari.

335 1218 350 1261 ᾗ
374 1217 405 1250 4.
433 1217 504 1250 Non
521 1216 723 1250 obstantibus
741 1214 1032 1249 constitutionibus

292 1277 325 1304 et
341 1271 604 1304 ordinationibus
625 1269 829 1313 apostolicis,
850 1268 1031 1312 ceterisque

292 1324 464 1358 contrariis
489 1324 760 1367 quibuscumque.

335 1377 447 1410 Datum
473 1376 605 1417 Romae,
632 1376 715 1419 apud
738 1375 769 1408 S.
790 1375 922 1408 Mariam
940 1374 1032 1407 Maio-

291 1441 370 1470 rem,
384 1430 442 1463 sub
458 1429 578 1463 annulo
596 1429 783 1469 Piscatoris,
803 1428 855 1461 die
871 1439 943 1461 xxlx
962 1427 1030 1461 Iulii

96 489 204 509 Vah-latio
215 494 277 513 prat!-

94 518 183 535 senttum
197 516 277 535 littera-

95 547 147 563 rum.

125 1230 281 1251 Contrariorum

98 1257 214 1284 derogatio.

291 1493 452 1524 unccxxx,
477 1482 686 1527 pontificatus
713 1482 817 1515 nostri
845 1491 930 1514 anno
957 1492 977 1514 1.

325 1545 382 1572 Dat.
405 1545 449 1573 die
468 1545 502 1573 29
522 1545 580 1572 iulii
604 1544 680 1577 1730,
702 1543 798 1579 pontif.
816 1551 886 1570 anno
905 1549 923 1570 1.

536 1598 570 1630 F.
598 1597 775 1631 cardinalis
800 1596 983 1630 OLIVERIUS.

641 1749 673 1782 V.

288 1831 383 1865 Circa
414 1830 692 1863 continuationem
723 1829 924 1861 visitationis
956 1838 1031 1871 apo-

331 1884 463 1917 stolicae
487 1883 698 1917 eeclesiarum
731 1887 760 1916 et
797 1882 938 1915 Iocorum
959 1882 1032 1925 pio-

332 1947 405 1970 rum
431 1937 535 1970 Urbis

496 2012 632 2040 clemens
653 2012 733 2046 Papa
753 2011 818 2045 XII,

424 2058 462 2085 ad
484 2057 620 2085 futuram
639 2057 686 2084 rei
705 2056 893 2085 memoriam.

138 2133 237 2154 visitatio
251 2133 277 2153 ab

97 2160 217 2190 Innocentio
243 2160 278 2180 xu

98 2189 199 2207 insutum.

333 2126 348 2171 §
373 2126 404 2159 t.
431 2125 508 2159 Cum
534 2125 637 2159 felicis
674 2124 911 2159 recordationis
936 2124 1031 2158 Inno-

290 2178 416 2213 centius
443 2179 528 2223 Papa
564 2178 617 2212 XII
653 2179 892 2223 praedecessor
917 2183 1032 2212 noster

327 2296 338 2323 1
362 2295 552 2323 visitationem
567 2295 723 2323 huiusmodi
739 2295 835 2323 indixit
850 2294 1031 2324 Innocentius

291 2338 344 2366 Pr.
365 2339 425 2374 XII,
446 2347 516 2366 auno
536 2346 675 2374 MDCxCIII,
697 2340 807 2368 constit.
828 2341 941 2374 Aqrum
961 2340 1031 2367 uni-

291 2384 411 2412 versalis
430 2384 581 2419 Ecclesiae,
592 2388 656 2419 etc.,
674 2385 700 2412 in
716 2389 807 2413 nostro
825 2385 942 2412 Bullario
958 2393 1030 2412 num.

291 2434 356 2456 λιιι.
385 2428 537 2464 Sequentes
566 2436 629 2456 vero
661 2429 804 2457 Pontifices
833 2430 959 2457 Clemens
978 2429 1031 2463 XI,

291 2481 336 2501 an.
358 2479 451 2504 MDCOE,
470 2471 645 2499 Innocentius
665 2473 735 2508 xm,
752 2480 879 2510 unccxm,
896 2483 928 2501 ac
948 2474 1033 2501 Bene-

292 2517 379 2545 dictus
398 2516 467 2551 XIII,
488 2524 560 2544 anno
580 2523 724 2552 unccxx1v‚
745 2526 804 2546 eain
828 2519 957 2554 persequi
977 2519 1033 2547 suis

291 2560 533 2590 constitutionibus
552 2561 722 2590 mandarunt.

379 2617 459 2647 Buta.
477 2618 559 2651 Rom.
580 2633 612 2639 -
634 2618 695 2648 Vol.
715 2617 823 2649 XXIII.
969 2620 986 2645 6

1080 159 1120 182 x11
1146 159 1193 182 FP.
1736 149 1773 180 41

1077 206 1160 239 circa
1187 205 1395 249 pontificatus
1423 207 1472 239 sui
1506 206 1686 250 primordia
1713 211 1822 249 pasto—

1077 259 1177 291 ralem
1203 258 1281 291 cleri
1309 260 1450 299 romam,
1476 259 1690 302 omniumspie
1718 260 1821 291 almae

1078 311 1172 344 liuius
1199 311 1293 344 Urbis
1319 312 1540 352 eeclesiarum,
1563 312 1760 355 piorumque
1781 313 1820 344 Io-

1076 374 1190 397 corum
1217 369 1249 397 et
1274 375 1410 407 operum
1439 365 1658 398 visitationem
1678 365 1821 397 instituc-

1077 417 1130 458 rit,
1159 427 1295 460 eamque
1322 417 1460 460 ipsemet
1487 418 1517 450 in
1544 419 1819 461 patriarchaliluts

1076 470 1224 503 eiusdem
1249 469 1342 502 Urbis
1369 471 1515 503 ecclesiis
1546 471 1757 510 inchoaverit,
1785 484 1819 503 ae

1077 523 1138 556 sibi
1164 523 1196 556 in
1222 533 1259 557 eo
1287 533 1422 555 munere
1448 524 1612 557 adiutores
1644 526 1819 557 nonnullos

1078 587 1114 609 ex
1133 587 1222 610 sacro
1234 576 1472 609 venerabilium
1486 576 1619 609 fratrum
1631 583 1820 610 nostrorum

1078 635 1154 663 tunc
1178 640 1311 663 suorum
1329 629 1359 662 S.
1380 629 1416 661 R.
1440 629 1474 662 E.
1495 630 1706 662 cardinalium
1726 632 1821 663 colle-

1077 683 1130 726 gio
1146 682 1350 725 delegeritet
1364 682 1587 725 assumpserit,
1600 683 1711 726 eisque
1727 694 1821 725 quos-

1077 737 1151 770 dam
1173 736 1339 769 Romanae
1359 735 1477 768 Curiae
1504 736 1665 778 praelatos
1688 742 1717 768 et
1741 736 1820 768 alios

1077 789 1219 823 subinde
1234 789 1416 822 cardinales
1434 788 1627 828 adiunxerit,
1644 788 1697 831 qui
1714 788 1821 821 visita-

1077 843 1197 876 tionem
1223 842 1328 886 ipsam
1354 847 1554 885 peragerent
1580 847 1611 874 et
1635 841 1767 884 negotia
1786 841 1822 874 il-

1076 897 1140 929 lam
1165 894 1401 929 concernentia
1427 894 1631 938 expedirent,
1657 904 1692 927 ac
1719 904 1821 927 seere-

1078 949 1205 989 tarium,
1221 948 1373 989 iudicem,
1386 948 1632 987 cancellarium,
1647 957 1704 980 seu
1717 951 1822 980 actua-

1077 1002 1160 1035 rium
1176 1001 1448 1041 commissarium,
1462 1007 1493 1034 et
1509 1001 1661 1043 fiscalem,
1678 1001 1821 1044 aliosque

1077 1057 1186 1089 forsan
1213 1055 1369 1089 officiales
1398 1059 1429 1088 et
1454 1055 1621 1088 ministros
1646 1064 1757 1087 sacrae
1777 1054 1822 1086 vi-

1076 1109 1238 1141 sitationis
1260 1107 1447 1141 huiusmodi
1467 1107 1682 1152 deputaverit,
1702 1106 1821 1139 varias-

1077 1172 1138 1206 que
1165 1161 1288 1195 eisdem
1314 1161 1556 1201 cardinalibus,
1585 1171 1621 1193 ac
1648 1170 1760 1193 eorum
1790 1165 1821 1192 et

1077 1216 1239 1249 dictorum
1275 1216 1500 1259 praelatorum
1537 1213 1818 1257 Congregationi‚

1076 1280 1205 1303 necnon
1232 1268 1428 1302 officialibus
1454 1273 1485 1301 et
1510 1267 1669 1301 ministris
1687 1267 1820 1311 praedi-

1076 1323 1134 1356 ctis
1152 1323 1329 1363 facultates,
1347 1322 1622 1366 praeeminentias
1641 1326 1671 1354 et
1695 1321 1821 1354 indulta

1075 1376 1275 1410 concesserit
1294 1381 1324 1409 et
1342 1375 1527 1419 impartitus
1551 1375 1654 1415 fuerit,
1674 1379 1705 1407 et
1725 1374 1818 1414 alias,

1075 1435 1171 1474 prout
1197 1430 1228 1462 in
1248 1429 1385 1463 diversis
1402 1429 1506 1472 ipsius
1524 1427 1706 1461 Innocentii
1726 1438 1821 1471 prae-

1076 1483 1262 1517 decessoris
1302 1483 1422 1516 litteris
1459 1483 1603 1525 desuper
1644 1482 1676 1514 in
1719 1481 1820 1514 simili

1076 1538 1176 1570 forma
1202 1537 1311 1570 Brevis
1332 1536 1504 1580 expeditis,
1526 1546 1666 1579 quarum
1686 1540 1820 1568 tenores

1073 1590 1310 1634 praesentibus
1346 1599 1408 1633 pro
1432 1589 1530 1633 plene
1557 1593 1589 1622 et
1620 1588 1821 1621 sufficienter

1075 1644 1235 1688 expressis
1272 1654 1309 1677 ac
1342 1643 1382 1677 de
1407 1643 1507 1676 verbo
1541 1642 1580 1675 ad
1614 1642 1747 1675 verbum
1772 1641 1821 1673 in-

1074 1697 1170 1731 sertis
1197 1697 1313 1731 haberi
1339 1698 1500 1737 volumus,
1516 1696 1648 1729 uberius
1674 1695 1820 1729 contine-

1076 1756 1138 1792 tur;
1163 1756 1203 1788 et,
1223 1751 1309 1784 sicut
1334 1750 1533 1794 accepimus,
1553 1749 1724 1783 memorati
1751 1749 1821 1792 qui-

1075 1804 1149 1838 dem
1186 1804 1370 1838 cardinales
1406 1804 1611 1843 visitatores,
1646 1804 1709 1835 una
1744 1813 1820 1836 cum

1075 1858 1229 1902 praelatis
1255 1857 1513 1898 coadiutoribus‚
1540 1857 1636 1890 etiam
1662 1856 1737 1900 piae
1758 1867 1821 1890 me-

1075 1911 1199 1944 moriae
1225 1910 1402 1944 Clementis
1439 1910 1496 1951 xl,
1520 1909 1705 1943 innocentii
1733 1909 1819 1951 xlll,

1074 1974 1111 1997 ac
1147 1962 1314 1997 Benedicti
1355 1963 1452 1996 etiam
1492 1962 1557 1995 XIII
1598 1963 1819 1996 Romanorum

1075 2015 1270 2050 Pontificum
1295 2016 1589 2060 praedecessorum
1615 2015 1739 2059 pariter
1765 2026 1819 2049 no-

1075 2075 1215 2103 strorum
1247 2070 1354 2111 iussu,
1390 2069 1607 2102 visitati0nem
1632 2069 1821 2102 huiusmodi

1076 2129 1139 2158 tam
1166 2124 1198 2157 in
1224 2123 1349 2157 eisdem
1369 2123 1648 2167 patriarchalibus
1671 2134 1768 2167 quam
1788 2123 1821 2156 in

1075 2178 1145 2212 aliis
1172 2177 1354 2221 collegiatis
1390 2182 1422 2211 et
1447 2177 1514 2211 fere
1551 2177 1703 2211 omnibus
1727 2187 1822 2220 paro-

1075 2230 1238 2265 chialibus
1274 2230 1434 2272 ecclesiis,
1472 2241 1508 2264 ae
1541 2231 1574 2263 in
1610 2231 1719 2264 multis
1755 2241 1822 2264 mo-

1075 2284 1226 2318 nasteriis
1245 2284 1444 2327 regularium
1472 2289 1537 2317 tam
1564 2284 1706 2317 virorum
1724 2295 1821 2328 quam

1075 2338 1265 2379 mulierum,
1291 2348 1421 2371 necnon
1446 2338 1612 2381 collegiis,
1644 2338 1820 2381 hospitali-

1075 2393 1147 2434 bus,
1173 2391 1498 2426 confraternitatibus
1520 2397 1551 2425 et
1568 2391 1638 2424 aliis
1658 2392 1739 2424 locis
1758 2391 1820 2436 piis

1076 2447 1181 2479 dictae
1213 2445 1310 2478 Urbis
1345 2450 1460 2489 postea
1485 2445 1650 2488 prosecuti
1677 2444 1820 2486 suerint,

1076 2499 1342 2543 salutaribusque
1369 2498 1502 2533 monitis
1529 2503 1561 2532 et
1585 2499 1736 2540 decretis
1762 2499 1817 2532 ubi

1077 2564 1159 2598 opus
1177 2552 1289 2596 fuerit,
1306 2552 1530 2597 providerint;
1552 2551 1691 2588 visitatio
1711 2556 1817 2587 tamen

1828 158 1878 183 An.
1897 156 1925 183 C.
1952 157 2017 184 ¹730
