2182 3137
238 271 289 297 An.
305 271 333 297 C.
348 270 417 297 1734

269 2455 348 2476 Caum
364 2455 426 2475 eden·

247 2482 287 2502 dau
302 2483 363 2502 huius
377 2489 425 2503 cun⁴

247 2511 368 2529 nittultonts.

463 260 525 294 598

428 318 522 351 minis
540 318 685 351 instituta
706 318 765 350 fuit
789 327 849 361 pro
870 316 951 350 felici
971 322 1003 350 et
1021 326 1158 350 oecono-

427 371 509 404 mico
525 364 683 413 gubernio
702 370 966 403 communitatum
985 369 1090 403 Status
1104 369 1159 402 Ee-

428 424 613 464 clesiastiei‚
640 429 670 457 et
694 424 734 456 ad
756 424 818 456 boc
847 429 882 456 ut
913 423 1046 456 sublatis
1071 423 1158 456 debi-

429 483 532 509 torum
552 476 761 519 subterfugiis
780 476 963 520 expeditior
981 482 1063 509 esset
1088 486 1159 509 exa-

429 531 492 563 ctio
511 540 646 563 onerum
673 536 702 562 et
727 530 939 563 collectarum
956 529 1076 563 eisdem
1095 530 1160 562 uni-

428 583 632 616 versitatibus
654 583 928 616 incumbentium:
946 583 1060 616 exinde
1087 593 1161 615 cen-

429 636 493 669 suit
509 635 737 679 Congregatio,
756 647 867 669 causas
889 647 1000 668 omnes
1022 641 1084 668 tam
1102 646 1159 678 pro

429 690 681 733 adimplemento
721 690 828 723 Bullae
866 690 944 723 Boni
981 689 1159 732 [tegiminis

429 747 640 786 nuncupatae,
669 754 762 786 quam
781 743 912 776 alterius
930 742 1160 776 declaratoriae

430 796 605 840 impressae
630 803 704 839 post
723 796 983 829 constitutionem
1003 796 1161 829 decimam

429 848 600 882 Clementis
619 849 698 889 VIII,
716 850 781 882 sive
808 850 871 882 sint
891 849 1000 882 civiles
1017 849 1082 881 sive
1102 848 1162 880 cri-

430 902 591 943 minales,
618 909 671 935 aut
696 902 833 942 mixtae,
859 903 944 935 iuxta
970 902 1064 935 aliam
1089 905 1184 934 con-3

429 955 626 988 stitutionem
644 956 784 998 (xxx-vul)
801 955 887 988 Pauli
902 955 923 986 V
938 960 1049 988 contra
1067 965 1163 998 quos-

430 1018 564 1052 cumque
601 1009 785 1041 earumdem
823 1008 1069 1041 universitatum
1097 1008 1164 1041 offi-

430 1061 538 1101 ciales,
556 1061 841 1101 administratoreS,
861 1062 1090 1105 appaltatores,
1112 1068 1165 1094 aut

430 1115 558 1157 quosvis
583 1115 663 1147 alios
689 1115 865 1154 debitores,
893 1125 929 1147 ex
948 1117 1041 1148 causa
1060 1120 1165 1147 tamen

430 1179 562 1201 onerum
588 1169 793 1202 cameraliuin
829 1174 860 1202 et
885 1168 1166 1202 communitativo-

430 1233 499 1254 rum
533 1223 735 1266 aliorumque
767 1222 950 1255 reddituum
983 1222 1015 1254 in
1049 1222 1166 1255 tabella

430 1275 695 1318 Congregationis
720 1275 965 1318 descriptorum,
988 1275 1052 1308 sive
1070 1277 1165 1308 etIam

430 1329 554 1362 ratione
579 1329 728 1372 publicae
754 1339 919 1369 annonae,
945 1339 1071 1363 necnon
1109 1340 1165 1372 ap-

430 1383 633 1426 pellationes,
653 1383 913 1423 reclamationes,
936 1389 989 1416 aut
1017 1394 1164 1417 recursus

430 1446 526 1480 super
551 1436 738 1479 praemissis
771 1437 921 1470 omnibus
955 1437 1167 1480 interponen-

431 1490 498 1529 dos,
524 1495 669 1533 spectare
695 1489 734 1522 ad
761 1490 908 1523 eamdem
934 1490 1166 1534 Congregatio-

430 1553 504 1576 nem
530 1543 684 1586 privative
710 1544 814 1586 quoad
841 1554 952 1577 omnes
982 1544 1060 1577 alias
1087 1543 1167 1578 Con-

431 1597 646 1640 gregatioms,
664 1597 786 1630 iudices
804 1602 835 1630 et
849 1597 1165 1637 tribunalia,etiamsi
1186 1615 1188 1624 ›

431 1655 543 1692 agatur
562 1649 599 1682 de
619 1650 767 1692 personis
786 1655 818 1683 et
833 1650 913 1683 locis
939 1650 1166 1684 ecclesiasticis

432 1703 633 1747 quantumvis
653 1704 808 1747 exemptis
835 1709 863 1737 et
889 1704 1097 1748 privilegiatis
1130 1715 1166 1737 ac

432 1757 563 1801 speciali
589 1760 665 1790 nota
690 1758 796 1800 dignis
812 1785 819 1797 ,
851 1758 933 1791 itaut
957 1759 995 1791 ad
1022 1758 1166 1791 eamdem

432 1811 720 1854 Congregationem
748 1811 825 1844 Boni
853 1811 1031 1854 Regiminis
1059 1812 1164 1855 perti-

432 1869 508 1896 neat
531 1863 685 1907 privativa
710 1864 765 1905 (ut
788 1864 905 1907 supra)
935 1864 1098 1907 cognitio,
1127 1875 1167 1897 an

432 1916 602 1961 privilegia
637 1922 668 1950 et
699 1917 922 1960 exemptiones
954 1916 1188 1960 suffragentur*

433 1975 545 2004 contra
583 1971 683 2003 dictas
720 1971 966 2004 communitates
991 1981 1188 2015 earumque*

433 2023 713 2056 administratores
738 2029 769 2056 et
798 2025 1042 2067 appaltatores,
1069 2035 1108 2057 an
1134 2035 1167 2057 o-

433 2085 511 2109 nera
535 2076 599 2109 sint
623 2077 807 2117 cameralia,
834 2077 1093 2110 communitativa
1119 2078 1167 2110 vel

433 2130 532 2163 mixta
556 2130 643 2163 iuxta
667 2130 864 2173 praedictam
891 2131 1013 2164 Bullam
1032 2131 1168 2164 declara-

434 2183 548 2216 toriam
567 2189 696 2216 sanctae
712 2183 887 2217 memoriae
903 2183 1074 2218 Clementis
1090 2184 1168 2224 VIII,

436 2242 467 2270 et
491 2236 578 2270 iuxta
593 2237 654 2270 alia
670 2236 799 2270 decreta
816 2237 1082 2280 Congregationis
1099 2248 1170 2280 par-

437 2289 580 2322 ticularis
599 2290 684 2323 edita
705 2290 755 2323 die
772 2300 804 2324 iv
826 2291 1010 2324 decembris
1027 2300 1170 2325 MDCLxxx

437 2348 468 2376 et
491 2354 530 2376 xv
554 2343 691 2376 ianuarii
728 2354 885 2377 unchxxt
910 2355 926 2376 a
950 2352 1078 2379 sanctae
1103 2356 1170 2378 me-

436 2397 556 2430 moriae
581 2397 768 2430 Innocentio
795 2398 833 2430 XI
858 2399 1034 2441 approbata
1060 2410 1088 2432 n:

479 2450 493 2493 ἓ
519 2450 550 2483 6.
578 2450 666 2483 Licet
689 2461 785 2491 vero,
811 2456 883 2494 post
918 2451 1076 2484 dictorum
1103 2452 1171 2486 Cle·

436 2503 552 2536 mentis
577 2509 608 2537 et
632 2504 721 2536 Pauli
748 2504 935 2537 huiusmodi
953 2504 1075 2538 litteras
1096 2516 1170 2549 apo-

438 2557 588 2597 stolicas,
624 2567 659 2590 ac
684 2557 852 2601 utriusque
878 2557 1055 2591 Innocentii
1081 2569 1172 2602 prae-

439 2610 646 2644 decessorum
680 2609 843 2643 cautiones
881 2611 913 2643 in
949 2611 1085 2644 decretis
1119 2622 1172 2645 cx-

440 2674 578 2706 pmssas,
604 2664 805 2698 indemnitati
831 2665 1095 2700 communitatum
1116 2676 1170 2700 seu

1003 267 1187 293 BULLARIUM
1209 266 1363 292 ROMANUM

1940 263 1994 291 An.
2011 263 2040 289 C.
2057 263 2125 292 1734

1199 316 1445 349 universitatum
1471 316 1574 349 nostri
1599 315 1704 349 Status
1720 314 1933 348 Ecclesiastici

1200 370 1356 412 praedicti
1381 369 1456 402 satis
1485 369 1667 402 consultum
1704 368 1771 401 fore
1808 368 1933 411 sperari

1201 428 1323 464 posse13
1342 422 1566 462 nibilominus,
1579 427 1613 454 ut
1629 422 1723 454 etiam
1737 421 1933 464 accepimus,

1202 475 1325 508 illarum
1348 475 1511 508 debitores
1530 475 1568 508 ad
1586 485 1748 518 praesens,
1766 473 1823 507 sub
1841 473 1934 506 variis

1202 535 1444 572 praetensarum
1477 529 1716 572 exemptionum
1750 528 1934 561 assertioni-

1202 582 1273 621 bus,
1299 594 1315 615 ει
1340 582 1563 615 iurisdictione
1589 582 1770 625 praedictae
1795 581 1935 624 Congre-

1203 636 1340 677 gationis
1366 636 1443 668 Boni
1467 635 1652 677 Regiminis,
1672 646 1735 668 non
1757 635 1827 667 sine
1845 635 1936 677 gravi

1203 689 1469 721 communitatum
1488 699 1543 721 seu
1563 688 1808 721 universitatum
1827 688 1936 721 huius-

1204 741 1288 774 modi
1325 742 1531 785 pluriumque
1569 752 1604 774 ex
1643 741 1768 783 nostris
1799 741 1935 774 subditis

1203 795 1425 837 praeiud5cio,
1451 795 1632 833 declinare,
1660 800 1691 827 ct
1725 795 1819 827 variis
1841 794 1936 836 tergi-

1205 848 1439 881 versationibus
1475 859 1511 881 ac
1546 848 1753 891 subterfugiis
1787 848 1826 881 ad
1858 848 1935 881 alias

1205 899 1297 933 Urbis
1324 907 1451 934 nostrae
1487 902 1759 944 Congregationes
1783 907 1814 934 et
1838 901 1938 934 tribu-

1206 954 1291 986 nalia
1328 955 1501 997 confugere
1538 955 1644 988 adbuc
1684 966 1747 989 non
1784 959 1935 988 cessent:

1206 1014 1439 1051 proptereaque
1457 1019 1523 1048 nos,
1539 1009 1782 1042 communitates
1799 1019 1853 1041 seu
1871 1008 1938 1040 uni-

1206 1062 1380 1102 versitates,
1394 1062 1628 1105 universosque
1647 1062 1791 1095 subditos
1809 1067 1937 1095 nostros

1208 1114 1403 1155 huiusmodi,
1429 1126 1444 1147 a
1470 1116 1663 1149 detrimento
1689 1126 1724 1148 ex
1750 1116 1936 1159 praemissis

1208 1168 1393 1210 insurgente
1411 1168 1563 1208 eximere,
1580 1179 1616 1201 ac
1634 1168 1765 1211 publico
1781 1168 1867 1201 bono
1885 1179 1938 1202 ea-

1209 1222 1420 1264 rumdemque
1445 1223 1706 1255 communitatum
1732 1233 1788 1255 seu
1812 1222 1939 1256 univer-

1208 1274 1346 1313 sitatum,
1373 1275 1455 1308 felici
1482 1280 1513 1307 et
1537 1275 1762 1308 oeconomicae
1785 1276 1940 1318 guberna-

1208 1328 1300 1367 tioni,
1318 1335 1353 1361 ut
1378 1340 1436 1372 par
1454 1335 1514 1367 est,
1535 1330 1733 1372 prospicere,
1753 1340 1788 1362 ac
1813 1330 1940 1363 iurisdi-

1209 1383 1346 1415 ctionem
1373 1384 1557 1425 praedictae
1579 1383 1843 1426 Congregationis
1860 1383 1938 1416 Boni

1209 1435 1384 1477 Regimiuis
1406 1436 1547 1468 illaesam
1575 1436 1752 1470 subsistere
1778 1437 1939 1469 volentes:

1251 1489 1266 1531 ἕ
1291 1488 1321 1521 7.
1342 1488 1424 1521 Motu
1450 1488 1594 1532 proprio,
1617 1495 1648 1522 et
1672 1500 1708 1522 ex
1735 1492 1822 1523 certa
1839 1490 1941 1522 scien·
1985 1499 2029 1523 Qua
2044 1502 2132 1528 praeae-

1225 1542 1248 1551 .,
1474 1544 1481 1551 ,
1582 1542 1587 1547 .
1687 1543 1693 1548 .
1895 1542 1901 1548 .
1950 1530 2058 1549 cessurum
2081 1529 2133 1549 Pon-

1210 1546 1251 1574 tia
1287 1553 1323 1574 ac
1362 1547 1485 1574 matura
1525 1542 1759 1576 deliberatione
1800 1548 2029 1584 nostr1s‚uneum
2054 1557 2134 1576 mim-

1209 1594 1313 1638 dcquc
1329 1594 1524 1638 apostolicae
1542 1596 1711 1638 potestatis
1729 1596 1941 1640 plenitudine,
1952 1584 2041 1630 31'331'2.
2060 1582 2133 1602 ⁶⁰⁰⁰*
2156 1587 2157 1590 Ἴ

1209 1647 1380 1681 Clementis
1414 1653 1445 1681 et
1470 1648 1558 1681 Pauli
1591 1649 1716 1682 litteras
1749 1649 1941 1693 apostolicas

1208 1702 1407 1745 praedictas,
1434 1708 1494 1734 tam
1527 1703 1586 1735 sub
1611 1702 1765 1745 plumbo,
1791 1713 1886 1746 quam
1912 1704 1942 1736 in

1210 1757 1310 1788 forma
1334 1755 1450 1795 Brevis,
1476 1761 1510 1787 ut
1534 1756 1739 1798 praefertur,
1765 1757 1941 1799 expeditaS,

1208 1819 1335 1842 necnon
1361 1809 1492 1842 decreta
1516 1819 1575 1852 per
1592 1814 1765 1852 utrumque
1791 1810 1944 1844 Innocen-

1210 1862 1287 1894 tium
1313 1863 1592 1905 praedecessores,
1612 1868 1645 1894 ut
1670 1863 1861 1906 praefertur,
1888 1874 1943 1907 ap-

1209 1916 1355 1959 probata,
1384 1926 1418 1948 ac
1443 1915 1620 1959 respective
1642 1915 1750 1949 omnia
1768 1921 1799 1949 et
1817 1918 1945 1960 singula

1210 1969 1240 2001 in
1267 1968 1311 2001 eis
1337 1974 1489 2002 contenta
1515 1975 1546 2002 et
1572 1980 1725 2013 expressa
1742 1997 1749 2010 ,
1784 1970 1864 2003 itaut
1888 1970 1945 2004 illa

1211 2022 1362 2066 deinceps
1387 2023 1537 2056 adversus
1561 2034 1801 2068 quemcumque
1818 2025 1944 2067 lapsum

1211 2076 1364 2120 temporis
1390 2077 1477 2110 firma
1501 2082 1531 2110 et
1546 2077 1738 2111 inconcussa
1756 2078 1944 2119 consistant,

1211 2130 1447 2173 maximumque
1473 2131 1597 2174 pondus
1618 2131 1702 2175 apud
1724 2142 1945 2176 quoscumque

1212 2183 1373 2223 habeant,
1408 2183 1491 2216 dicta
1527 2185 1705 2228 apostolica
1741 2185 1943 2226 auctoritate,

1212 2243 1322 2270 tenore
1347 2237 1577 2280 praesentium,
1596 2244 1756 2281 perpetuo
1776 2239 1946 2272 confirma-

1212 2302 1281 2324 mus
1301 2297 1332 2324 et
1349 2292 1583 2335 approbamus,
1601 2292 1729 2335 illisque
1746 2292 1945 2336 apostolicae

1213 2345 1371 2378 firmitatis
1395 2346 1493 2378 robur
1518 2345 1697 2386 adimimus,
1718 2356 1894 2390 omnesque
1915 2351 1948 2379 et

1213 2398 1358 2441 singulos
1396 2404 1459 2431 tam
1485 2398 1561 2431 iuris
1597 2410 1692 2442 quam
1728 2399 1800 2433 facti
1834 2405 1866 2433 et
1896 2410 1948 2433 so-

1213 2451 1413 2485 lemnitatum
1440 2461 1475 2484 ac
1499 2462 1720 2495 quoscumque
1743 2453 1824 2486 alios
1849 2463 1948 2496 quan-

1213 2505 1328 2538 tumvis
1353 2505 1582 2538 substantiales
1609 2505 1760 2546 defectus,
1779 2505 1805 2538 si
1823 2504 1876 2549 qui
1897 2506 1948 2539 de-

1214 2569 1312 2602 super
1326 2559 1434 2591 forsan
1452 2558 1696 2601 quomodolibet
1713 2558 1948 2592 intervenerint

1214 2612 1246 2645 in
1271 2611 1410 2652 eisdem,
1436 2612 1636 2655 supplemus.
1841 2622 1844 2623 ⁷

1258 2666 1274 2710 ξ
1297 2664 1327 2700 8.
1355 2664 1392 2699 Et
1415 2666 1455 2700 ad
1475 2665 1663 2700 validiorem
1692 2666 1947 2710 praemissorum
1968 2667 2133 2696 Conzressfltiffl·
2176 2684 2177 2691 κ
