2182 3137
183 161 236 187 An.
256 159 374 187 c.173o
419 150 484 184 180

376 211 423 238 tus
439 208 541 246 gratis,
566 217 623 237 non
645 211 739 236 tamen
759 206 869 246 absque
885 207 1034 244 examine,
1053 216 1122 236 con-

376 255 498 284 feratur.

416 303 538 332 Praetor
570 301 743 339 Cervariae,
773 305 823 331 aut
845 302 1024 341 quicumque
1046 301 1121 331 alius

376 351 576 389 magistratus,
601 349 756 379 nocturnis
779 350 883 389 horis,
909 350 1016 389 quibus
1038 350 1067 380 in
1091 360 1121 380 a-

376 400 508 430 cademi&
531 409 582 438 pro
605 398 731 428 licentiis
754 408 878 429 examen
902 398 1004 429 haberi
1027 399 1118 438 solet,

376 448 529 478 doctorum
546 458 596 478 seu
616 448 821 486 magistrorum
845 448 980 485 famulos,
1001 448 1119 478 venien-

375 501 419 527 tes
431 497 624 533 etabeunteS‚
638 506 692 526 nec
709 497 848 535 impediat
870 506 924 527 nec
946 502 1118 527 remoretur.

416 546 489 576 Dum
513 546 541 575 in
566 546 714 575 academia
738 546 908 575 doctoratus
935 550 963 575 et
985 546 1121 583 magiste-

377 595 420 625 ria
452 595 624 625 solemniter
656 595 871 632 conferuntur,
901 595 1037 624 doctores
1069 604 1121 623 seu

377 644 522 681 magistri,
546 653 616 673 suae
640 644 764 682 quisque
788 644 933 673 facultatis
955 643 1121 682 insignibus

377 697 550 730 exornatus,
566 692 632 721 huic
646 692 807 722 celebritati
822 693 971 730 intersint,
986 692 1120 731 adquam

377 742 413 772 ab
436 741 558 772 aedibus
580 742 788 771 cancellarium
812 742 969 778 deducent,
997 750 1083 780 quem
1106 750 1121 769 a

377 791 507 821 sinistris
529 790 717 820 comitabitur
739 791 912 820 candidatus
927 790 989 819 sola
1001 794 1122 819 ornatus

378 839 515 879 epomide
538 849 589 869 seu
608 839 740 875 almutio,
757 849 770 867 a
788 838 899 868 dextris
914 843 1010 867 autem
1027 842 1122 876 patro-

378 898 456 918 nus:
488 897 666 927 rursumque
689 897 809 923 onmes,
833 887 990 916 collatione
1013 887 1122 924 gradus

379 938 512 976 peracta,
536 935 572 965 ab
596 936 744 965 academia
768 935 802 964 ad
819 935 935 964 easdem
952 935 1121 964 cancellarii

378 985 465 1015 aedes
487 986 541 1014 rite
564 989 592 1014 et
615 985 649 1013 de
673 993 753 1013 more
771 984 1008 1023 progredientur,
1026 983 1064 1012 ita
1082 987 1123 1013 ta-

379 1043 458 1071 men,
476 1038 507 1063 ut
523 1038 663 1072 patronus
681 1037 709 1062 et
725 1042 829 1062 recens
846 1032 948 1062 laurea
962 1032 1122 1070 insignitus

378 1082 488 1119 locum,
513 1082 716 1120 unusquisque
740 1081 858 1120 proprio
876 1081 979 1118 gradui
995 1081 1122 1111 destina-

379 1136 453 1167 tum,
477 1130 618 1160 obtineat.

185 565 336 586 caeremoniae
346 566 365 585 in

185 592 236 615 grad
242 592 287 611 ibus
315 598 366 611 con-

183 618 274 638 ferendis
294 618 366 639 obser-

183 645 273 665 vauriae.

639 1184 642 1194 i

434 1206 496 1235 Tt's.
520 1206 617 1236 XXVI.
641 1223 679 1227 —-
702 1206 741 1235 De
763 1206 889 1235 crumino
910 1206 944 1234 ad
964 1206 1066 1243 [lintius

622 1256 878 1294 promovendorum.

186 1334 214 1353 Ad
231 1332 308 1359 gradus
320 1338 368 1358 pro-

186 1359 283 1380 movendi
293 1365 314 1379 se
322 1365 367 1379 cur-

186 1392 221 1406 sus
237 1387 276 1406 rite
295 1385 367 1405 eonfe-

184 1413 239 1433 cisse
276 1413 367 1438 probare

185 1441 304 1460 teneantur.

418 1326 488 1355 Cum
513 1335 564 1365 par
585 1335 770 1364 aequumque
793 1325 850 1361 sit,
875 1328 905 1354 ut
927 1325 976 1364 qui
1000 1324 1035 1354 ad
1059 1334 1124 1354 aca-

378 1374 506 1404 demicos
538 1374 646 1412 gradus
669 1374 842 1412 adspirant,
872 1373 1022 1411 ingenium
1047 1373 1123 1412 pari-

379 1428 423 1453 ter
445 1424 524 1453 omni
547 1423 668 1452 solertia
690 1423 827 1452 excolere
860 1427 888 1451 et
916 1423 1050 1451 doctrina
1073 1432 1123 1452 cu-

378 1473 492 1502 mulare
515 1476 666 1509 satagant,
691 1472 755 1500 iure
778 1471 888 1510 optimo
911 1471 1065 1508 statuitur,
1092 1475 1122 1500 ut
1143 1479 1144 1484 ¹

377 1522 528 1551 scholares
551 1530 674 1557 omnes,
699 1521 747 1558 qui
772 1530 823 1559 pro
847 1520 949 1558 quovis
972 1520 1063 1557 gradu
1086 1519 1121 1548 ad

377 1579 501 1600 examen
525 1570 649 1599 vocandi
672 1569 792 1604 fuerint,
817 1569 955 1606 legitimis
971 1573 1054 1597 antea
1072 1568 1123 1597 do-

376 1618 522 1648 cumentis
545 1617 719 1647 scholastico
742 1617 897 1646 ostendant
926 1621 954 1645 et
988 1616 1121 1655 probent,

377 1676 407 1697 se
430 1676 535 1696 cursus
558 1676 594 1695 ex
620 1666 802 1705 praescripto
824 1665 992 1694 academico
1015 1665 1123 1694 consti-

376 1719 467 1753 tutos,
492 1715 536 1744 vel
559 1716 588 1744 in
613 1715 666 1743 hac
689 1714 752 1753 ipsa
776 1714 968 1743 universitate
991 1713 1035 1743 vel
1051 1714 1120 1749 alisi,

376 1765 433 1794 rite
465 1764 630 1794 confecisse
645 1787 652 1800 ,
677 1767 764 1801 atque
788 1763 826 1792 ita
851 1767 881 1791 nt
904 1767 1020 1801 tempus
1040 1772 1121 1801 prae·
1142 1796 1144 1803 ‚

376 1813 512 1843 stitutum
544 1818 573 1842 et
596 1812 724 1849 legitime
760 1815 961 1849 computatum
996 1810 1144 1848 singulis,

377 1861 517 1899 gradibus
541 1860 736 1900 respondeat,
763 1859 915 1889 videlicet:
941 1869 992 1898 pro
1015 1859 1121 1888 artium

379 1910 617 1940 baccalaureatus
640 1914 698 1939 tres
721 1909 851 1938 eiusdem
875 1905 1021 1937 facultatis
1050 1908 1123 1937 inte·
1143 1919 1144 1922 ¹

376 1968 444 1997 gros
477 1967 580 1987 cursus
609 1957 769 1986 confecisse
802 1961 934 1995 oportet;
967 1961 1062 1985 tamen
1093 1961 1145 1994 utj

378 2007 493 2036 nullum
518 2007 657 2045 praefatis
679 2005 816 2035 cursibus
840 2006 882 2034 vel
900 2006 1061 2035 medicinae
1079 2006 1122 2034 vel
1143 2022 1145 2051 ξ

380 2055 544 2092 theologiae
561 2054 647 2084 simul
672 2053 842 2092 impendere
866 2054 968 2083 liceat:
990 2063 1042 2092 pro
1065 2063 1124 2082 me-
1143 2053 1145 2078 ἶ

379 2104 490 2141 (licina,
507 2108 571 2142 post
588 2103 724 2142 adeptum
739 2102 845 2131 artium
856 2102 1122 2140 baccalaureatum,

381 2152 631 2190 quadriennium:
664 2161 716 2190 pro
739 2156 864 2189 utroque
897 2151 981 2188 iure,
1010 2156 1124 2189 praeter

381 2200 545 2229 confectum
569 2200 738 2229 dialecticae
754 2199 947 2237 curriculum,
966 2199 1122 2238 quadrien-

380 2249 460 2278 nium
495 2249 604 2288 pariter
637 2249 716 2277 iuxta
749 2248 916 2277 sanctiones
939 2248 1120 2277 academiae:

380 2307 432 2336 pro
456 2298 600 2335 theologia
625 2297 852 2336 quadriennium
875 2299 963 2326 etiam
985 2297 1124 2326 absolvis-

381 2356 423 2384 se,
440 2356 472 2375 ac
489 2347 610 2385 insuper
625 2346 815 2385 acquisivisse
833 2346 862 2375 in
886 2345 999 2375 artibus
1022 2346 1124 2375 bacca-

381 2396 556 2433 laureatum,
586 2395 629 2424 vel
653 2395 755 2424 saltem
773 2395 922 2433 peregisse
938 2394 973 2424 ad
989 2395 1123 2425 eumdem

384 2444 575 2474 obtinendum
598 2444 743 2481 legitimos
766 2453 881 2473 cursus.

424 2493 477 2528 Qui
499 2493 752 2523 baccalaureatum
774 2493 804 2522 in
827 2502 1011 2533 quacumque
1034 2494 1126 2523 facul-

385 2546 443 2572 tate
465 2542 599 2572 obtinere
621 2542 700 2576 velit,
725 2542 952 2581 praelectionem
985 2552 1023 2573 ex
1056 2547 1126 2573 tem-

204 2504 295 2525 Examen
317 2502 373 2529 quod

191 2536 238 2552 esse
253 2530 340 2551 debeat.

961 159 1142 183 BULLARIUM
1167 159 1320 183 ROMANUM

1165 216 1233 245 pore
1254 207 1284 236 in
1307 207 1470 237 semihorae
1492 207 1620 246 spatium
1654 207 1761 237 habere
1787 207 1903 238 debeat.

1163 255 1350 286 Postmodum
1368 265 1435 286 vero
1451 260 1511 286 tres
1527 256 1676 294 doctoreS,
1693 265 1745 286 seu
1760 256 1904 295 magistri,

1163 305 1206 334 vel
1231 309 1403 344 perpetuam
1428 305 1473 334 vel
1497 305 1689 344 temporalem
1711 305 1843 335 eiusdem
1864 305 1905 335 fa-

1163 353 1280 383 cultatis
1303 354 1472 383 cathedram
1495 353 1675 391 obtinentes,
1700 353 1807 393 quibus
1825 354 1906 384 dum-

1163 406 1244 432 taxat
1275 403 1305 432 in
1339 402 1418 432 omni
1451 402 1543 440 gradu
1575 402 1621 432 ius
1644 402 1831 432 examinandi
1855 402 1907 432 tri·

1912 163 1960 185 An.
1984 160 2013 187 C.
2033 160 2102 189 1730

1163 451 1276 488 buitur,
1301 451 1431 480 eiusdem
1457 451 1486 480 in
1509 451 1560 480 illa
1582 456 1674 481 artem
1699 451 1834 490 peritiam
1858 460 1906 481 va·
1930 490 1934 494 η

1163 500 1214 529 riis
1239 499 1307 528 hinc
1325 499 1393 528 inde
1415 499 1555 538 quaesitis
1577 499 1613 529 ad
1637 500 1738 529 horam
1762 500 1906 538 integram

1164 549 1367 587 experimento
1389 548 1530 577 severiori
1553 553 1723 578 scrutentur
1755 553 1783 578 et
1806 549 1909 588 explo-

1163 601 1240 626 rent.

1204 644 1263 674 lloc
1285 649 1382 674 autem
1406 649 1532 683 tempuS,
1557 649 1589 674 ut
1611 645 1697 674 etiam
1724 645 1754 674 in
1771 645 1907 675 licentiae

1163 693 1315 731 gradihus,
1339 693 1467 732 necipse
1495 693 1690 722 cancellarius
1711 693 1884 723 contrahere
1898 716 1906 730 ,

1165 742 1262 781 potius
1285 751 1353 771 vero
1377 746 1408 771 ut
1429 742 1463 771 ad
1487 742 1693 780 sesquihoram
1720 742 1906 781 porrigatur,

1164 791 1303 820 mandare
1326 790 1427 830 possit.
1451 790 1641 826 Candidatus,
1666 790 1782 820 tametsi
1805 790 1908 830 quavis

1164 839 1308 877 dignitate
1327 839 1466 875 excellat,
1487 839 1530 868 vel
1547 839 1585 868 sit
1601 839 1680 868 filius
1698 839 1844 876 magnatis
1859 838 1908 868 Hi-

1165 888 1298 927 spaniae,
1311 888 1567 925 stans,etdetecto
1584 887 1679 926 capite
1695 887 1731 916 ab
1747 887 1907 926 antiquiori

1164 936 1282 966 doctore
1312 935 1567 966 baccalaureatum
1599 940 1699 975 petat,
1724 945 1778 965 nec
1810 935 1906 975 ipsum

1165 990 1233 1015 tunc
1256 985 1358 1014 hidelli
1381 985 1568 1014 comitentur.

1204 1034 1402 1063 Cancellarius
1437 1037 1500 1071 post
1532 1034 1637 1062 festum
1669 1033 1698 1063 S.
1723 1033 1816 1062 Lucae
1850 1037 1908 1063 tres

1165 1081 1347 1120 antiquiores
1363 1090 1401 1110 ex
1417 1082 1593 1120 unaquaque
1608 1081 1745 1110 facultate
1761 1081 1906 1118 doctores,

1165 1134 1194 1160 et
1227 1130 1352 1168 singulis
1385 1130 1523 1168 deinceps
1557 1129 1641 1159 annis
1673 1129 1776 1159 eodem
1806 1129 1908 1159 ordine

1165 1179 1295 1218 reliquos
1331 1178 1502 1215 destinabit,
1526 1179 1576 1217 qui
1598 1179 1628 1207 in
1651 1187 1718 1207 eum
1741 1187 1849 1207 annum
1872 1177 1907 1207 ad

1166 1226 1420 1256 baccalaureatnm
1461 1226 1672 1264 promovendos
1709 1226 1763 1255 rite
1799 1225 1909 1255 exami-

1166 1281 1247 1305 nent.
1274 1275 1313 1304 ni
1339 1284 1408 1304 vero
1431 1280 1576 1311 caveant,
1602 1284 1637 1304 ne
1660 1275 1819 1304 collusorie
1841 1283 1907 1304 cum

1165 1324 1329 1354 candidatis
1362 1328 1470 1361 agant,
1499 1333 1607 1362 eosque
1640 1324 1675 1353 de
1709 1323 1907 1363 proponendis

1166 1374 1309 1403 examinis
1332 1374 1449 1412 punctis
1471 1378 1499 1402 et
1521 1377 1765 1410 argumentorum
1789 1373 1909 1402 solutio-

1166 1423 1254 1452 nibus
1277 1432 1310 1452 ex
1334 1422 1495 1460 composito
1519 1426 1749 1461 praemoneant,
1780 1426 1830 1451 aut
1851 1422 1910 1451 suf-

1166 1471 1292 1509 fragium
1315 1480 1400 1500 suum
1423 1471 1458 1500 de
1491 1471 1664 1500 eorumdem
1698 1470 1909 1510 approbatione

1165 1518 1224 1547 illis
1248 1518 1432 1556 patefaciant.
1467 1517 1594 1547 Proinde
1616 1517 1712 1547 iurato
1735 1518 1908 1556 spondeant,

1166 1566 1331 1595 iniunctum
1354 1565 1409 1594 sibi
1433 1575 1551 1603 munus,
1576 1576 1632 1604 qna
1656 1575 1708 1605 par
1726 1570 1770 1595 est
1786 1565 1910 1603 diligen-

1166 1613 1216 1649 tia,
1231 1613 1266 1642 ad
1278 1613 1444 1642 academiae
1462 1613 1687 1652 praescriptum,
1703 1617 1759 1642 tam
1777 1621 1829 1652 pro
1845 1612 1910 1642 bac-

1165 1663 1333 1691 calaureatu
1367 1671 1453 1700 quam
1488 1672 1540 1700 pro
1573 1661 1708 1691 licentiae
1734 1661 1825 1699 gradu
1848 1661 1910 1691 obi-

1166 1716 1246 1741 turos
1261 1735 1268 1749 ,
1306 1720 1395 1749 seque
1429 1711 1597 1740 nullatcnus
1633 1710 1841 1739 commissuros
1879 1715 1911 1739 ut

1166 1760 1308 1789 examinis
1331 1760 1472 1789 severitas
1508 1759 1712 1788 labefactetur.
1738 1758 1910 1788 Huiusmodi

1165 1809 1298 1838 examina
1332 1808 1510 1837 secretarius
1543 1807 1572 1837 in
1596 1811 1659 1836 acta
1682 1808 1788 1837 referet
1810 1807 1909 1837 codice

1166 1858 1199 1887 ad
1224 1858 1251 1886 id
1277 1861 1392 1896 parato,
1415 1857 1492 1896 quod
1514 1857 1537 1886 si
1561 1860 1712 1896 praestare
1735 1856 1907 1894 neglexerit,

1165 1907 1266 1936 decem
1290 1907 1392 1936 ducata
1414 1906 1442 1935 in
1467 1906 1620 1945 hospitalis
1636 1905 1843 1944 compendium
1859 1906 1908 1935 de-

1167 1956 1285 1995 pendet.

1206 2004 1349 2042 Suffragia
1380 2003 1599 2043 approbationis
1632 2007 1659 2032 et
1693 2003 1910 2042 reprobationis

1168 2062 1218 2091 per
1252 2052 1409 2082 tesserulas
1441 2061 1492 2081 seu
1515 2051 1650 2090 globulos
1673 2051 1813 2081 litterulis
1835 2052 1857 2081 A
1881 2056 1909 2081 et

1167 2103 1190 2132 tt
1213 2102 1343 2140 signatos
1367 2102 1395 2131 in
1419 2110 1523 2131 urnam
1546 2101 1655 2130 cautim
1679 2100 1714 2130 ab
1730 2101 1909 2130 examinato-

1167 2151 1249 2181 ribus
1271 2151 1478 2188 coniicientur,
1502 2153 1616 2180 servato
1638 2150 1722 2182 inter¹
1734 2159 1765 2178 se
1781 2149 1908 2188 antiqui-

1167 2200 1235 2229 tatis
1267 2199 1381 2229 ordine.
1417 2199 1562 2228 Patronus
1595 2202 1692 2227 autem
1726 2198 1755 2227 in
1782 2197 1909 2227 licentiis

1168 2248 1294 2287 primum
1317 2249 1346 2277 iu
1370 2247 1497 2277 ferendis
1520 2246 1668 2284 suffragiis
1684 2246 1780 2276 locum
1796 2246 1910 2276 obtine-

1167 2297 1221 2334 bit,
1255 2305 1331 2335 quae
1363 2296 1540 2325 secretarius
1563 2295 1700 2334 excipiat⁷
1723 2299 1752 2324 et
1773 2304 1839 2324 mox
1864 2304 1911 2334 pa-

1167 2347 1223 2376 lam
1248 2346 1386 2385 proferet,
1410 2349 1442 2374 ut
1464 2345 1601 2375 omnibus
1623 2345 1819 2374 innotescant.
1854 2344 1910 2374 Pu-

1167 2396 1274 2426 blicato
1296 2395 1386 2425 semel
1415 2394 1558 2424 scrutinio
1572 2418 1579 2432 ‚
1603 2395 1646 2424 sas
1667 2404 1726 2424 non
1748 2393 1786 2423 sit
1807 2393 1911 2424 suffra-

1168 2445 1214 2482 gia
1251 2453 1369 2474 rursum
1405 2443 1559 2482 accipere3
1597 2452 1692 2481 neque
1730 2442 1818 2472 etiam
1855 2442 1909 2472 sub

1168 2493 1310 2531 obtentu,
1343 2492 1419 2532 quod
1451 2492 1558 2532 aliquis
1591 2491 1792 2531 imprudenter
1820 2491 1864 2520 vel
1887 2491 1910 2520 Α

1169 2552 1221 2582 pro
1244 2543 1279 2580 R,
1304 2542 1349 2572 vel
1371 2543 1396 2572 tt
1419 2551 1470 2581 pro
1492 2542 1516 2571 A
1538 2541 1568 2571 in
1592 2549 1697 2571 urnam
1719 2540 1879 2570 iniecisset.

1919 1048 2059 1069 tui-amentum
2075 1048 2102 1069 ab

1919 1075 2098 1095 examinatoribus

1919 1101 2077 1127 praestandum.

1946 2008 1976 2029 De
1997 2007 2103 2034 sum-agiis
2174 2028 2176 2032 ,

1929 2035 2090 2061 approbationis

1921 2062 1952 2082 vel
1994 2061 2103 2088 improba—
2143 2064 2155 2099 'k

1921 2088 1992 2109 tionis.
