2182 3137
164 196 214 220 An.
237 194 266 219 c.
286 193 354 220 ¹730
399 185 441 218 98

178 256 306 280 Quibuscum
322 255 347 275 do

165 282 282 302 commissis
301 288 347 306 gra·

166 309 227 329 vibus
235 309 347 333 culpisuon

165 336 192 354 sit
225 335 347 360 dispensan-

166 361 223 382 dum.

198 1662 284 1686 Quando
299 1661 356 1690 prior

173 1690 194 1709 in
221 1690 355 1709 correctioni-

173 1716 212 1736 bus
221 1715 282 1741 sequi
293 1714 355 1734 debet

174 1742 284 1762 consutum
320 1741 354 1760 do·

171 1770 307 1794 putatorum,
320 1769 356 1787 aut

173 1795 205 1815 sui
221 1794 316 1820 capituli.

400 251 426 272 v.
450 243 507 272 Nec
534 246 616 281 puter
648 242 793 280 generalis
825 250 878 271 nec
900 239 1098 270 definitorium

359 291 477 330 capituli
500 291 644 328 generalis
666 290 835 329 dispensare
859 288 970 327 possint
992 287 1027 316 ad
1050 287 1100 316 ob-

358 339 476 368 tinenda
499 338 594 377 aliqua
611 338 705 367 officia
722 337 885 374 electionis,
903 340 953 365 ant
968 334 1099 373 magistri

359 387 555 422 novitiorum,
580 386 756 415 confessoris
784 390 834 414 aot
867 383 1097 423 praedicatoris,

359 435 516 465 monachos
538 435 586 473 qui
610 434 811 463 commiserint
828 433 944 471 aliquod
961 432 1098 461 delictum

359 492 393 512 ex
412 482 617 520 infrascriptis,
635 482 679 510 vel
702 481 773 520 ipsis
796 481 900 517 maius,
925 480 968 509 vel
991 480 1098 516 simile,

359 531 513 560 videlicet:
538 534 690 568 peccatum
714 530 843 566 carnale,
867 530 977 558 furtum
999 528 1034 557 de
1056 537 1101 556 re-

360 579 414 608 bus
436 579 575 607 ecclesiae
599 578 642 607 vel
665 577 828 613 sacristiae,
846 582 895 605 aut
915 576 1032 613 triginta
1049 576 1101 604 (lu-

359 632 501 664 catorum,
526 636 560 656 ex
582 627 647 655 aliis
670 626 757 655 rebus
773 625 953 661 monasterii,
971 625 1101 654 solemne

362 675 543 714 periurium,
569 675 672 703 salsum
696 674 896 703 testimonium
926 677 1027 702 contra
1050 673 1103 702 ali-

360 733 446 763 quem
469 724 497 752 in
520 723 647 759 indicio,

400 772 453 808 Qui
477 772 590 801 duabus
619 770 732 800 vicibus
761 770 901 808 fugitivus
925 770 1028 806 suerit,
1052 769 1102 808 qui

361 822 487 860 aliquem
504 820 623 849 notabili
641 823 691 848 aut
707 820 818 848 enormi
837 818 1024 857 percussione
1040 819 1103 847 vul-

362 871 523 907 neraverit,
551 869 599 908 qui
626 869 824 897 consessiones
848 868 1101 904 manifestaverit,

362 918 411 957 qui
428 918 537 947 crimen
558 917 652 946 laesae
668 916 828 945 maiestatis
843 916 1035 952 commiserit,
1053 919 1102 945 aut

361 967 529 996 huiusmodi
553 965 686 995 criminis
703 965 796 994 fautor
813 965 911 1001 suerit,
929 965 978 1003 qni
997 965 1103 994 conde-

361 1020 477 1045 mnatus
509 1015 596 1044 suerit
618 1023 632 1042 u
655 1018 754 1042 sancto
778 1013 978 1052 inquisitionis
1000 1012 1102 1043 Osticio

361 1064 391 1092 in
406 1063 493 1092 rebus
510 1062 594 1091 tidem
613 1061 871 1097 concernentibus,
891 1061 939 1100 qui
957 1061 986 1090 in
1005 1061 1102 1100 aliqua

361 1112 505 1141 electione
528 1120 579 1150 pro
603 1120 633 1139 se
656 1110 718 1149 ipso
748 1111 900 1139 volaverit.
923 1110 1052 1145 Quorum
1075 1113 1103 1139 et

362 1160 502 1189 similium
525 1159 703 1198 dispensatio
727 1158 761 1187 nd
785 1158 945 1198 capitulum
968 1158 1103 1196 generale

362 1208 543 1238 solummodo
570 1213 598 1237 et
620 1208 649 1237 in
667 1207 795 1237 solidum
818 1207 974 1246 pertineat.
1004 1206 1103 1242 Quoad

364 1266 430 1286 vero
453 1257 559 1286 delicta
581 1256 726 1285 sensualia
745 1259 773 1285 et
790 1256 918 1285 carnalia
934 1255 1023 1284 etiam
1040 1259 1104 1293 post

362 1306 536 1336 sententiam
550 1305 657 1344 poterit
671 1309 752 1344 pater
764 1304 908 1342 generalis
921 1304 1102 1342 dispensare,

363 1355 478 1394 quando
501 1354 556 1393 ipsi
579 1353 744 1382 constiterit
768 1362 819 1392 per
841 1353 1013 1382 relationem
1040 1361 1106 1381 suo-

362 1412 427 1432 rum
450 1402 580 1442 priorum
596 1406 645 1431 aut
662 1402 845 1432 visitatorum
863 1401 939 1440 quod
955 1410 1023 1430 reus
1038 1410 1105 1431 cum

363 1452 424 1482 vita
446 1452 585 1490 religiosa
601 1455 629 1480 et
644 1451 805 1490 exemplaii
821 1460 872 1490 per
888 1451 999 1489 aliquot
1014 1459 1105 1480 annos

363 1501 400 1531 sit
415 1501 594 1530 emendatus.

577 1576 772 1606 ConszoTlo
795 1576 892 1605 XXXI.

405 1646 513 1685 Exequi
531 1647 617 1685 possit
649 1647 760 1685 quilibet
790 1650 870 1686 prior
896 1658 947 1686 per
968 1658 995 1676 se
1016 1648 1108 1686 ipsum

363 1705 465 1733 poenus
487 1696 517 1724 in
538 1696 618 1724 dictis
641 1696 876 1724 constitutionibus
891 1697 923 1725 de
936 1697 1066 1734 grauibus
1083 1701 1109 1727 et

364 1744 535 1782 gravioribus
566 1743 655 1782 culpis
687 1748 812 1781 taxatas,
835 1745 942 1782 quando
964 1747 1108 1785 manifeste

366 1793 528 1831 apparuerit
550 1793 645 1821 ineas
672 1793 833 1821 monachum
866 1793 986 1831 aliquem
1014 1795 1109 1824 incur-

366 1842 443 1870 risse.
459 1841 491 1871 Si
509 1845 598 1870 tamen
620 1841 779 1878 monaebuS,
796 1843 841 1870 cui
857 1842 1012 1872 huiusmodi
1027 1843 1109 1882 culpa

366 1891 540 1928 impingitur,
565 1890 696 1929 affirmat,
717 1889 794 1918 illam
814 1888 923 1928 yravem
939 1901 986 1920 seu
1000 1894 1109 1929 gravio-

366 1948 425 1967 rem
447 1948 501 1967 non
522 1948 588 1975 esse,
604 1943 651 1967 aut
673 1939 705 1967 de
728 1938 774 1966 hoc
796 1939 933 1968 dubitatur
953 1950 1003 1978 per
1018 1950 1109 1969 mona-

367 1987 428 2016 chos
449 1987 553 2024 aliquos
575 1987 606 2015 de
628 1991 772 2023 conventu,
791 1989 872 2025 prior
893 1989 1038 2017 consilium
1062 1990 1110 2018 ha-

370 2035 427 2063 beat
449 2044 532 2073 super
554 2035 602 2063 hoc
623 2044 684 2062 cum
716 2036 855 2064 monachis
887 2036 938 2065 sibi
957 2046 1010 2075 per
1030 2047 1110 2066 suum

369 2083 522 2122 capitulum
544 2084 579 2112 ad
599 2083 722 2112 habenda
753 2084 868 2113 consilia
889 2085 1037 2123 deputatis.
1066 2086 1112 2115 Ve-

370 2141 433 2160 rum
455 2133 483 2160 in
507 2132 650 2160 iudicando
673 2131 769 2170 culpas
788 2141 886 2169 graves
908 2137 932 2161 et
952 2135 1109 2172 gyrauiores,

370 2180 490 2218 quaein
517 2179 679 2218 praelibatis
710 2180 946 2209 constitutionibus
975 2191 1028 2210 non
1049 2186 1112 2211 sunt

370 2238 528 2266 expressae,
547 2232 677 2266 sequatur
690 2228 770 2266 prior
785 2229 930 2257 consilium
945 2239 961 2258 a
976 2230 1112 2268 deputatis

369 2277 530 2315 praedictis.
557 2275 683 2305 Ceterum
705 2277 734 2305 in
756 2277 932 2315 imponenda,
953 2288 1000 2306 seu
1018 2279 1113 2307 remit-

372 2325 465 2362 tenda,
489 2325 634 2362 mutanda,
658 2324 778 2353 laxanda
802 2325 844 2353 vel
864 2326 1005 2363 gravanda
1024 2329 1114 2365 poenav

370 2374 548 2411 9raoissimae
570 2373 677 2412 culpae,
699 2373 779 2412 prior
800 2376 877 2412 sequi
897 2374 1044 2404 eonsilium
1070 2377 1114 2404 sui

373 2422 490 2460 capituli
512 2426 647 2451 teneatur.
672 2421 704 2452 Si
726 2426 817 2451 tamen
846 2423 938 2461 priori
968 2424 1112 2462 videatur,

375 2470 445 2508 quod
475 2480 591 2509 poenam
613 2470 709 2509 culpae
729 2471 824 2508 ¹qravis
851 2476 898 2500 aut
918 2473 1057 2509 grauioris
1084 2474 1114 2502 in

373 2518 610 2548 constitutionibus
631 2520 830 2558 suprascriptis
852 2524 973 2549 taxatam
995 2525 1115 2560 oporteat

373 2569 520 2605 aggravari
542 2571 636 2597 contra
657 2568 737 2597 illum
759 2570 791 2598 de
814 2579 865 2608 quo
882 2574 983 2600 constet
1004 2570 1114 2609 culpam

935 191 1117 215 BULLARIUM
1142 191 1299 214 ROMANL'M

1164 228 1167 229 V
1894 196 1942 218 An.
1961 193 1990 218 C.
2013 193 2083 222 1730

1143 239 1300 268 huiusmodi
1321 239 1491 278 incurrisse,
1515 240 1550 269 ad
1571 240 1619 270 hoc
1641 241 1818 270 iudicandum
1840 241 1885 270 de-

1140 291 1300 326 putatorum
1321 293 1452 327 sequatur
1473 289 1629 319 consilium.

1350 363 1544 394 Cossmurio
1567 363 1676 394 XXXII.

1184 433 1351 472 Dispensare
1372 435 1400 464 in
1419 437 1508 474 poena
1536 436 1633 475 culpae
1652 436 1758 474 pravis,
1781 440 1807 465 et
1827 446 1887 466 eam
1898 449 1987 473 Quando
2002 449 2081 476 poterit

1143 486 1250 512 mutare
1272 482 1313 512 vel
1336 482 1442 521 laxare,
1465 483 1539 513 solus
1554 485 1634 523 prior
1652 485 1749 524 possit,
1768 485 1888 523 quando-
1898 476 1965 528 ,¹³35ssssss
1987 481 2085 528 Ῑᾏῖζροξῖ

1143 540 1258 570 cumque
1280 531 1331 560 sibi
1360 532 1523 561 rationabile
1552 533 1697 570 videatur,
1728 533 1774 562 sed
1805 529 1987 576 super,sfffss‘fmssf¹
2008 529 2082 555 ⁹⁰⁰⁰*
2124 547 2127 549 >

1144 579 1228 618 culpa
1247 581 1376 617 graviore
1408 580 1554 609 consilium
1585 582 1619 610 ad
1644 582 1798 620 praemissa
1826 591 1888 611 cum

1144 629 1281 667 deputatis
1306 628 1381 657 debet
1411 628 1518 658 habere.
1543 628 1694 659 Oneramus
1721 631 1804 659 etiam
1825 639 1889 659 con-

1145 677 1274 706 scientias
1290 678 1399 713 prioris
1421 681 1445 706 et
1466 678 1669 716 deputatorum,
1693 682 1722 707 ut
1743 679 1773 707 in
1792 679 1889 717 poenis

1146 726 1303 755 huiusmodi
1319 726 1486 764 iudicandis,
1505 727 1706 766 dispensandis,
1723 731 1890 756 commutan-

1145 775 1187 803 dis
1200 797 1208 810 ,
1233 774 1361 804 laxandis
1383 784 1414 804 ac
1436 775 1607 814 imponendis
1628 785 1655 804 se
1677 777 1791 805 discrete
1812 775 1889 804 ecchi-

1146 823 1234 861 beant,
1249 833 1318 861 prae
1330 823 1415 852 oculis
1427 823 1514 852 solum
1528 823 1615 853 Deum
1630 824 1755 853 habentes
1762 836 1773 858 ‚·
1786 834 1886 859 amore,

1146 872 1216 909 odio,
1239 873 1355 910 fat-ore,
1378 873 1475 901 timore
1503 877 1528 902 et
1560 873 1677 911 quolibet
1698 873 1752 902 alio
1773 873 1890 912 impedi-

1146 926 1234 949 nwnto
1254 921 1421 959 postpositis,
1440 926 1573 959 quatenus
1594 922 1700 951 iustitia
1721 921 1889 960 compleatur

1146 974 1171 998 et
1192 971 1302 1008 fructus
1334 971 1511 999 correctionis
1533 974 1558 999 et
1580 971 1776 1000 emendationis
1797 980 1890 1000 accre-

1145 1022 1211 1047 scat.
1236 1018 1330 1047 Potius
1352 1022 1442 1047 tamen.
1457 1019 1487 1047 in
1499 1020 1659 1056 praemissis
1678 1020 1775 1057 poenis
1790 1020 1825 1048 ad
1839 1019 1891 1049 mi-

1146 1067 1341 1104 sericordiam,
1366 1076 1448 1105 quam
1469 1067 1503 1095 ad
1523 1067 1713 1097 crudelitatem
1734 1067 1888 1097 intendant.

1346 1140 1541 1170 Consrirowo
1567 1140 1690 1170 XXXIII.

1189 1211 1357 1241 Grauiorum
1379 1211 1525 1251 culparum
1544 1221 1646 1251 poenas
1661 1222 1753 1241 coram
1768 1213 1891 1242 omnibus
1924 1228 2034 1251 Quomodo
2049 1228 2087 1248 im-

1147 1261 1177 1289 in
1195 1260 1315 1299 capitulo
1335 1261 1415 1299 prior
1442 1263 1585 1299 imponat,
1609 1261 1665 1290 nisi
1685 1261 1716 1290 in
1737 1261 1828 1300 culpis
1849 1255 2086 1307 oc-”ffiienigffffssgst

1147 1309 1229 1339 cultis
1245 1309 1326 1338 aliter
1340 1309 1391 1338 sibi
1407 1310 1531 1338 videatur
1546 1319 1608 1339 cum
1622 1310 1815 1349 deputatorum
1829 1319 1892 1339 con-
1902 1309 2014 1339 ⁰9¹⁹³ffl¹¹²
2038 1313 2085 1337 ἐξᾶ-

1147 1357 1210 1387 silio
1231 1358 1402 1397 faciendum.
1423 1357 1456 1388 Si
1477 1368 1538 1387 vero
1559 1358 1642 1397 culpa
1663 1368 1717 1387 non
1738 1358 1843 1388 occulta
1857 1359 1893 1388 sit
1903 1341 1958 1383 itii?
1970 1337 2086 1360 nigram·

1148 1406 1222 1445 talis,
1238 1417 1306 1445 quae
1321 1408 1418 1436 merito
1439 1408 1475 1436 sit
1496 1407 1572 1436 illico
1591 1395 1744 1446 puiiienda,
1762 1411 1787 1436 et
1801 1407 1892 1438 videa-

1148 1460 1195 1485 tur
1216 1465 1293 1485 mora
1314 1458 1421 1493 nociva,
1437 1456 1462 1485 si
1482 1460 1622 1492 spectatur
1643 1456 1792 1495 culparum
1819 1457 1894 1495 cap-

1148 1504 1249 1542 tulum,
1267 1508 1408 1542 conyreyet
1428 1504 1521 1533 statim
1539 1505 1620 1542 prior
1639 1514 1721 1534 suum
1742 1503 1894 1543 capitulum

1146 1563 1198 1592 pro
1221 1553 1371 1582 iudicanda
1392 1557 1416 1582 et
1438 1553 1604 1591 imponenda
1622 1554 1713 1592 poena
1736 1553 1894 1582 huiusmodi

1147 1603 1284 1639 gravioris
1305 1601 1411 1640 culpae.
1434 1601 1532 1631 Verum
1551 1611 1604 1640 pro
1623 1602 1708 1638 ,oravi
1734 1601 1818 1640 culpa
1843 1611 1894 1641 po-

1149 1651 1214 1679 terit
1232 1659 1322 1688 poena
1343 1654 1422 1679 extra
1443 1649 1594 1688 capitulum
1616 1650 1747 1688 iudicari,
1765 1653 1789 1679 si
1799 1650 1895 1687 priori

1150 1708 1212 1728 cum
1233 1699 1424 1737 deputatorum
1445 1698 1557 1727 consilio
1580 1698 1716 1727 videatur.

1350 1773 1544 1803 Consrlrcrio
1571 1773 1692 1803 XXXIV.

1191 1845 1294 1875 Panem
1315 1845 1346 1874 in
1365 1854 1461 1882 gyrone,
1484 1845 1588 1881 vinum,
1611 1848 1759 1879 monetam,
1784 1848 1832 1874 aut
1852 1854 1896 1874 res
1942 1860 2051 1884 Quomodo
2066 1866 2090 1881 sa

1907 1892 1980 1913 gerere
2008 1887 2090 1908 debeat

1151 1894 1222 1923 alias
1237 1903 1419 1932 quascumque
1434 1894 1527 1931 mayni
1539 1893 1639 1922 valoris
1655 1894 1684 1922 in
1699 1892 1896 1931 eleemosynam
1906 1914 1965 1940 prim,
1979 1913 1999 1934 ᾖ,
2011 1913 2090 1938 dando·

1151 1952 1200 1971 seu
1220 1942 1290 1971 alias
1309 1942 1428 1980 gratiose
1446 1943 1526 1980 prior
1548 1951 1602 1970 non
1622 1941 1710 1976 donet,
1735 1942 1790 1970 nisi
1811 1939 2093 1987 quan-ggJWfflmdffl*

1151 1996 1210 2020 tum
1241 1990 1418 2020 consideratis
1449 1990 1627 2029 facultatibus
1657 1990 1815 2019 monasterii
1844 1999 1896 2028 per

1152 2050 1215 2069 eum
1236 2044 1261 2068 et
1282 2039 1426 2068 monachos
1454 2039 1483 2067 in
1504 2040 1591 2067 sacris
1622 2039 1780 2067 constitutos
1807 2039 1896 2076 fuerit

1150 2091 1360 2126 praetaoeatzun,
1382 2087 1452 2125 quod
1471 2088 1551 2125 prior
1572 2086 1645 2115 solus
1667 2086 1710 2115 vel
1732 2095 1795 2115 cum
1810 2086 1896 2125 depu-

1153 2140 1272 2165 tatorum
1293 2135 1407 2165 consilio
1429 2135 1495 2164 dare
1514 2136 1611 2173 possit.
1634 2134 1739 2164 Poterit
1756 2135 1895 2164 tumendo

1153 2185 1233 2213 rebus
1254 2184 1414 2213 monasterii
1428 2187 1555 2212 mutuare
1576 2182 1619 2212 vel
1640 2183 1818 2217 commodare,
1841 2192 1895 2212 rno—

1154 2233 1247 2261 derata
1269 2236 1360 2261 tamen
1382 2235 1407 2260 et
1427 2233 1467 2260 sic
1483 2231 1609 2268 discrete,
1624 2230 1769 2260 videlicet:
1785 2230 1834 2260 sub
1855 2235 1897 2260 ta—

1155 2280 1226 2309 libus
1245 2279 1406 2318 piynoribus
1427 2279 1543 2317 aliisque
1565 2279 1670 2308 idoneis
1697 2278 1870 2308 cautionibus
1887 2302 1894 2315 ‚

1155 2329 1186 2358 in
1206 2328 1378 2357 conuenienti
1399 2327 1521 2356 custodia
1543 2328 1718 2366 reponendis,
1742 2328 1771 2356 id
1791 2328 1876 2365 saciat
1889 2351 1896 2365 ,

1156 2377 1225 2416 quod
1253 2378 1312 2405 siue
1346 2375 1510 2414 difficultate
1543 2377 1740 2405 monasterium
1771 2379 1897 2406 mutuata

1155 2426 1213 2455 sive
1234 2425 1400 2454 commodata
1421 2428 1575 2464 recuperet.
1599 2424 1631 2455 Si
1649 2429 1739 2454 tamen
1760 2435 1804 2454 res
1825 2435 1897 2455 com-

1156 2474 1315 2510 modandae,
1334 2474 1445 2503 attentis
1460 2474 1621 2503 monasterii
1634 2473 1825 2512 facultatibus,
1839 2483 1895 2502 ma-

1154 2523 1202 2560 qni
1226 2521 1325 2551 valoris
1347 2522 1508 2557 extiterint,
1531 2522 1724 2561 deputatorum
1745 2521 1890 2551 consilium

1157 2571 1253 2600 habere
1274 2570 1388 2600 debebit.
