2182 3137
53 190 102 216 An.
123 189 150 215 C.
175 188 235 215 173⁴

82 619 195 639 Concessio
215 620 237 639 ut

54 646 74 667 in
90 646 182 666 rubrica.

87 2119 210 2141 clausulae.

871 185 1012 208 CLEMENS
1040 184 1082 208 §11
1108 185 1156 208 ΓΡ.

247 247 317 269 rum
331 236 519 269 vicariatum
535 235 665 275 fuerint,
681 235 823 278 gaudere
838 232 988 270 debeant,

246 300 306 333 per
330 300 388 322 nos
414 289 576 322 moderari
611 294 641 321 et
675 286 810 319 concedi
849 296 990 318 summo-

247 352 325 385 pere
352 342 541 375 desideret:
569 340 662 373 nobis
682 345 860 383 propterea
887 338 990 371 humi-

247 395 320 428 liter
357 394 532 438 supplicari
560 393 634 426 fecit
665 397 699 424 ut
731 392 762 424 in
799 390 988 435 praemissis

247 453 434 492 opportune
461 446 634 490 providere
660 451 691 478 et
716 451 750 477 ut
778 444 860 476 infra
886 445 990 477 indul-

248 511 325 544 gere
362 500 402 533 de
438 498 637 542 benignitate
675 497 854 542 apostolica
880 497 990 540 digna-

249 563 367 587 remur.

293 607 307 650 ἓ
325 606 354 640 3.
370 606 443 646 Nos,
458 605 556 648 igitur
575 605 650 638 dicti
666 605 809 638 Gildardi
830 604 910 637 votis
930 604 989 637 liae

248 661 279 693 in
306 671 350 700 re,
376 665 530 704 quantum
557 670 627 692 cum
655 659 790 692 Domino
816 668 989 701 possumus

247 714 390 757 benigne
427 724 571 746 annuere
609 714 782 750 volentes,
808 723 947 755 eumque
973 723 990 744 a

249 766 415 810 quibusvis
457 765 818 806 excommunicationis,
852 775 990 808 suspen-

249 819 352 852 sionis
378 824 410 852 et
429 819 606 857 interdicti,
631 818 766 862 aliisque
789 817 990 850 ecelesiasti-

249 872 294 904 cis
321 872 494 905 sententiis
517 899 524 911 ‚
552 871 703 904 censuris
744 877 776 904 et
801 871 938 914 poeniS‚
974 882 990 903 a

248 925 320 959 inre
344 927 393 958 vel
430 926 469 958 ab
497 926 652 965 bomine,
680 925 792 969 quaris
817 925 990 958 occasione

247 980 298 1012 vel
317 981 414 1012 causa
439 979 522 1019 latis,
547 979 573 1012 si
596 979 715 1022 quibus
741 977 993 1022 quomodolibet

249 1032 425 1065 innodatus
450 1032 570 1072 existit,
599 1033 638 1065 ad
667 1031 819 1065 effectum
838 1041 992 1075 praesen-

250 1085 328 1118 tium
363 1086 530 1118 dumtaxat
567 1085 849 1128 consequendum,
876 1085 990 1117 barum

250 1139 334 1172 serie
360 1139 565 1172 absolventes
584 1145 615 1171 et
632 1138 815 1171 absolutum
836 1138 903 1171 sore
919 1149 993 1171 cen-

250 1199 374 1234 sentes,
407 1193 596 1226 huiusmodi
626 1193 923 1236 supplicationibus
945 1192 993 1225 in-

251 1247 371 1287 clinati,
391 1247 431 1281 de
457 1247 692 1280 venerabilium
712 1247 847 1280 fratrum
869 1253 994 1282 nostro-

251 1311 323 1332 rum
348 1300 380 1334 S.
408 1300 445 1333 ss.
472 1300 504 1333 E.
532 1300 746 1333 cardinalium
784 1301 925 1343 negotiis
963 1308 991 1334 et

251 1354 544 1387 consultationibus
572 1355 800 1398 episcoporum
834 1361 865 1387 et
897 1366 993 1398 regu-

251 1407 367 1440 larium
389 1408 663 1451 praepositorum,
686 1408 739 1451 qui
761 1408 923 1441 referente
951 1409 994 1442 di-
1015 1419 1016 1434 ³

252 1463 335 1494 lecto
377 1461 442 1494 silio
491 1466 601 1494 nostro
643 1461 802 1494 Lndorico
848 1462 993 1495 eiusdem
1015 1478 1017 1508 j

252 1514 282 1547 S.
309 1514 344 1547 R.
373 1514 407 1547 E.
444 1514 600 1547 cardinali
635 1514 771 1557 Belluga
807 1521 1017 1559 nuncupato:

252 1579 320 1602 rem
345 1567 490 1611 undique
515 1573 639 1601 mature
662 1568 898 1609 discusserunt,
919 1580 995 1602 con-

253 1621 346 1662 silio,
371 1627 406 1654 ut
440 1627 561 1665 patres⁷
589 1621 642 1664 qui
669 1622 783 1654 saltem
809 1632 867 1665 per
904 1623 995 1657 bien-

253 1675 341 1708 nium
366 1675 568 1718 provinciam
587 1674 630 1706 uti
650 1674 757 1706 vicarii
780 1675 993 1717 provinciales

254 1729 487 1772 gubernarunt,
513 1728 677 1771 completo
703 1727 808 1761 officio
836 1735 996 1762 vocentur

253 1788 284 1815 et
308 1787 417 1826 patres
443 1781 630 1825 provinciae
656 1781 736 1824 sint}
764 1792 836 1814 cum
861 1792 995 1825 praero-

254 1836 378 1880 gativis,
405 1835 523 1879 quibus
550 1835 603 1867 isti
630 1835 781 1878 gaudent,
804 1836 995 1869 auctoritate

254 1889 443 1934 apostolica,
470 1894 583 1922 tenore
601 1889 835 1933 praesentium,
853 1889 997 1923 decerni-

255 1955 324 1977 mus
350 1949 381 1977 et
406 1943 590 1976 statuimus:
616 1944 700 1976 salva
734 1948 838 1976 tamen
866 1954 996 1987 semper

254 1997 286 2030 in
306 1996 494 2040 praemissis
517 1996 708 2029 auctoritate
727 1996 995 2039 Congregationis

256 2051 444 2084 corumdem
471 2050 696 2083 cardinalium.

301 2105 315 2148 ξ
341 2104 373 2137 4.
401 2104 623 2136 Decernentes
648 2102 781 2146 pariter,
805 2102 890 2146 ipsas
909 2113 996 2146 prac-

255 2163 363 2191 sentes
388 2157 511 2191 litteras
538 2156 661 2198 firmas,
687 2156 807 2189 validas
833 2161 865 2189 et
890 2157 997 2189 cilica-

256 2223 309 2246 ces
335 2212 472 2246 existere
494 2216 526 2244 et
551 2211 633 2249 sore,
662 2220 803 2253 suosque
831 2211 997 2253 plenarios

257 2271 289 2300 ct
312 2267 458 2308 integros
485 2264 620 2298 effectus
643 2264 753 2297 sortiri
781 2268 812 2296 et
836 2264 995 2305 obtinere,

257 2326 289 2354 ct
314 2320 386 2360 illis,
413 2320 451 2351 ad
470 2329 550 2362 qnos
575 2322 700 2361 spectat
718 2323 821 2361 etpro
849 2322 995 2361 tempore

255 2373 423 2418 spectabit,
451 2373 481 2405 in
500 2371 652 2405 omnibus
674 2376 706 2403 et
725 2381 784 2415 per
804 2371 912 2405 omnia
930 2372 997 2415 ple-

256 2428 391 2461 nissime
417 2425 598 2468 suffragari,
626 2429 657 2458 et
682 2425 720 2457 ab
744 2424 791 2458 cis
817 2425 997 2468 respective

258 2479 491 2515 inviolabiliter
515 2477 699 2518 observari,
726 2478 837 2521 sicque
857 2478 888 2510 in
907 2488 997 2521 prae-

258 2534 362 2568 missis
389 2543 447 2577 per
472 2541 698 2576 quoscumque
725 2530 847 2564 iudices
872 2531 999 2564 ordina-

259 2587 324 2622 rios
350 2592 381 2621 et
406 2587 592 2628 delegatos,
626 2585 721 2618 etiam
746 2594 915 2617 causarum
942 2595 997 2627 pa-

347 2649 430 2679 Bull.
449 2649 534 2678 Rom.
562 2665 589 2668 -
615 2647 675 2678 Vol.
695 2646 805 2675 XXIII.
950 2646 983 2673 34

1035 232 1101 265 latii
1129 231 1300 276 apostolici
1328 231 1501 270 auditores,
1520 229 1654 263 iudicari
1675 234 1705 262 et
1723 229 1776 261 de-

1036 285 1119 318 finiri
1147 286 1283 325 debere,
1316 295 1353 318 ac
1390 285 1514 318 irritum
1549 289 1581 317 et
1617 283 1714 316 inane
1751 282 1777 314 si

1036 348 1129 370 secus
1156 348 1254 380 super
1280 338 1330 370 liis
1355 349 1372 370 a
1399 348 1575 380 quoquam,
1598 336 1708 380 quavis
1725 346 1779 368 au-

1035 390 1202 429 ctoritate,
1230 390 1370 423 scienter
1396 390 1443 423 rel
1470 390 1678 432 ignoranter,
1705 399 1779 422 con-

1036 442 1146 485 tigerit
1170 443 1332 475 attentari.

1079 496 1093 538 ἓ
1119 495 1149 528 5.
1177 494 1246 527 Non
1275 494 1482 528 obstantibus
1507 494 1684 538 praedictis
1721 494 1779 528 L'r-

1035 547 1110 580 bani
1127 547 1391 591 praedecessoris
1411 547 1540 585 litteris,
1555 548 1690 590 aliisque
1705 558 1779 580 con-

1034 600 1258 633 stitutionibus
1283 606 1313 633 et
1339 600 1601 633 ordinationibus
1626 600 1779 643 apostoli-

1012 670 1013 675 =
1035 654 1080 687 eis
1097 681 1104 694 ,
1132 664 1268 692 necnon,
1296 658 1455 696 quatenus
1480 663 1561 696 opus
1587 653 1636 693 sit,
1651 654 1780 696 provin-

1034 707 1156 740 ciarum
1183 713 1214 739 et
1239 706 1370 739 Ordinis
1394 706 1654 749 praedictorum,
1681 706 1778 739 etiam

1035 761 1226 800 iuramento,
1253 759 1501 793 confirmatione
1520 758 1708 801 apostoliea,
1726 765 1780 791 aut

1035 815 1146 857 quavis
1173 813 1325 846 firmitate
1351 812 1414 845 alia
1440 812 1618 850 roboratis,
1649 812 1779 844 statutis

1036 872 1068 899 et
1092 866 1401 905 consuetudinibus,
1428 865 1609 909 privilegiis
1635 875 1779 908 quoque,

1036 919 1171 952 indultis
1198 923 1229 954 et
1265 919 1383 952 litteris
1410 918 1601 962 apostolicis
1637 918 1670 950 in
1703 928 1781 951 con-

1037 973 1170 1005 trarium
1181 971 1696 1017 praemissorumquomodolibet
1709 981 1780 1004 con-

1036 1026 1146 1065 cessis,
1171 1026 1371 1059 confirmatis
1397 1031 1429 1058 et
1454 1025 1631 1064 innovatis3
1660 1024 1780 1068 quibus

1037 1080 1188 1113 omnibus
1225 1086 1257 1113 et
1290 1079 1449 1122 singulis,
1484 1079 1614 1112 illorum
1653 1084 1781 1111 tenores

1037 1133 1265 1176 praesentibus
1291 1143 1349 1176 pro
1383 1133 1481 1175 plene
1514 1138 1545 1164 et
1582 1131 1781 1164 sufficienter

1038 1186 1197 1229 expressis
1224 1197 1260 1219 ac
1280 1186 1319 1218 ad
1346 1186 1478 1218 verbum
1499 1185 1631 1218 insertis
1658 1185 1782 1217 haben-

1038 1244 1106 1279 teS‚
1134 1239 1198 1272 illis
1223 1238 1301 1272 alias
1328 1239 1361 1271 in
1387 1249 1447 1271 suo
1482 1238 1602 1271 robore
1628 1248 1781 1281 perman-

1038 1293 1140 1332 suris,
1167 1293 1206 1326 ad
1238 1292 1487 1336 praemissorum
1526 1291 1694 1332 ellectum,
1721 1291 1782 1324 liae

1038 1347 1104 1380 vice
1130 1347 1312 1387 dumtaxat,
1338 1345 1525 1388 specialiter
1560 1350 1592 1378 et
1628 1355 1781 1387 expresse

1039 1401 1259 1442 derogamus;
1287 1399 1468 1442 ceterisque
1506 1398 1678 1432 contrariis
1715 1397 1782 1442 qui-

1038 1455 1252 1497 buscumque.

1082 1508 1195 1540 Datum
1211 1507 1343 1546 Romae,
1361 1506 1445 1550 apud
1471 1505 1502 1538 S.
1529 1505 1663 1539 Mariam
1689 1505 1783 1538 Maio-

1016 1570 1017 1585 *
1040 1572 1108 1594 rem
1126 1560 1184 1593 sub
1205 1560 1328 1593 annulo
1346 1559 1526 1599 Piscatoris,
1545 1559 1596 1592 dic
1614 1569 1685 1592 xx1x
1707 1559 1782 1592 maii

1039 1624 1208 1654 iinccxxxt,
1236 1613 1445 1657 pontificatus
1470 1612 1573 1646 nostri
1598 1622 1683 1645 anno
1709 1622 1732 1645 1.

1074 1677 1135 1704 Dat.
1157 1676 1201 1703 die
1221 1676 1254 1703 ΞΟ
1276 1675 1337 1703 maii
1360 1675 1442 1707 1731,
1464 1674 1560 1710 pontis.
1581 1682 1652 1701 auno
1674 1681 1692 1701 1.

1335 1729 1370 1762 F.
1398 1728 1484 1763 card.
1511 1728 1693 1762 Otlvssmt's.

1342 1899 1480 1933 XXXIX.

1017 1966 1019 1980 i

1017 1982 1018 1985 ¹
1041 1991 1185 2023 Ducalus
1206 1990 1344 2022 Parmae
1361 1992 1389 2020 el
1406 1987 1596 2021 Placentiae
1614 1998 1685 2020 cum
1707 1987 1786 2020 utili

1085 2043 1231 2076 dominio
1256 2042 1299 2074 ad
1323 2041 1436 2075 Salem
1457 2041 1689 2084 Apostolicam,
1712 2051 1785 2073 cum

1018 2091 1019 2128 i
1085 2097 1236 2129 omnibus
1260 2096 1400 2135 iuribus,
1418 2095 1639 2139 perlinenliis,
1656 2095 1786 2133 clc.,dc·

1084 2151 1212 2183 volutus
1237 2149 1437 2189 declaratur,
1463 2153 1623 2192 quatenus
1642 2159 1680 2181 cac
1697 2148 1786 2181 Hen-

1084 2203 1221 2236 rz'clteltd
1239 2230 1246 2243 ,
1274 2201 1417 2235 eiusdem
1453 2201 1592 2234 ducatus
1628 2200 1783 2239 ducissa,

1085 2256 1270 2289 masculina
1301 2255 1407 2299 proles
1435 2265 1498 2288 non
1527 2258 1705 2295 nascatur,
1738 2254 1787 2286 vel

1085 2315 1165 2344 nala
1189 2309 1321 2352 deficere
1345 2308 1523 2352 concinant,
1549 2311 1605 2340 etc.

1244 2400 1379 2427 Clemens
1401 2399 1482 2432 Papa
1502 2398 1572 2431 xu,

1181 2445 1219 2473 ad
1240 2445 1377 2472 futuram
1396 2444 1444 2471 rei
1465 2443 1653 2471 memoriam.

1085 2528 1099 2570 ξ
1127 2527 1156 2560 l.
1184 2526 1260 2559 Cum
1286 2526 1391 2559 bonae
1416 2525 1593 2558 memoriae
1626 2524 1784 2558 Antonius

1667 171 1730 204 ⁶265
1779 179 1828 205 An.
1852 179 1879 205 e.
1908 177 1969 205 1731

1817 504 1974 524 Contrariorum

1790 531 1908 556 dei-agano.

1824 2528 1917 2549 Ducatn«
1929 2528 1978 2548 Par·

1797 2561 1843 2575 mae
1860 2558 1878 2575 ot
1896 2555 1983 2574 l'lacnn·

1040 2581 1224 2620 Farnesius,
1242 2579 1384 2619 ultimus,
1406 2578 1480 2611 dum
1499 2578 1633 2619 viveret,
1652 2578 1784 2612 Parmae
1799 2584 1840 2603 ¹¹³⁰
1864 2581 1980 2602 Fssuewo
