2182 3137
237 225 289 251 An.
305 223 336 250 c.
359 221 429 249 1730
474 212 539 244 184

292 427 374 448 Gradus
403 428 423 446 in

240 456 288 475 :ilus
308 453 424 474 academiis

240 481 334 506 suscepti
383 486 423 500 non

239 506 354 533 cooptandi
384 512 423 525 nisi

239 540 327 559 praeno
346 533 424 553 exami-

238 566 273 581 ne.

272 1447 374 1467 Laudatis
394 1446 429 1466 hic

244 1473 420 1503 universitatibus

246 1503 347 1526 exceptis.

291 2221 346 2245 Quid
373 2226 434 2247 prae·

251 2248 436 2268 standumincou-

251 2275 335 2300 ptamlis
362 2274 435 2295 docto·

253 2301 319 2323 ribus.

444 295 508 325 ΤιΤ.
533 293 656 325 XXVIII.
673 312 711 317 —-
733 293 773 324 De
793 294 926 332 gradibus
949 294 979 323 in
1001 293 1169 322 academiam

722 343 891 382 cooptandis.

477 415 590 445 Gradus
629 415 659 444 in
693 414 758 443 aliis
794 413 954 443 academiis
989 413 1045 442 rite
1081 421 1180 442 susce-

436 464 499 502 pti,
523 463 580 492 nisi
603 462 721 501 praevio
744 461 879 491 examine
905 465 934 491 et
966 461 1113 500 persoluta
1136 460 1178 490 di-

436 511 527 540 midi-:1
559 510 773 549 stipendiorum
809 513 912 548 parte,
946 518 1019 548 quae
1051 508 1178 548 persolvi

435 559 609 595 consuevit,
633 559 663 588 in
686 559 762 588 hanc
784 558 1003 588 Cervariensem
1026 556 1179 595 aggregari

435 618 487 638 seu
510 613 640 647 cooptari
663 617 720 637 non
746 607 869 646 possint.
893 607 969 636 Haec
991 611 1089 635 autem
1126 605 1177 634 sti-

439 658 612 697 pendiorum
637 657 732 696 portio
755 657 834 686 inter
852 656 969 686 eosdem
986 655 1180 685 distribuetur

436 707 513 736 inter
534 715 607 745 quos
626 706 655 735 in
679 704 888 736 collationibus
907 705 1050 743 graduum
1067 704 1180 740 integre

437 754 637 784 distribuitur.

477 803 720 832 Baccalaureatus
754 802 824 832 alibi
857 806 1012 839 susceptus
1045 800 1073 829 in
1107 799 1181 828 hanc

438 851 662 881 universitatem
685 859 743 880 non
767 853 932 888 cooptetur,
957 849 1037 885 nisi,
1063 851 1182 887 praeter

438 908 560 928 examen
585 899 669 928 modo
693 898 929 937 praescriptum,
954 897 1037 926 illum
1061 897 1183 933 insuper

438 949 519 978 certo
552 948 688 977 collatum
704 970 711 984 ,
735 956 768 976 ac
791 949 833 976 tot
865 955 969 975 cursus
991 954 1006 973 a
1029 943 1183 973 candidato

439 997 495 1026 rite
518 996 664 1025 confectos
687 1004 762 1031 esse,
786 998 856 1033 quot
874 994 904 1023 in
922 994 975 1023 hac
997 992 1183 1023 Cervariensi

436 1044 587 1074 academia
610 1043 812 1082 requiruntur,
835 1042 975 1080 legitimis
998 1038 1184 1072 documentis

438 1092 622 1122 ostendatur.

477 1141 506 1171 Si
530 1141 595 1180 quis
611 1144 720 1178 autem,
737 1148 795 1169 non
812 1139 897 1169 modo
914 1139 1182 1176 baccalaureatum,

438 1191 487 1220 sed
511 1195 540 1221 et
564 1190 712 1220 licentiam
737 1190 766 1219 in
795 1190 851 1219 alia
881 1189 1076 1218 universitate
1106 1198 1185 1218 asse-

438 1244 538 1276 cutus,
563 1239 631 1268 hnic
654 1238 808 1276 aggregari
832 1238 924 1275 velit,
948 1246 1006 1267 non
1035 1237 1069 1266 ad
1092 1237 1184 1276 ipsius

439 1288 557 1327 quidem
581 1287 838 1323 baccalaureatus,
863 1295 965 1315 verum
988 1286 1024 1315 ad
1047 1286 1184 1315 licentiae

438 1336 591 1366 dumtaxat
605 1335 751 1373 obligetur
773 1344 906 1364 examen.
924 1334 1006 1369 Quod
1029 1334 1116 1364 etiam
1134 1344 1185 1373 pro

441 1384 600 1414 obtinendo
616 1385 737 1423 insuper
749 1384 904 1413 doctoratu
921 1383 977 1422 ipsi
998 1382 1183 1420 suffragetur.

480 1433 562 1468 Quod
585 1433 609 1462 si
638 1432 768 1470 legitimo
798 1433 975 1462 documento
1007 1432 1183 1467 constiterit,

441 1481 612 1511 huiusmodi
634 1481 743 1519 gradus
765 1481 794 1510 in
817 1481 968 1510 academia
990 1480 1183 1517 Salmantimi,

440 1530 655 1570 Complutensi,
674 1530 883 1560 Vallisoletana
899 1535 927 1559 et
948 1529 1069 1559 Oscensi
1089 1538 1185 1558 susce-

441 1583 506 1618 ptos
529 1589 604 1615 csse,
628 1583 688 1608 tum
712 1578 748 1607 ab
772 1578 906 1608 examine
930 1583 992 1608 tum
1016 1577 1051 1607 ab
1069 1578 1121 1607 hac
1141 1587 1186 1606 so-

441 1628 554 1657 lutione
576 1628 723 1657 immunes
745 1632 843 1665 erunt,
868 1631 1074 1666 praeterquam
1097 1636 1111 1656 a
1137 1627 1186 1656 de-

441 1685 504 1706 cem
533 1676 701 1714 regalibus,
726 1686 801 1715 quae
839 1686 890 1715 pro
922 1676 1090 1705 huiusmodi
1123 1685 1186 1705 coo—

443 1725 585 1764 ptationis
600 1725 768 1755 testimonio
784 1725 943 1754 secretario
961 1725 1184 1764 persolvuntm·.

481 1774 537 1808 Qui
559 1773 723 1803 rhetoricae
746 1773 808 1803 sive
831 1774 997 1803 matheseos
1019 1774 1049 1802 in
1073 1773 1126 1802 hac
1156 1783 1188 1802 u-

441 1823 613 1853 niversitate
635 1822 802 1852 cathedram
826 1822 1019 1852 obtinuerunt
1051 1825 1079 1852 et
1095 1823 1103 1838 ¹
1127 1830 1187 1850 ma-

442 1872 597 1910 gisterium
621 1871 650 1901 in
677 1871 791 1901 artibus
822 1871 893 1901 alibi
927 1871 1015 1901 etiam
1047 1880 1133 1910 quam
1157 1871 1187 1900 in

442 1921 591 1950 academia
614 1919 859 1956 Salmantieensi,
884 1920 1098 1958 Complutensi,
1123 1919 1188 1948 Val-

443 1970 598 1999 lisotetana
630 1973 679 1998 aut
711 1968 831 1998 Oscensi
868 1969 1019 1998 consecuti
1043 1968 1186 2004 fuissent,

443 2019 551 2057 gradus
574 2018 654 2048 illius
676 2018 946 2057 incorporationem
971 2019 1034 2047 sine
1051 2018 1188 2047 examine

443 2067 583 2106 consequi
607 2070 762 2106 poterunt,
798 2067 942 2106 stipendia
979 2071 1077 2096 tamen
1096 2091 1102 2103 ,
1128 2076 1187 2095 non
1209 2058 1211 2067 ¹

443 2125 528 2145 secus
565 2125 598 2145 ac
633 2116 657 2145 si
691 2125 813 2145 examen
846 2116 1063 2153 intercesserit,
1090 2116 1125 2145 iis
1154 2116 1189 2144 ad

444 2174 517 2204 quos
540 2164 684 2203 pertineat
706 2164 906 2194 distribuenda
932 2164 1110 2202 persolvent.

486 2214 517 2243 ln
540 2213 743 2243 doctoratihus
765 2213 937 2252 cooptandis
960 2223 992 2242 ea
1018 2218 1133 2243 tantum
1152 2214 1189 2242 sit

446 2262 602 2292 celebritas
620 2285 627 2298 ,
651 2266 683 2291 ut
707 2263 841 2292 doctores
865 2272 915 2292 seu
940 2262 1073 2300 magistri
1097 2262 1126 2291 in
1150 2262 1190 2292 lo-

447 2321 512 2341 cum
537 2311 703 2341 academiae
737 2315 909 2340 consuetum
942 2311 1138 2344 conveniant,
1163 2316 1191 2340 et

447 2369 540 2390 novus
563 2360 675 2397 collega
699 2359 796 2398 palam
809 2359 844 2388 ab
861 2359 999 2389 omnibus
1015 2360 1070 2389 rite
1087 2359 1191 2388 admit-

447 2414 537 2445 tatur,
551 2409 598 2438 cui
615 2409 706 2438 sessio
722 2409 751 2438 in
767 2408 820 2438 hac
838 2408 1030 2438 universitate
1054 2417 1190 2437 concessa

449 2458 634 2496 intelligatur
656 2467 670 2486 a
694 2457 741 2487 die
764 2466 821 2487 non
845 2457 972 2496 suscepti
995 2457 1046 2486 sed
1065 2457 1191 2496 cooptati

448 2506 570 2545 gradus.

488 2607 497 2632 1
522 2606 584 2641 Leg.
606 2607 659 2634 etsi
681 2608 717 2642 (a.
734 2608 784 2640 T.).

1017 218 1200 242 BULLARIUM
1225 218 1380 253 ROMA'NUM

1261 265 1315 301 Qui
1338 275 1392 296 nec
1414 265 1538 304 gradum
1561 265 1590 294 in
1613 265 1666 294 hac
1695 264 1889 294 universitate
1918 272 1965 294 re-

1222 316 1375 355 ceperint,
1400 325 1454 345 nec
1477 314 1545 344 alibi
1569 318 1737 353 susceptum
1771 314 1800 343 in
1834 313 1965 343 eamdem

1222 364 1352 402 legitime
1375 363 1552 403 cooptarint,
1576 363 1612 392 ad
1634 362 1777 400 regendas
1799 362 1964 400 cathedras,

1223 417 1251 442 et
1274 413 1428 452 plerasque
1461 412 1643 442 academicos
1666 411 1832 440 functiones
1847 433 1854 447 ,
1880 415 1912 440 ut
1935 410 1965 439 in

1223 461 1341 491 statutis
1364 460 1588 500 praescribitur,
1604 470 1655 499 pro
1673 469 1793 490 munere
1816 459 1966 489 obeundas

1223 519 1281 539 non
1305 509 1509 539 admittantur.

1222 585 1285 614 ΤΠ.
1305 583 1401 613 XXIX.
1423 602 1457 606 -—
1483 584 1522 613 De
1544 585 1683 613 doctorum
1705 594 1753 613 seu
1771 584 1967 621 magistrorum

1397 642 1521 662 consessu
1543 636 1568 660 et
1588 633 1793 671 praecedentia.

1272 703 1302 731 ln
1339 703 1442 742 quovis
1478 703 1631 732 doctorum
1672 712 1723 732 seu
1759 702 1966 740 magistrorum
1979 707 2163 732 Sessiomsordo.

1224 761 1384 790 congressu
1416 752 1454 781 ita
1490 752 1630 781 sessionis
1659 751 1729 781 ordo
1761 751 1913 789 digeratur
1935 754 1967 780 ut

1224 800 1303 830 inter
1325 801 1474 838 theologos
1508 805 1536 830 et
1569 800 1804 836 iurisconsultos,
1829 800 1878 838 qui
1902 808 1968 838 pro-

1225 849 1336 878 miscue
1371 849 1499 878 assidere
1532 849 1661 886 debent,
1689 849 1782 887 gradu
1817 848 1968 887 antiquior

1226 898 1419 936 praeferatur,
1438 907 1510 936 quos
1529 898 1667 936 deinceps
1684 897 1789 927 medici
1805 897 1966 936 excipiant,

1226 949 1255 974 et
1277 950 1425 984 postremo
1449 946 1511 975 loco
1535 946 1713 985 philosophi,
1732 949 1820 984 prout
1835 946 1865 975 in
1882 938 1968 975 titulo

1226 994 1353 1023 secundo
1376 994 1521 1023 sancitum
1544 998 1597 1023 est.
1613 994 1664 1024 llic
1681 995 1751 1024 ordo
1768 1004 1821 1033 pro
1837 994 1968 1023 omnium

1227 1043 1370 1080 graduum
1388 1047 1415 1072 et
1432 1043 1646 1081 professionum
1670 1043 1763 1072 classe
1782 1044 1868 1072 etiam
1891 1044 1970 1073 inter

1227 1091 1389 1127 scholares,
1403 1100 1468 1120 cum
1487 1092 1602 1121 occasio
1619 1091 1730 1129 tulerit,
1751 1091 1967 1121 observabitur.

1268 1141 1342 1169 Cum
1379 1140 1565 1178 singularum
1598 1140 1770 1170 facultatum
1805 1140 1969 1179 peculiares

1228 1188 1573 1226 congressus‘hahentur
1587 1212 1594 1225 ,
1619 1189 1768 1228 antiquior
1786 1198 1819 1218 ex
1843 1188 1972 1219 doctori-

1228 1236 1282 1265 bus
1302 1261 1308 1274 ,
1334 1237 1384 1276 qui
1417 1242 1640 1274 convenerunt,
1664 1237 1821 1267 dummodo
1844 1237 1882 1267 sit
1904 1246 1971 1276 prc-

1228 1285 1320 1315 fessor
1342 1286 1521 1323 ordinarius,
1547 1287 1674 1324 primum
1698 1287 1727 1316 in
1751 1286 1921 1324 subselliis,
1945 1286 1971 1315 si

1230 1344 1296 1363 vero
1319 1335 1432 1364 alienae
1456 1335 1602 1370 facultatis
1618 1336 1752 1365 doctores
1768 1334 1969 1372 interfuerint,

1230 1384 1394 1423 proximum
1418 1384 1475 1414 ob¹
1500 1394 1533 1414 eo
1556 1386 1652 1414 locum
1675 1385 1839 1414 obtineant.

1268 1433 1337 1463 Cum
1372 1434 1566 1463 cancellarius
1600 1434 1696 1463 aulam
1729 1433 1915 1472 ingreditur,
1940 1437 1972 1462 ut

1228 1482 1441 1512 assertionibus
1465 1482 1589 1521 publicis
1624 1483 1749 1522 aliisque
1779 1482 1892 1512 actibus
1919 1491 1971 1521 pro

1229 1540 1350 1560 munere
1373 1531 1500 1568 intersit,
1524 1531 1699 1561 candidatus
1722 1531 1872 1570 paulisper
1904 1530 1972 1560 sub-

1229 1579 1332 1617 sistat,
1365 1579 1484 1609 brevem
1519 1581 1715 1610 narrationem
1743 1590 1863 1618 eorum,
1897 1589 1972 1619 quae

1229 1631 1299 1657 tunc
1322 1632 1495 1665 tractantur,
1518 1633 1635 1665 atterat,
1661 1629 1836 1668 veniamque
1858 1628 1973 1658 urbana

1230 1678 1261 1703 ut
1296 1675 1385 1704 moris
1417 1679 1461 1704 est
1494 1675 1669 1705 salutatione
1692 1675 1727 1705 ab
1750 1676 1853 1704 eodem
1878 1679 1970 1715 petat.

1230 1723 1313 1752 Ilunc
1330 1732 1399 1752 vero
1419 1723 1571 1759 honorem,
1591 1728 1647 1753 tam
1665 1724 1726 1762 ipse
1743 1733 1829 1763 quam
1847 1733 1972 1761 arguen-

1231 1775 1273 1800 tes
1288 1794 1295 1807 ,
1319 1772 1495 1801 cancellario
1529 1776 1642 1801 tantum
1658 1797 1665 1810 ,
1691 1777 1839 1811 praeterea
1861 1772 1972 1802 nemini

1231 1820 1400 1849 exhibeant.

1250 1895 1313 1925 Τιτ.
1338 1895 1420 1924 XXX.
1438 1913 1477 1918 —
1500 1895 1539 1925 De
1561 1896 1617 1925 loco
1639 1897 1741 1926 anseris
1763 1898 1793 1926 in
1815 1897 1954 1926 academici

1514 1946 1693 1975 concedendo.

1273 2015 1304 2045 ln
1328 2016 1454 2055 publicis
1486 2020 1514 2045 et
1544 2016 1724 2045 solemnibus
1747 2017 1899 2046 doctorum
1923 2026 1974 2047 seu

1233 2065 1442 2102 n‘tagistrorum
1463 2065 1668 2099 conventibus,
1686 2065 1797 2094 nemini
1814 2065 1911 2102 liceat,
1925 2075 1975 2095 ex-

1234 2119 1318 2152 cepto
1341 2118 1569 2150 conservatore,
1597 2113 1674 2143 inter
1703 2113 1838 2143 doctores
1865 2114 1975 2143 eisdem

1234 2163 1372 2192 assidere.
1397 2162 1427 2191 In
1452 2162 1558 2191 ceteris
1581 2171 1648 2191 vero
1681 2163 1828 2202 plerisque
1851 2164 1977 2193 functio-

1235 2211 1321 2240 nibus
1359 2216 1494 2250 poterunt
1527 2211 1562 2240 ad
1595 2211 1763 2241 scholastici
1801 2211 1975 2241 arbitratum

1235 2260 1325 2288 exteri
1348 2260 1484 2289 doctores
1506 2260 1632 2295 admitti,
1657 2269 1689 2288 ac
1711 2260 1766 2289 viri
1789 2260 1876 2289 etiam
1893 2269 1976 2299 prae-

1235 2307 1317 2343 clari,
1342 2312 1392 2337 aut
1416 2309 1444 2337 in
1468 2308 1568 2346 aliqua
1590 2308 1733 2345 dignitate
1756 2309 1920 2347 constituti,
1943 2313 1976 2339 ut

1236 2360 1263 2385 et
1286 2361 1403 2395 praetor
1425 2357 1589 2395 Cervariae,
1614 2357 1720 2396 quibus
1743 2362 1807 2396 post
1830 2357 1977 2397 antiquio-

1236 2414 1295 2434 rem
1321 2405 1401 2434 locus
1423 2406 1599 2443 assignetur.

1276 2455 1350 2483 Cum
1373 2454 1525 2484 Cervariae
1547 2455 1650 2484 civitas
1673 2455 1848 2485 academicis
1863 2454 1979 2485 actibus

1237 2503 1391 2540 intererit,
1416 2508 1480 2542 post
1508 2503 1705 2543 antiquiorem
1730 2508 1847 2543 praetor
1869 2503 1979 2533 asside-

1276 2607 1284 2631 t
1310 2606 1374 2640 Leg.
1395 2605 1430 2632 ab
1451 2613 1499 2641 pro
1519 2605 1552 2631 ob
1572 2606 1609 2639 (n.
1627 2607 1677 2637 r).

1975 215 2024 242 An.
2040 214 2069 241 C.
2089 214 2161 244 1730
