2182 3137
59 269 106 297 An.
123 267 151 295 C.
170 266 237 294 1734

864 263 1004 287 CLEMENS
1038 262 1085 285 PP.
1111 262 1154 286 ΧΠ

254 318 369 347 contra
413 313 498 347 illius
543 318 801 355 transgressores
845 311 974 344 inflictis
990 338 997 351 ‚

255 369 454 412 plectantur.

300 421 400 454 Porro
418 419 598 454 locationes
624 430 680 453 seu
706 418 841 457 affictus,
863 423 924 450 tam
946 427 998 449 ve-

255 474 420 517 ctigalium
437 501 444 514 ,
472 484 553 517 quae
579 473 727 516 gabellae
754 476 808 504 aut
834 470 920 503 datia
951 470 998 502 di-

255 533 390 567 cuntur,
417 538 511 571 quam
549 526 684 559 aliorum
720 533 996 568 quorumcumque

255 581 455 620 reddituum,
475 585 702 623 proventuum,
724 577 842 610 iurium
861 581 894 609 et
911 586 998 609 emo-

255 634 474 666 lumentorum
501 633 540 665 ad
566 641 738 665 commune
756 630 901 674 ipsarum
927 629 997 662 civi-

256 692 355 719 tatum
381 692 413 720 et
437 688 581 720 locorum
608 685 770 718 aerarium
796 683 999 727 quomodoli-

255 740 311 773 bet
336 740 564 783 spectantium,
589 738 758 771 statuimus
783 743 814 770 et
839 737 996 775 iubemus,

256 794 390 827 omnino
417 794 553 827 servatis
579 792 759 833 servandis,
786 797 883 835 atque
910 790 998 824 adhi-

255 847 333 880 bitis
369 846 627 880 solemnitatibus
657 856 739 888 quae
772 845 811 878 de
845 845 915 876 iure
946 848 999 876 aut

257 901 433 934 cuiuslibet
458 900 520 933 loci
547 904 663 933 statuto
688 901 738 933 vel
762 898 998 932 consuetudine

255 954 481 997 requiruntur,
499 964 569 986 eum
589 953 742 996 personis
768 952 831 985 tide
851 957 882 985 et
900 951 1000 984 sacul-

256 1007 375 1040 tatibus
398 1007 537 1046 idoneis,
560 1017 641 1050 quae
666 1006 794 1039 idoneis
820 1005 943 1048 pariter
967 1004 998 1036 in

255 1060 388 1104 publico
424 1059 560 1093 consilio
602 1059 793 1103 approbatas
833 1058 999 1091 cautiones

256 1119 435 1158 praestent,
462 1114 536 1146 iniri
562 1117 592 1147 et
616 1113 767 1147 contrahi
794 1113 938 1151 debere,
968 1112 998 1144 in

257 1167 375 1210 quibus
400 1177 478 1200 sane
504 1167 720 1200 locationibus
750 1177 806 1199 seu
843 1165 1000 1198 affictibus

259 1230 296 1252 ea
321 1230 452 1263 semper
476 1220 619 1253 conditio
652 1225 683 1252 et
716 1219 823 1262 pactio
849 1219 998 1257 addatur,

258 1278 294 1305 ut
318 1273 409 1316 ipsae
428 1273 675 1307 communitates
693 1273 757 1305 sive
776 1272 1000 1304 universitates

259 1327 300 1359 ab
325 1327 412 1359 omni
438 1337 572 1370 prorsus
592 1326 790 1359 detractione
809 1337 864 1358 seu
885 1325 1000 1358 remis-

259 1379 359 1419 sione,
387 1385 426 1420 et,
453 1386 487 1412 ut
513 1381 610 1423 vulgo
637 1379 762 1418 dieitur,
784 1378 1000 1412 defalcatione

259 1444 296 1467 ex
323 1444 529 1477 quocumque
555 1443 590 1466 ac
622 1432 792 1476 inopinato
826 1437 857 1464 et
889 1431 1001 1464 insoli-

261 1486 384 1520 tissimo
410 1486 487 1519 belli
513 1485 674 1524 incursus,
699 1485 836 1517 militum
858 1484 1000 1527 depopu-

259 1540 402 1580 lationis,
427 1550 578 1582 agrorum
605 1538 798 1581 direptionis
831 1544 883 1570 aut
909 1537 1002 1570 sicci-

260 1593 341 1634 tatis,
368 1592 552 1633 alluvionis,
579 1591 760 1634 grandinis,
787 1590 999 1633 tempestatis,

260 1647 420 1686 incendii,
447 1651 501 1679 aut
536 1646 599 1678 alio
636 1645 748 1688 quovis
774 1644 911 1677 maxime
937 1643 1002 1676 sor-

260 1699 340 1732 111110
371 1709 461 1738 casu,
487 1705 582 1742 atque
615 1709 652 1731 ex
683 1697 795 1741 quovis
820 1697 939 1740 capite,
965 1707 1002 1729 ac

261 1752 356 1785 ctiam
382 1751 528 1794 legitima
546 1757 577 1784 et
594 1751 723 1794 urgenti
745 1749 928 1783 amissionis
947 1754 1001 1782 aut

261 1805 487 1839 diminutionis
513 1805 686 1844 fructuum,
714 1804 810 1836 etiam
838 1803 926 1836 omni
952 1803 1000 1836 vel

260 1858 392 1891 maioris
417 1858 535 1901 partis,
562 1863 616 1890 aut
641 1856 842 1897 sterilitatis,
865 1857 914 1889 vel
941 1856 1002 1890 alia

262 1911 374 1955 quavis
392 1913 486 1944 causa
504 1911 643 1953 cogitata
659 1911 708 1943 vel
727 1908 934 1953 excogitata¹,
952 1920 1003 1942 co-

262 1965 385 2008 gitabili
408 1965 457 1997 vel
483 1964 694 2006 incogitabili,
716 1964 780 1996 sint
798 1974 930 2006 prorsus
949 1963 1003 1995 im-

262 2029 400 2058 munes;
428 2028 488 2050 nec
513 2018 552 2050 ad
574 2017 603 2050 id
624 2017 695 2059 cogi
717 2017 854 2060 possint,
877 2017 1001 2050 etiamsi

262 2072 302 2105 de
328 2073 399 2104 iure
418 2076 615 2110 tenerentur,
635 2071 689 2103 sed
709 2071 855 2113 integrae
874 2081 1003 2114 semper

263 2124 493 2168 responsiones
520 2130 549 2157 et
575 2124 809 2166 praestationes
842 2134 897 2156 seu
924 2133 1004 2166 pen-

262 2178 368 2211 siones
393 2187 518 2210 annuae
544 2177 666 2220 absque
692 2178 758 2209 ulla
787 2176 1003 2209 diminutione

262 2242 321 2275 per
337 2232 426 2275 ipsos
446 2231 659 2264 conductores
677 2231 723 2264 eis
741 2231 821 2264 solvi
841 2231 1001 2272 debeant;

264 2290 295 2319 et
319 2284 463 2328 quamvis
482 2290 611 2327 pactum
631 2283 816 2316 huiusmodi
844 2284 951 2316 forsan
972 2284 1003 2315 in

264 2337 483 2371 contractibus
498 2338 652 2370 omissum
668 2336 773 2376 suerit,
790 2336 1004 2369 nihilomiuus

263 2391 374 2434 vigore
418 2390 639 2434 praesentium
685 2390 866 2423 litterarum
912 2389 1005 2421 tacite

264 2444 372 2477 inesse
410 2449 442 2477 et
475 2443 677 2485 subintelligi
705 2442 842 2482 debere,
867 2442 1006 2485 perinde

264 2507 301 2530 ac
325 2497 351 2529 si
384 2496 416 2529 id
442 2497 546 2539 ipsum
572 2496 656 2529 inter
691 2495 928 2528 contrahentes
954 2506 1008 2528 ex-

264 2560 377 2594 presse
417 2554 546 2583 cautum
583 2554 615 2582 et
650 2554 841 2582 conventum
878 2548 1006 2589 suisset,

265 2603 393 2637 sublata
418 2602 570 2637 omnibus
587 2602 759 2643 iudicibus,
778 2602 874 2635 etiam
891 2600 1005 2635 S.R.E.

307 2668 314 2695 1
337 2666 451 2694 Videtur
470 2665 614 2703 legendum
636 2665 793 2701 incayilalti
815 2665 852 2701 (n.
870 2664 918 2700 T.).

1041 310 1277 349 cardinalibus,
1304 321 1339 342 ac
1364 310 1444 343 sacri
1472 310 1580 353 palatii
1607 309 1781 352 apostolici

1041 363 1254 402 auditoribus,
1272 363 1366 396 aliter
1391 362 1555 395 iudicandi
1576 369 1603 395 et
1625 362 1783 405 interpre-

1044 415 1129 448 tandi
1159 416 1322 449 facultate.

1085 468 1307 512 Depositarios
1344 480 1471 513 quoque
1506 470 1717 513 pecuniarum
1752 475 1782 502 et

1042 522 1230 555 introituum
1257 524 1437 555 communis
1463 525 1579 556 aerarii
1609 524 1784 557 cuiuslibet

1042 576 1284 608 communitatis
1310 576 1375 608 sire
1402 577 1619 609 universitatis
1645 588 1709 610 non
1729 577 1783 609 ali-

1043 634 1091 662 ter
1130 629 1204 671 eligi
1247 629 1394 672 deputari
1435 636 1488 662 aut
1528 631 1651 662 admitti
1695 632 1784 663 volu-

1043 693 1135 721 mus,
1162 682 1245 721 nisi,
1273 683 1461 725 priusquam
1488 683 1525 715 ad
1553 694 1668 715 munus
1695 695 1783 716 assu-

1043 741 1150 773 mant,
1178 735 1349 774 idoneam,
1376 735 1509 768 arbitrio
1535 737 1783 778 gubernatoris,

1043 789 1203 832 praesidis
1221 794 1275 821 aut
1293 789 1471 832 potcstatis,
1491 791 1672 822 cautionem
1695 801 1785 832 prae-

1043 848 1150 883 stent;
1179 843 1324 886 alioquin
1363 848 1424 875 tam
1464 843 1549 885 ipsas
1585 844 1783 883 locationes,

1042 896 1164 928 affictus
1189 906 1243 928 seu
1271 897 1429 938 appaltus,
1450 907 1544 939 quam
1572 896 1786 939 depositario-

1044 960 1114 982 rmn
1153 949 1381 992 deputationes
1417 949 1484 982 sire
1521 949 1698 982 electiones
1733 955 1786 982 aut

1044 1001 1258 1034 admissiones
1278 1012 1363 1041 ,cum
1384 1001 1535 1034 omnibus
1554 1001 1629 1034 inde
1656 1003 1784 1041 secutis,

1044 1056 1137 1088 etiam
1179 1055 1380 1097 obligatione
1421 1055 1452 1087 in
1494 1055 1596 1087 forma
1632 1054 1785 1088 Gamerae

1044 1109 1251 1152 Apostolieae
1276 1108 1456 1141 iuramento
1483 1114 1536 1140 aut
1567 1109 1786 1141 instrumento

1044 1162 1176 1205 publico
1211 1161 1358 1198 vallatas,
1387 1160 1493 1193 irritas
1520 1166 1551 1194 et
1575 1161 1680 1194 nullas
1711 1171 1787 1193 cen-

1044 1215 1120 1248 seri.
1159 1215 1195 1247 Et
1232 1214 1448 1247 nibilominus
1485 1214 1693 1256 magistratus
1728 1224 1784 1246 seu

1045 1268 1209 1307 officiales,
1230 1269 1284 1311 qui
1303 1273 1489 1300 contractus
1515 1267 1602 1310 ipsos
1621 1267 1786 1307 inivcrint,

1045 1321 1258 1365 depositarios
1283 1321 1498 1361 admiserint,
1526 1321 1574 1353 vel
1602 1320 1632 1352 in
1657 1320 1787 1363 publico

1045 1375 1180 1408 consilio
1218 1385 1385 1407 assensum
1424 1374 1590 1413 dederint,
1617 1375 1680 1406 una
1717 1384 1788 1406 cum

1045 1428 1162 1461 ceteris
1189 1427 1489 1466 consentientibus,
1513 1427 1635 1470 pariter
1658 1426 1785 1470 poenis,

1045 1482 1076 1514 in
1115 1482 1176 1514 liae
1213 1480 1448 1514 constitutione
1474 1480 1658 1523 expressis,
1688 1480 1787 1513 teneri

1046 1535 1248 1568 decernimus
1275 1539 1305 1567 et
1330 1534 1545 1566 declaramus.

1090 1589 1261 1622 Praeterea
1279 1587 1472 1620 auctoritate
1491 1587 1679 1630 apostolica,
1701 1591 1790 1620 teno-

1045 1653 1079 1676 re
1105 1642 1293 1675 earumdem
1320 1641 1562 1685 praesentium,
1589 1651 1788 1681 revocamus,

1045 1697 1209 1729 irritamus
1236 1701 1268 1728 et
1293 1696 1499 1727 annullamus
1518 1705 1630 1727 omnes
1647 1701 1678 1727 01
1695 1705 1789 1738 quas-

1045 1760 1187 1793 cumque
1214 1749 1448 1792 exemptiones,
1472 1748 1712 1787 immunitates,
1739 1758 1789 1780 re-

1046 1804 1232 1843 missiones,
1259 1802 1515 1835 condonationes
1542 1801 1669 1841 iurium,
1692 1807 1788 1844 atque

1046 1868 1182 1891 onerum
1202 1855 1338 1889 realium
1357 1860 1386 1888 et
1404 1854 1636 1898 personalium,
1661 1859 1714 1886 aut
1736 1854 1789 1886 mi-

1046 1917 1185 1951 xtorum,
1207 1909 1359 1943 Camerae
1378 1907 1582 1951 apostolicae
1602 1917 1658 1940 seu
1678 1917 1789 1939 eorum

1047 1963 1209 1998 communi
1237 1961 1361 1995 aerario
1388 1961 1594 2001 debitorum,
1616 1965 1670 1992 aut
1695 1959 1790 1992 vecti·

1047 2018 1188 2060 galium,
1214 2016 1416 2057 gabellarum
1433 2042 1439 2054 ,
1466 2013 1626 2046 datiorum
1643 2040 1650 2055 ,
1675 2017 1790 2055 porto-

1047 2071 1185 2109 riorum,
1213 2069 1435 2107 dolianarum,
1461 2067 1691 2105 collectarum,
1715 2065 1790 2097 sub·

1047 2123 1204 2156 sidiorum
1221 2148 1228 2161 ‚
1254 2119 1556 2159 contributionum,
1583 2118 1682 2151 cuivis
1718 2128 1791 2160 par·

1049 2176 1174 2210 ticulari
1201 2184 1364 2219 personae
1384 2184 1443 2217 pro
1466 2174 1533 2205 rata
1559 2172 1633 2204 illos
1657 2181 1791 2214 quomo-

1049 2230 1171 2263 dolibet
1197 2227 1353 2270 tangenti,
1372 2227 1436 2259 sive
1460 2225 1630 2269 praesidiis
1657 2229 1710 2257 aut
1734 2225 1791 2257 bo-

1048 2284 1098 2316 nis
1123 2293 1181 2326 per
1207 2292 1261 2314 eas
1287 2280 1457 2323 possessis,
1484 2290 1542 2322 per
1568 2288 1790 2322 quascumque

1049 2335 1299 2369 communitates
1326 2343 1381 2365 seu
1401 2331 1627 2364 universitates
1654 2341 1691 2363 ex
1717 2341 1791 2374 qua-

1049 2390 1094 2422 vis
1133 2390 1228 2422 causa
1267 2387 1361 2420 etiam
1401 2386 1544 2429 legitima
1582 2391 1613 2418 et
1648 2385 1687 2418 de
1723 2385 1791 2417 iurc

1050 2442 1160 2475 debita
1185 2451 1240 2474 seu
1268 2439 1436 2483 permissa,
1463 2438 1567 2481 qualis
1594 2443 1643 2470 est
1667 2438 1709 2471 ob
1734 2447 1792 2470 nu-

1050 2505 1174 2528 merum
1201 2493 1372 2526 duodecim
1400 2491 1559 2531 liliorum,
1585 2495 1615 2524 01
1640 2501 1792 2534 quacum-

1051 2559 1113 2592 que
1132 2547 1314 2586 occasione,
1330 2546 1425 2578 etiam
1443 2544 1500 2577 sub
1519 2549 1687 2588 praetextu
1707 2545 1791 2578 tituli

1051 2601 1183 2635 onerosi
1221 2605 1252 2633 et
1291 2604 1474 2632 contractus
1514 2598 1600 2632 ultro
1643 2599 1792 2643 citroque

1051 2653 1258 2700 obligatorii,
1286 2652 1380 2686 etiam
1416 2651 1550 2697 publico
1586 2651 1724 2687 consilio
1761 2657 1793 2686 et

1682 250 1746 284 589
1792 259 1840 287 An.
1859 258 1887 286 c.
1910 259 1977 287 1131
