2182 3137
113 254 160 280 An.
178 252 206 279 C.
230 251 299 278 1730

117 947 236 970 De'reuulis
248 946 300 967 Can-

117 973 220 994 oetlarlae
253 978 300 999 pro*

118 999 229 1021 ducendis.

928 245 1069 268 CLEMENS
1097 246 1139 269 XII
1166 246 1214 269 PP.

308 299 394 331 iuxta
413 298 594 331 facultatem
613 305 710 338 super
738 295 801 327 boe
828 294 887 326 sibi
916 303 1048 325 conres-

309 362 377 385 sam
390 350 558 393 signatae),
575 349 629 381 sed
647 347 733 380 iuxta
748 347 930 380 litterarum
947 355 1048 388 super

310 404 433 437 eisdem
446 400 727 445 impetrationibus
739 405 769 432 et
779 398 1047 432 concessionibus

310 457 527 490 confectarum
554 459 682 486 tenores
704 459 735 486 et
761 453 879 485 formas
907 450 1049 484 iudicare

310 510 458 543 debeant.
476 508 662 541 Decernens
681 506 819 545 irritum,
834 511 892 538 etc.
909 504 946 537 Et
960 505 984 536 si
1004 504 1050 537 lit-

312 569 398 595 terae
423 561 514 604 ipsae
539 569 597 604 per
622 558 973 603 praeoccupationem,
999 558 1049 590 vel

310 615 403 654 alias,
418 614 523 646 minus
541 613 625 646 bene
644 612 814 655 expeditae
834 611 1050 654 reperiantur,

312 668 350 701 ad
370 668 510 705 illorum,
530 676 667 710 quorum
686 665 836 705 interest,
852 663 1050 703 instantiam,

311 721 350 754 ad
370 719 587 764 Apostolicam
607 718 842 753 Cancellariam
862 717 981 750 remitti
996 727 1052 760 po—

311 778 420 806 terunt
437 783 496 816 per
513 772 583 805 eius
602 771 774 811 officiales,
795 770 913 814 quibus
940 770 1052 802 huius-

311 825 398 859 modi
424 829 553 858 tenores
571 829 602 856 et
620 824 740 857 formas
757 823 957 865 restringere
975 833 1052 855 con-

311 878 416 919 venit,
441 878 482 911 ad
509 878 626 910 formas
650 877 774 909 debitas
800 875 1021 909 reducendae.

354 931 569 971 xxv111.1iem,
588 931 759 964 attendens
775 930 924 963 dominus
939 934 1053 962 noster

312 986 398 1029 Papa
431 985 519 1029 quod
546 994 642 1027 super
668 983 826 1016 habendis
853 983 892 1016 de
918 982 1052 1016 Cancel-

313 1039 393 1072 laria
417 1037 603 1081 Apostolica
639 1037 760 1079 regulis
795 1041 827 1069 et
852 1035 1056 1069 constitutio-

314 1092 411 1125 nibus
436 1091 515 1124 inibi
542 1090 712 1133 descriptis
739 1089 876 1122 faciliter
906 1099 964 1132 per
990 1099 1054 1127 eos,

315 1144 371 1188 qui
397 1144 430 1177 in
463 1144 606 1177 Romana
631 1143 723 1176 Curia
748 1141 989 1185 indeguerint¹,
1017 1142 1054 1174 ad

316 1199 421 1242 ipsam
445 1197 678 1232 Cancellariam
706 1206 855 1230 recursus
882 1195 976 1238 dirigi
1002 1206 1056 1239 po-

318 1258 389 1292 test,
419 1261 479 1284 nec
503 1251 686 1285 consultum
712 1250 807 1291 foret,
835 1250 934 1293 quod,
959 1259 1057 1292 super

317 1306 506 1340 earumdem
532 1306 718 1348 regularum
735 1309 767 1337 et
788 1303 1056 1337 constitutionum

318 1361 419 1404 (quas
433 1358 445 1376 ²
464 1359 552 1392 iuxta
583 1359 771 1391 varietatem
792 1357 1058 1390 concurrentium

318 1422 491 1446 causarum
516 1417 547 1444 et
570 1411 785 1455 negociorum
807 1411 980 1453 aliquoties
1002 1411 1059 1442 im-

319 1467 437 1500 mutari
466 1466 640 1509 convenit)
666 1465 836 1509 probando
874 1470 986 1498 tenore
1011 1464 1059 1497 vel

320 1519 449 1560 effectu,
467 1519 595 1552 testium
627 1519 819 1562 plerumque
843 1523 988 1551 tenacem
1008 1518 1060 1550 de-

320 1583 417 1617 super
433 1564 624 1606 memoriani
650 1582 716 1605 non
742 1571 930 1604 habentium
961 1571 1060 1613 depo-

320 1626 492 1659 sitionibus
517 1625 596 1658 stari
622 1625 775 1664 deberet,
801 1624 921 1663 voluit,
949 1623 1061 1656 statuit

320 1685 352 1713 et
375 1679 549 1719 ordinavit,
569 1677 656 1721 quod
682 1677 836 1719 deinceps
858 1676 998 1720 quilibet
1023 1687 1059 1709 ex

320 1724 525 1767 auditofihus
550 1742 724 1766 causarum
745 1731 856 1774 palatii
883 1731 1059 1774 apostolici,

320 1791 352 1820 ct
376 1786 447 1820 aliis
466 1785 606 1829 (etiamsi
624 1785 655 1818 S.
672 1785 709 1818 R.
729 1785 763 1817 E.
783 1785 847 1817 sint
866 1784 1060 1828 cardinales)

321 1840 354 1873 in
378 1840 449 1883 ipsa
465 1838 558 1872 Curia
579 1848 637 1882 pro
657 1844 803 1881 tempore
826 1837 989 1881 deputatis
1008 1848 1063 1870 au-

322 1893 472 1928 ctoritate
497 1892 680 1936 apostolica
705 1891 882 1932 iudicibus,
903 1891 1000 1924 etiam
1032 1892 1061 1924 in

322 1947 427 1981 causis
452 1951 525 1980 actu
550 1945 791 1989 pendentibus,
820 1955 920 1988 super
946 1945 1059 1977 liuius-

323 2001 410 2034 modi
432 2006 542 2033 tenore
561 1999 609 2032 vel
631 1998 748 2032 etl'ectu
773 1998 954 2041 probando,
974 1998 1064 2031 dum-

324 2058 410 2087 taxat
446 2057 508 2086 stet
542 2051 706 2094 fidemque
739 2051 893 2084 adhibeat
929 2050 1063 2083 cedulae

324 2117 382 2141 seu
407 2106 588 2149 scripturae
614 2105 754 2148 desuper
775 2115 792 2136 a
817 2105 943 2137 duobus
968 2103 1066 2136 maio-

323 2161 367 2194 ris
382 2159 631 2204 praesidentiae,
647 2159 735 2203 quod
750 2159 855 2192 danda
872 2158 920 2197 sit,
939 2168 957 2191 a
975 2163 1065 2200 tergo

326 2214 484 2257 signatae,
511 2219 543 2247 et
567 2213 664 2247 etiam
691 2223 708 2245 a
733 2212 858 2245 duobus
884 2211 955 2244 aliis
982 2211 1066 2244 litte-

326 2277 435 2300 rarum
456 2267 712 2310 apostolicarum
738 2265 1017 2298 abln‘eviatoribus
1035 2264 1065 2297 in

327 2321 398 2364 ipsa
421 2319 622 2354 Cancellaria
647 2319 855 2358 auscultatae,
876 2323 908 2351 et
924 2317 1069 2351 vicecan-

329 2373 464 2414 cellarii,
483 2383 537 2406 seu
562 2373 679 2406 dictam
697 2371 931 2406 Cancellariam
956 2381 1069 2414 regen-

332 2427 379 2467 tis,
395 2436 490 2459 manu
510 2426 719 2469 subscriptae,
733 2430 768 2458 ut
785 2424 881 2458 moris
897 2431 962 2465 est;
980 2424 1069 2468 quid-

330 2479 409 2524 quid
435 2484 541 2511 autem
565 2488 656 2511 secus
683 2478 752 2511 fieri
779 2477 971 2521 eontigerit,
998 2478 1070 2510 nul-

331 2535 393 2567 lius
419 2533 460 2566 sit
484 2532 610 2565 roboris
637 2533 685 2565 vel
711 2532 880 2565 momenti.

366 2605 379 2632 1
402 2604 473 2631 Edit.
495 2603 577 2630 Main.
597 2602 661 2638 legit
680 2603 864 2639 incliquerine
885 2606 925 2638 (u.
945 2603 994 2639 π).

333 2659 335 2661 ’
366 2648 382 2676 2
403 2648 475 2677 Edit.
497 2647 581 2675 Main.
602 2647 665 2683 legit
687 2656 760 2683 quae
781 2655 829 2683 pro
849 2656 922 2682 quas
941 2647 982 2682 (u.
1003 2648 1051 2680 τη).

441 2703 518 2732 Butt.
536 2703 620 2731 Hom.
689 2702 750 2731 Vol.
770 2701 876 2731 XXIII.
1023 2702 1039 2727 2

1777 236 1795 268 9

1136 303 1217 325 xxrx.
1252 293 1330 326 Item
1366 294 1516 326 deminus
1554 300 1664 326 noster
1701 294 1836 337 cupiens

1094 345 1196 378 litium
1222 347 1390 379 succidere
1416 348 1580 379 :infiat—tus

1093 398 1349 441 collitigantibus
1376 400 1621 433 adversariidcn
1650 407 1710 438 tur,
1732 400 1840 444 provi*

1093 451 1182 490 dere,
1207 451 1327 490 voluit,
1353 452 1464 483 statuit
1492 458 1522 484 et
1547 453 1717 491 ordinavit,
1739 454 1836 496 qued,

1094 504 1223 547 quoties
1250 504 1409 547 deinceps
1430 505 1572 547 aliquem
1599 516 1698 548 super
1724 506 1838 547 quovis

1094 557 1255 591 beneficio
1282 557 1508 591 ecclesiastico
1544 558 1779 601 emungant-un
1808 559 1838 590 iu

1094 610 1163 644 iure
1188 612 1239 644 vel
1265 612 1303 644 ad
1331 612 1391 651 ius,
1412 612 1437 644 si
1458 612 1543 654 quod
1568 612 1674 644 forsan
1697 613 1765 644 eius
1785 613 1839 644 :ul-

1093 664 1236 697 versario
1262 664 1294 696 in
1321 665 1406 697 dicto
1433 664 1593 697 beneficio
1619 665 1837 707 competierit,

1094 718 1264 760 subrogari
1291 717 1465 759 contigerit
1491 717 1683 759 (dmnmmlo
1710 718 1841 759 praedi-

1096 776 1166 803 ctus
1193 771 1380 813 collitigans
1399 770 1430 802 in
1450 770 1535 802 dicto
1554 769 1714 802 beneficio
1742 770 1842 801 intru-

1096 834 1148 856 sus
1174 834 1239 856 non
1268 823 1372 863 fuerit,
1399 833 1460 856 nec
1486 833 1582 866 super
1607 833 1645 855 eo
1664 828 1775 855 contra
1797 823 1842 854 di-

1097 882 1184 910 ctum
1210 876 1448 916 adversarium,
1476 881 1649 919 postquam
1677 875 1756 908 illud
1784 886 1842 918 per

1099 929 1273 962 triennium
1300 928 1436 972 pacifice
1466 928 1673 972 possederit,
1699 928 1737 960 lis
1766 933 1842 961 tunc

1098 987 1184 1015 mota
1220 982 1357 1024 fuerit),
1385 981 1526 1014 aliorum
1551 981 1776 1024 quorumlibet
1801 981 1841 1013 de

1098 1035 1277 1079 praemisso
1297 1035 1376 1076 iure,
1399 1035 1464 1068 sive
1484 1039 1558 1067 tunc
1575 1039 1683 1074 vacet,
1703 1035 1751 1067 vel
1771 1044 1843 1066 cum

1099 1089 1279 1128 vacaverit,
1305 1089 1552 1131 impetrationes
1586 1089 1636 1121 vel
1662 1086 1844 1120 concessio-

1099 1152 1168 1183 ΜΞ,
1191 1142 1289 1175 etiam
1317 1148 1407 1174 motu
1433 1141 1576 1184 proprio,
1597 1141 1681 1173 infra
1699 1151 1843 1173 mensem

1099 1201 1172 1230 ante
1188 1189 1433 1229 concessionem
1451 1195 1637 1228 huiusmodi
1655 1195 1765 1234 factae,
1778 1195 1845 1226 nul-

1100 1250 1162 1283 lius
1180 1249 1244 1282 sint
1263 1250 1390 1283 roboris
1410 1249 1459 1282 vel
1479 1248 1649 1282 momenti.
1671 1248 1707 1280 Et
1726 1248 1845 1281 nibilo-

1101 1303 1206 1336 minus
1231 1302 1365 1346 cupiens
1384 1313 1496 1335 eorum
1516 1301 1684 1334 fraudibus
1703 1301 1844 1341 obviare,

1100 1357 1155 1400 qui
1182 1356 1359 1389 viventium
1386 1356 1563 1394 beneficia,
1591 1356 1724 1388 illorum
1750 1365 1845 1397 prae-

1102 1409 1215 1442 sertim
1241 1409 1359 1452 quibus
1385 1414 1440 1441 aut
1472 1414 1606 1451 propter
1632 1408 1759 1441 scnium
1793 1413 1847 1440 aut

1102 1468 1236 1505 propter
1276 1461 1500 1494 infirmitatem
1542 1462 1728 1494 immineret
1763 1461 1846 1493 vitae

1103 1516 1283 1559 periculum
1300 1543 1306 1557 ,
1324 1515 1520 1558 impetrant,
1540 1520 1573 1546 ut
1595 1515 1658 1547 illis
1685 1514 1848 1547 deceden-

1104 1569 1189 1600 tibus
1216 1573 1379 1610 tamquam
1418 1567 1637 1610 collitigantcs
1671 1568 1701 1599 in
1736 1577 1847 1600 eorum

1104 1621 1227 1654 iuribus
1253 1621 1378 1654 facilius
1404 1622 1637 1663 subrogentur,
1661 1620 1787 1660 voluit,
1815 1625 1849 1652 ut

1104 1675 1259 1718 deinceps
1286 1675 1395 1707 nullus
1427 1674 1459 1707 in
1497 1674 1564 1707 iure
1601 1674 1650 1706 vel
1677 1674 1715 1706 ad
1742 1673 1791 1705 ius
1816 1673 1848 1705 in

1103 1728 1265 1762 beneficio
1292 1728 1446 1767 defuncti,
1470 1728 1555 1772 quod
1584 1727 1637 1760 illo
1664 1728 1790 1760 vivente
1816 1728 1848 1760 in

1104 1783 1232 1815 casibus
1259 1781 1445 1826 praemissis
1478 1783 1526 1814 vcl
1561 1781 1721 1814 similibus
1748 1781 1850 1824 impe-

1107 1835 1258 1875 traverit,
1286 1835 1396 1878 aliquo
1434 1835 1530 1867 modo
1568 1834 1791 1876 subrogetur,
1818 1839 1850 1867 et
1877 1876 1879 1879 ι

1106 1890 1294 1932 subrogatio
1313 1890 1360 1921 vel
1387 1888 1499 1930 gratia,
1519 1888 1543 1920 si
1571 1888 1693 1927 neutri,
1713 1887 1739 1919 si
1759 1887 1850 1927 nulli,

1107 1954 1164 1976 seu
1190 1953 1291 1975 novae
1319 1941 1526 1986 provisionis,
1556 1947 1611 1974 aut
1636 1940 1772 1984 perinde
1801 1952 1851 1973 va-

1107 1997 1202 2035 lere,
1229 1996 1337 2029 taliter
1364 1995 1550 2039 impetranti
1576 1994 1761 2027 nullatenus
1788 1994 1852 2026 suf-

1108 2051 1266 2094 fragetur:
1285 2049 1372 2093 quod
1398 2049 1494 2082 etiam
1514 2047 1718 2081 strictissime
1739 2048 1851 2081 obser-

1110 2105 1174 2138 vari
1193 2103 1357 2136 mandavit
1373 2103 1404 2135 in
1427 2101 1713 2145 impetrationibus
1731 2101 1853 2134 beneti-

1109 2158 1232 2191 ciorum
1248 2167 1307 2201 per
1321 2156 1536 2200 privationem
1551 2159 1582 2189 et
1598 2155 1798 2188 amotionem
1814 2164 1852 2187 ex

1110 2212 1275 2255 quibusvis
1302 2210 1494 2244 criminibus
1521 2214 1553 2242 et
1578 2209 1763 2242 excessibus
1789 2208 1854 2241 for-

1110 2275 1165 2298 san
1182 2263 1388 2308 perpetratis,
1405 2262 1531 2297 etiamsi
1547 2272 1648 2306 usque
1663 2261 1702 2294 ad
1715 2260 1853 2294 deliniti-

1112 2329 1181 2352 vam
1196 2317 1393 2352 sententiam
1405 2345 1412 2357 ‚
1427 2327 1509 2360 quae
1529 2322 1634 2349 tamen
1653 2316 1685 2347 iu
1704 2325 1773 2347 rem
1789 2324 1854 2347 non

1113 2371 1279 2405 transierit
1297 2371 1489 2410 iudicatam,
1509 2379 1696 2413 processum
1716 2369 1807 2401 foret.

1156 2436 1225 2459 xxx.
1253 2424 1332 2457 Item
1370 2424 1474 2457 voluit
1499 2429 1528 2456 et
1554 2421 1739 2462 ordinavit,
1767 2421 1856 2466 qued

1114 2489 1225 2512 omnes
1251 2478 1382 2520 gratiae,
1402 2487 1481 2520 quas
1500 2476 1539 2508 de
1561 2474 1728 2518 quibusvis
1754 2475 1857 2507 bene-

1114 2531 1195 2564 tieiis
1222 2530 1472 2571 ecclesiasticis,
1499 2539 1571 2562 cum
1603 2530 1679 2561 eura
1709 2528 1758 2560 vel
1785 2528 1856 2561 sine

1114 2586 1201 2625 eura,
1230 2582 1453 2617 saecularibus
1478 2582 1526 2616 vel
1553 2581 1771 2625 regularibus,
1798 2591 1858 2625 per

1115 2638 1239 2673 obitum
1262 2645 1538 2681 quarumcumque
1563 2645 1777 2680 personarum
1805 2645 1858 2670 va-

1844 245 1890 271 An.
1915 243 1943 270 (ἶ,
1968 244 2034 269 1730

1592 375 1598 385 ,
1624 354 1670 385 ct,
1699 358 1737 379 ne
1766 333 1896 379 nonis...

1879 307 1906 325 im
1919 313 1933 324 >-

1938 306 2033 328 :lungun-

1898 333 1977 351 mltum
1988 339 2007 351 iti

2011 334 2035 350 lt-

1895 2429 1928 2459 ltev
1941 2427 2052 2449 verisimili

1868 2457 1952 2477 notum.
