2182 3137
187 162 240 190 An.
256 162 285 190 C.
306 163 377 191 1730
422 155 488 188 110

220 2547 260 2570 Ῐῗιιῑ,
276 2551 289 2567 li
307 2553 365 2568 orum

385 214 508 252 priorem
529 217 554 242 et
575 213 727 252 capitulum
748 222 810 242 cum
832 214 890 252 ipso
910 216 1032 253 laetam,
1055 214 1129 244 ultra

390 272 494 301 poenas
515 263 545 292 in
567 262 618 291 hac
632 263 822 292 constitutione
837 268 865 292 ut
877 264 1068 302 praemittitur
1084 265 1130 294 de-

387 313 518 349 signatas,
538 311 573 340 sit
587 320 695 350 semper
710 311 824 340 ultimus
844 313 965 341 omnium
987 313 1129 342 monacho-

388 369 452 388 rum
478 361 522 388 sui
554 364 640 388 status
671 359 810 390 clericalis
840 360 882 390 vel
910 360 1039 398 laicalis,
1063 371 1128 400 quos

387 413 508 447 tempore
529 409 573 438 sui
594 418 733 446 regressus
754 410 783 438 in
805 410 969 439 monasterio
989 420 1036 439 suo
1051 421 1129 450 repe-

384 457 463 493 rerit,
485 466 534 486 nec
556 457 590 486 ad
611 457 783 494 confessoris⁷
800 457 900 486 vicarii
919 467 966 486 seu
986 459 1127 497 prioratus

385 506 477 543 officia
507 506 592 544 possit
622 505 689 543 eliyi
719 505 760 534 vel
786 507 907 540 assumi,
932 507 987 535 nisi
1013 516 1075 535 cunt
1098 516 1127 536 eo

388 562 438 592 per
459 553 587 591 yona-ate
615 554 789 592 capitulum,
814 558 838 583 et
870 559 935 583 tunc
967 556 1048 584 eliam
1067 560 1127 594 post

386 606 441 630 tres
456 611 541 630 annos
556 612 571 630 (ι
586 612 652 631 suae
672 603 905 632 reconciliationis
923 608 1041 642 tempore
1055 613 1125 633 com-

386 651 523 689 putandos
538 673 545 687 ‚
568 661 652 690 super
679 652 759 681 dictis
789 653 888 691 officiis
909 654 996 692 suerit
1017 654 1127 691 dispen-

385 703 483 728 satum.
507 699 671 735 Praeterea,
696 702 719 730 si
740 703 821 731 tertio
848 703 938 740 fuerit
969 702 1124 740 fugitivus,

387 748 476 777 adbuc
495 758 546 787 per
567 758 645 778 suum
666 750 790 788 priorem
811 754 836 778 et
857 750 1021 789 capitulum,
1043 755 1126 788 prout

386 798 587 835 praemittitur,
603 798 779 827 reconciliari
796 798 900 827 valebit.
921 797 1123 836 Verumtamen,

382 849 495 883 praeter
514 855 615 884 poenas
636 847 820 884 supradictas,
843 856 906 875 voce
927 847 1043 885 capitali
1062 857 1126 886 per-

383 897 465 931 petuo
486 894 521 922 sit
540 894 677 932 privatus.
701 894 819 933 Insuper
847 895 882 924 ad
900 896 1042 933 praedicta
1063 906 1126 924 eon-

383 942 498 979 fessoris
511 965 518 977 ‚
542 942 643 971 vicarii
664 947 689 970 et
709 943 851 981 prioratus
872 944 965 982 officia
987 944 1022 972 sit
1044 944 1126 973 ineli-

380 989 474 1027 gibilis
496 990 554 1028 ipso
568 992 651 1029 sacto.
672 989 765 1025 Quoad
786 1000 875 1019 vocem
897 995 987 1020 aulem
1009 992 1125 1030 capituli

383 1037 578 1075 obtinendam,
601 1040 701 1076 poterit
729 1049 790 1068 cum
812 1049 841 1067 eo
861 1049 913 1078 per
932 1040 1058 1076 yeneraIe
1080 1049 1126 1068 cti-

378 1085 504 1123 pitalum
526 1087 647 1125 faciliter
663 1088 829 1126 dispensari.
849 1087 975 1117 Ceterum
990 1089 1014 1116 si
1029 1091 1125 1126 quarto

381 1136 521 1172 suyitieus
542 1136 674 1172 extiterit,
698 1137 757 1165 eius
780 1136 967 1165 reconciliatio
991 1137 1025 1165 ad
1045 1146 1125 1173 yene-

381 1183 441 1212 rale
456 1184 609 1222 capitulum
627 1185 792 1214 solummodo
805 1186 954 1224 pertinebit
976 1186 1062 1224 quoad
1078 1187 1124 1215 lla-

384 1231 573 1268 bilitationem,
591 1243 672 1272 quam
692 1238 781 1263 lamen
802 1235 874 1263 idem
895 1235 1049 1274 capitulum
1071 1245 1122 1264 non

381 1279 457 1309 debet
478 1282 580 1319 facere,
605 1283 659 1311 nisi
678 1283 760 1321 prius
781 1283 825 1311 sui
844 1284 950 1321 prioris
967 1287 992 1312 et
1009 1293 1124 1312 consen-

381 1330 427 1357 lus
450 1329 545 1359 bonam
574 1331 797 1369 informatiom'm
827 1331 951 1360 habuerit
972 1341 1055 1370 super
1077 1342 1123 1361 ne-

379 1380 452 1416 gotio
475 1379 631 1408 huiusmodi
652 1380 766 1417 fugitivi
779 1391 789 1414 ,·
811 1383 835 1409 et
856 1383 921 1409 tuno
933 1380 1061 1417 ‘qenerale
1079 1389 1124 1409 ca-

378 1427 503 1466 pitulum
521 1428 678 1466 praedictas
707 1437 827 1466 poenas,
854 1432 901 1457 aut
927 1431 1008 1457 etiam
1031 1429 1120 1463 alias,

381 1480 465 1514 prout
487 1476 539 1505 sibi
559 1476 716 1513 videbitur,
740 1477 827 1506 eidem
847 1478 967 1516 fuyitivo
988 1478 1121 1516 imponat,

383 1524 427 1552 rel
450 1524 574 1553 eumdem
595 1525 630 1553 acl
650 1525 846 1554 monasterium
873 1535 952 1554 suum
981 1526 1121 1562 remittat,

384 1572 448 1601 illas
465 1583 616 1609 pissinum
640 1573 757 1607 itiam,-
780 1574 849 1612 quod
871 1575 1010 1603 decentius
1032 1579 1056 1603 et
1077 1585 1124 1603 ear—

378 1621 536 1659 pedienlius
558 1622 718 1651 estimatur.
741 1621 842 1650 Poterit
870 1623 951 1651 etiam
980 1626 1061 1660 pater
1080 1632 1125 1660 ye-

381 1669 488 1699 neralis
509 1671 598 1708 ipsum
621 1671 655 1698 acl
678 1670 803 1699 ordinent
823 1671 957 1709 recipere,
971 1680 1123 1709 poenarum

380 1718 582 1757 dispensatione
592 1719 716 1756 generali
727 1718 850 1758 capitulo
862 1721 1012 1748 reservata.
1025 1720 1121 1757 Porro,

381 1766 429 1804 qui
450 1766 524 1795 ultra
545 1767 633 1796 ‘vicem
656 1771 783 1805 quartam
807 1769 970 1806 aufufserit,
991 1773 1123 1807 perpetuo

380 1817 406 1842 et
427 1814 680 1853 irirlispeusabiliter
709 1825 810 1854 poenas
839 1816 1022 1846 inhabilitatis
1041 1827 1124 1855 prae-

380 1862 466 1891 dictus
480 1887 486 1897 ,
511 1867 536 1892 et
559 1863 738 1892 nihilominus
764 1874 865 1903 poenas
891 1865 985 1902 alias,
1009 1866 1033 1894 si
1054 1876 1123 1904 quae

380 1910 425 1939 illi
447 1912 555 1949 suerint
576 1913 605 1941 in
624 1916 790 1951 perpetuum
817 1913 860 1941 rel
888 1914 923 1942 acl
945 1917 1049 1952 tenipus
1072 1915 1123 1943 im-

377 1960 494 1996 positae,
519 1960 687 1989 substinebit.
712 1960 856 1998 Fuyitivus
872 1970 924 1999 pro
944 1962 1039 2000 prima
1060 1962 1121 1990 viee

379 2015 396 2034 a
418 2017 479 2036 voce
501 2008 618 2046 capituli
646 2009 681 2038 sit
710 2010 769 2048 ipso
796 2011 868 2047 sacto
889 2019 1059 2046 suspensus,·
1081 2014 1122 2039 ta-

378 2066 442 2086 men
463 2057 548 2095 possit
575 2056 666 2085 eadem
694 2067 747 2085 rac
771 2057 816 2086 illi
837 2059 948 2087 restitui
966 2068 1019 2097 per
1040 2068 1121 2087 suum

377 2105 503 2144 priorem
526 2114 587 2134 cum
608 2115 739 2134 consensu
765 2106 908 2144 capituli:
930 2116 981 2145 pro
1003 2108 1119 2136 secunda

378 2158 470 2183 autem
493 2155 548 2182 viee
569 2154 699 2183 similiter
727 2155 761 2183 sit
786 2164 935 2193 suspensus
957 2165 972 2184 a
994 2165 1054 2184 voce
1075 2166 1120 2185 ea-

376 2202 478 2241 pituli,
503 2212 571 2240 (suae
593 2203 700 2241 quidem
716 2212 769 2231 non
783 2204 867 2242 possit
889 2204 914 2232 ei
934 2205 1043 2233 restitui
1065 2205 1120 2234 nisi

375 2260 428 2290 per
447 2255 558 2290 patrem
589 2251 746 2289 generalem
764 2263 774 2286 ,·
795 2262 846 2291 pro
878 2253 960 2281 tertia?
982 2262 1043 2282 vero
1064 2254 1119 2282 vice

377 2301 413 2328 sit
435 2309 540 2338 quoque
561 2300 593 2328 ab
614 2300 708 2329 eadem
730 2309 793 2329 voce
814 2301 930 2339 capituli
950 2310 1096 2340 suspensus
1110 2326 1117 2340 ‚

378 2358 446 2386 'litae
469 2358 522 2378 non
544 2348 633 2378 valeat
654 2349 707 2378 sibi
721 2350 831 2378 restitui
846 2350 901 2378 nisi
915 2350 1057 2379 dumtaxat
1069 2360 1119 2390 per

375 2398 503 2435 yenerale
524 2398 687 2438 capitulum.

615 2482 878 2503 EXTRAVAGANTES.

966 165 1147 190 BULLARIUM
1171 166 1325 191 ROMANL'M

1914 171 1968 197 An.
1985 170 2014 198 C.
2038 171 2111 199 1730

1171 214 1261 253 patris
1282 215 1428 253 generalis
1449 217 1628 247 accesserint
1651 222 1679 248 et
1700 217 1854 255 redierint,
1870 219 1913 249 di·
1923 233 1992 258 quiad
2001 235 2118 263 monaste„

1170 263 1323 304 sciplinam
1345 265 1376 294 in
1399 266 1552 296 refectorio
1573 267 1672 296 statim
1700 267 1864 298 sustineant
1884 272 1912 299 et
1923 260 2106 312 {Jfflpaffi}¹⁰{22

1170 312 1199 342 in
1217 314 1297 343 terra
1315 322 1420 353 panem
1435 323 1501 344 cum
1524 316 1601 354 aqua
1623 316 1787 355 comedant,
1804 315 1911 346 iterum

1171 361 1256 391 tertio
1278 366 1306 392 et
1328 363 1464 402 amplius,
1489 368 1574 402 prout
1595 364 1678 404 culpa
1701 365 1909 404 postulaverit3

1170 410 1299 449 reliquas
1322 420 1389 441 vero
1412 421 1520 451 poenas
1536 412 1565 442 in
1588 422 1689 443 eorum
1712 414 1830 452 proprio
1852 423 1912 444 mo-

1169 459 1310 496 nasterio,
1327 460 1370 490 vel
1390 460 1420 490 in
1443 461 1511 497 alio,
1529 461 1564 491 ad
1587 462 1662 500 quod
1686 462 1795 492 fuerint
1819 466 1913 492 trans-

1170 507 1262 545 missi,
1279 507 1459 547 adimpleant
1481 513 1509 539 et
1532 510 1706 539 sustineant.
1731 510 1853 550 Insuper
1870 511 1912 540 su-

1169 555 1296 593 gitivus,
1320 557 1369 596 qui
1399 561 1502 596 quater
1524 557 1559 587 ab
1581 558 1690 588 Ordine
1721 559 1909 597 discesserit,

1169 604 1198 634 in
1211 605 1381 635 carceribus
1397 615 1447 645 per
1462 615 1511 635 sex
1527 616 1619 637 annos
1634 607 1824 645 recludatur3
1842 607 1911 638 inde

1169 655 1264 682 temen
1288 654 1394 692 poterit
1417 654 1499 684 illum
1524 655 1604 693 prior
1626 656 1660 685 ad
1684 655 1764 685 chori
1786 660 1815 685 et
1837 657 1911 686 refe-

1168 701 1252 730 ctorii
1275 702 1473 732 assistentiam
1505 704 1682 740 extraliere3
1705 704 1818 742 reliquo
1841 713 1910 734 vero

1168 754 1299 789 tempore
1322 751 1428 780 iterum
1452 752 1564 781 carceri
1587 752 1780 791 mancipetur.
2140 792 2143 793 ⁷

1208 808 1238 828 11.
1262 799 1390 834 Quilibet
1409 800 1488 839 prior
1510 800 1602 829 nostri
1625 800 1753 835 Ordinis,
1771 805 1820 830 aut
1835 800 1911 831 vica·
1923 810 2001 831 erim-is
2014 811 2108 833 facultas

1167 847 1229 876 rius
1252 847 1281 876 in
1304 847 1411 886 prioris
1434 847 1585 885 absentia,
1615 858 1829 888 quemcumque
1851 858 1912 879 mo-

1168 895 1292 925 nachum
1316 895 1469 933 fugitivum
1496 896 1532 926 al>
1562 897 1621 926 illis
1643 898 1886 936 comprehensum

1168 953 1218 973 seu
1241 944 1372 983 quolibet
1399 945 1485 974 modo
1517 945 1552 974 ad
1583 955 1668 975 suum
1702 947 1910 977 monasterium
1923 943 1993 964 ‘'²⁰⁰³-

1167 1001 1321 1021 reversum
1344 997 1372 1022 et
1394 993 1593 1031 accedentfflii,
1618 994 1653 1023 ab
1676 996 1910 1026 excommunica-

1169 1040 1257 1069 tionis
1280 1042 1417 1079 censura,
1435 1051 1523 1080 quam
1548 1042 1679 1072 habitum
1702 1043 1910 1083 derelinquens

1167 1087 1302 1125 incurrit,
1316 1092 1344 1118 et
1360 1098 1374 1118 a
1391 1089 1545 1128 quibusvis
1561 1090 1626 1120 aliis
1641 1091 1786 1129 censuris,
1801 1092 1910 1131 siquas

1166 1135 1347 1173 incurrerit,
1371 1137 1537 1176 absolvere,
1561 1139 1712 1178 eidemque
1736 1148 1786 1178 per
1808 1148 1839 1169 se
1860 1144 1911 1170 aut

1167 1193 1218 1223 per
1240 1194 1307 1215 suos
1331 1187 1525 1216 confessarios
1546 1188 1642 1217 omnia
1670 1192 1852 1218 sacramenta
1878 1188 1911 1218 li-

1166 1232 1234 1262 bere
1256 1233 1461 1264 administrare
1484 1236 1595 1274 possint
1613 1240 1641 1266 et
1662 1236 1788 1266 valeant.

1205 1291 1246 1311 ιιι.
1271 1282 1425 1321 Fugitivis,
1455 1285 1489 1313 ad
1523 1289 1620 1314 nostra
1651 1285 1826 1315 monasteria
1845 1285 1909 1315 sine

1166 1330 1267 1360 habitu
1281 1331 1473 1362 redeuntibus
1489 1337 1538 1363 aut
1555 1334 1752 1372 venientibus,
1770 1343 1826 1364 non
1844 1343 1910 1374 pos-

1165 1383 1203 1409 sit
1219 1379 1337 1409 habitus
1359 1384 1459 1410 noster
1481 1381 1597 1411 restitui
1620 1382 1677 1412 nisi
1700 1391 1715 1412 a
1737 1391 1790 1412 suo
1813 1383 1910 1422 priore

1167 1427 1210 1457 vel
1233 1438 1248 1457 a
1271 1432 1350 1467 patre
1367 1429 1509 1467 generali.

1923 339 1975 363 rint,
1990 343 2066 364 poena.

1968 1299 2109 1326 Habitnsque

1920 1326 2051 1348 restituendi.

1205 1485 1244 1506 ιν.
1257 1477 1504 1517 Quotiescumque
1517 1478 1677 1508 monachus
1693 1478 1722 1508 in
1737 1479 1827 1509 sacris
1841 1489 1910 1510 con·
1919 1488 2013 1540 prgffii'?
2030 1490 2108 1542 ⁰352}

1166 1525 1287 1555 stitutus
1304 1526 1464 1556 secundum
1481 1530 1649 1556 nostrarum
1665 1528 1908 1558 constitutionum

1166 1578 1194 1603 et
1216 1575 1470 1612 extravagantium
1500 1575 1720 1614 dispositionem
1745 1586 1843 1606 vocem
1862 1586 1910 1607 ca-

1167 1623 1321 1662 pitularem
1344 1624 1461 1662 amittit,
1479 1625 1612 1654 videlicet
1635 1630 1752 1664 propter
1768 1629 1908 1656 tractatus

1166 1672 1284 1702 illicitos
1306 1672 1341 1702 de
1363 1673 1505 1703 electione
1537 1673 1652 1703 habitos
1680 1678 1707 1704 et
1729 1674 1764 1704 ob
1787 1676 1883 1713 sugam
1898 1699 1906 1713 ‚

1166 1720 1196 1749 in
1213 1721 1258 1750 his
1275 1721 1390 1751 casibus
1413 1722 1555 1751 monacho
1571 1723 1752 1761 delinquenti
1771 1723 1799 1752 in
1816 1724 1908 1753 sacris

1166 1778 1223 1799 non
1246 1770 1404 1799 constituto
1420 1770 1570 1800 auferatur
1592 1780 1716 1800 corona:
1737 1772 1817 1801 fratri
1840 1781 1907 1802 vero

1166 1818 1240 1848 laico
1262 1828 1354 1848 nexus
1370 1819 1404 1848 ad
1421 1823 1577 1858 utrumque
1599 1820 1760 1859 scapularis
1783 1820 1859 1850 latus
1877 1821 1908 1850 in

1166 1875 1287 1905 poenam
1303 1870 1517 1896 annectantur:
1542 1871 1628 1906 alque
1651 1868 1819 1898 huiusmodi
1839 1877 1908 1907 poe-

1165 1924 1219 1944 nae
1241 1915 1341 1945 eodem
1365 1920 1494 1955 tempore
1517 1916 1676 1955 durabunt,
1701 1926 1758 1956 quo
1783 1917 1907 1956 privatio

1164 1963 1242 1993 vocis
1269 1963 1440 2002 capitularis
1469 1965 1610 1994 monacho
1637 1965 1667 1994 in
1700 1965 1792 1995 sacris
1814 1965 1907 2004 impo-

1163 2012 1218 2042 sita
1241 2012 1349 2041 durare
1371 2012 1468 2042 debet.

1204 2068 1229 2088 v.
1248 2059 1460 2090 inviolabiliter
1472 2059 1644 2090 observetur
1659 2060 1839 2090 consuetudo
1855 2070 1906 2090 no-
1929 2075 2032 2101 pugstivfs
2050 2078 2103 2097 tem·

1162 2108 1215 2138 stri
1238 2108 1366 2147 Ordinis,
1386 2109 1522 2139 videlicet
1544 2109 1621 2148 quod
1642 2109 1792 2138 monachis
1811 2109 1904 2148 primo

1162 2156 1291 2194 fugitivis
1314 2166 1371 2186 non
1394 2161 1581 2196 computetur
1599 2157 1628 2186 in
1644 2157 1763 2187 habitus
1778 2157 1905 2197 antiqui·
1915 2187 1955 2201 nnn
1974 2184 2098 2208 computan-

1162 2208 1230 2242 tate,
1251 2214 1345 2243 neque
1367 2205 1402 2235 ad
1420 2215 1518 2235 vocem
1534 2205 1563 2235 in
1582 2206 1709 2244 capitulo
1727 2205 1901 2242 habendam,
1914 2207 1970 2228 ‹¹⁰⁰³-

1161 2262 1256 2292 neque
1272 2254 1306 2283 ad
1336 2254 1579 2293 praecedentiam,
1605 2263 1700 2293 neque
1724 2255 1759 2284 ad
1791 2255 1902 2294 aliquid

1161 2302 1250 2340 aliud,
1275 2306 1365 2332 totum
1390 2307 1515 2341 tempus,
1533 2312 1590 2342 quo
1606 2307 1688 2332 extra
1704 2302 1843 2333 Ordinem
1860 2303 1904 2333 su-

1160 2351 1243 2389 gitivi
1266 2351 1410 2381 existant:
1431 2351 1459 2381 in
1483 2361 1540 2390 quo
1557 2352 1724 2381 nullatenus
1740 2351 1903 2390 dispensari

1161 2399 1282 2438 possint.
1306 2399 1342 2429 At
1364 2409 1433 2429 vero
1449 2400 1539 2429 semei
1555 2404 1583 2430 et
1601 2400 1707 2430 iterum
1723 2400 1838 2438 fugitivi
1853 2404 1903 2430 aut

1161 2457 1176 2476 a
1199 2448 1296 2478 nostra
1320 2447 1461 2486 reiigione
1494 2448 1631 2488 expulsi,
1663 2457 1714 2479 seu
1738 2448 1902 2478 voluntarie

1161 2495 1281 2526 licentia.
1302 2496 1401 2526 debit-:1
1415 2496 1536 2535 egressi,
1553 2505 1620 2527 cum
1635 2497 1671 2526 ad
1689 2496 1769 2526 iilam
1791 2496 1902 2526 reversi

1920 1542 2061 1567 capitularem
2068 1547 2106 1562 vo-

1915 2128 2000 2149 babitus
2007 2129 2100 2155 antiqui-

416 2552 435 2572 ι.
450 2542 589 2581 Fugitivi,
604 2544 652 2582 qui
666 2544 700 2574 ad
718 2544 928 2574 monasterium
942 2544 1118 2574 residentiae
1161 2544 1287 2582 suerint,
1311 2544 1397 2574 aliam
1420 2545 1624 2584 antiquitatem
1647 2554 1706 2576 non
1728 2545 1900 2584 sortiantur,

1922 312 1998 332 nei-alis
2007 317 2110 334 accessa·
2134 339 2136 345 7
2155 316 2156 335 l

1922 837 1984 858 datur
2005 838 2108 864 fugitivos
2133 837 2159 866 ‚st

1931 864 2097 889 comprehensos
2139 875 2142 891 ς
2157 868 2159 895 j

1923 891 1954 910 vel
1966 890 2079 911 redeuntes
2091 896 2107 912 a
2136 894 2146 910 h

1902 923 1909 937 2
1922 917 2016 938 censuris
2033 917 2109 938 absol·
2133 921 2160 938 ³⁴*

1920 1573 1965 1589 cem
1974 1568 2108 1590 amittentes.
2136 1575 2147 1591 :-

1916 2107 1953 2127 pus
1981 2102 2044 2128 rugae
2071 2103 2100 2124 ad
2127 2107 2147 2125 ,2-

1916 2157 1980 2175 tatem
1991 2158 2012 2175 el
2025 2161 2099 2176 vocem
2136 2159 2153 2180 ,2²
