2182 3137
191 201 227 227 An
242 223 247 227 .
262 201 289 227 C.
316 200 381 227 1730
428 193 469 225 5⁶2

220 2329 279 2353 Quae
296 2329 329 2350 lilc
345 2334 376 2350 re-

193 2356 297 2377 feruntur.

387 250 504 282 ncralis
532 250 676 282 eiusdem
702 247 971 290 Congregationis
997 256 1057 289 pro
1076 256 1126 277 sa—

387 303 469 335 lnltri
499 302 681 345 provinciae
718 301 748 333 S.
777 300 952 338 toachimi.
980 309 1045 331 non
1081 299 1125 331 ita

388 355 512 397 pridem
545 355 574 386 in
609 365 708 395 reguo
742 353 894 386 Poloniae
932 352 1123 391 institutae,

387 407 587 450 potissimum
615 407 699 439 edita
726 406 977 450 approbaverat,
997 416 1049 444 ac,
1067 415 1126 448 per

387 461 465 492 alias
493 471 565 492 suas
592 460 621 492 in
649 460 716 502 pari
745 460 846 492 torma
870 458 980 491 Brevis
1001 458 1126 491 litteras

388 514 437 546 dic
453 523 521 546 xxvi
542 513 693 545 februarii
715 522 900 545 iimccxxvut
919 512 1124 555 postmodum

388 572 569 605 emanatas,
598 566 742 608 capitulo
767 565 910 608 generali
943 564 1126 607 Congrega-

388 619 484 652 tionis
509 619 681 662 praefatae,
704 623 778 650 tunc
799 618 945 661 proxime
963 618 1125 650 celebran-

387 673 441 712 do,
460 683 496 705 ac
515 672 630 704 deinde
652 671 757 704 eidem
777 671 962 703 delinitorio
977 669 1124 713 generali

388 726 569 757 facultatem
603 729 811 756 concesserat
841 733 940 756 novas
964 722 1124 756 condendi

387 779 476 820 leges
512 788 567 809 seu
606 777 859 810 constitutiones
893 777 930 809 ad
963 776 1125 810 uniforme

388 831 580 873 guliernium
607 831 637 862 in
659 829 808 863 omnibus
826 829 926 872 ipsius
944 829 1126 872 Congrega-

389 884 485 917 tionis
511 883 709 926 provinciis,
742 889 802 915 tarn
830 885 961 915 eatenus
986 883 1070 915 intra
1096 888 1127 915 et

387 942 475 968 extra
493 937 720 979 Hispaniarum
740 946 838 978 regna
854 942 885 968 et
903 936 1048 968 dominio
1063 946 1126 968 ere-

387 990 454 1029 ctis,
484 1000 579 1032 quam
605 989 802 1032 ubicumque
828 989 1039 1032 imposterum
1065 989 1126 1022 eri-

388 1043 510 1085 gendis,
538 1043 770 1076 stabiliendum
788 1070 795 1083 ,
822 1053 950 1076 necnon
976 1043 1014 1075 ad
1041 1043 1127 1086 capi-

387 1097 527 1128 tulorum
568 1096 769 1138 generalium
812 1101 843 1129 et
878 1095 1125 1139 provincialium

387 1149 641 1182 celebrationem
668 1153 872 1192 spectantes,
899 1149 1054 1181 habendo
1082 1154 1127 1181 ta-

386 1212 460 1234 men
487 1212 565 1245 prae
591 1202 693 1235 oculis
720 1202 850 1235 decreta
876 1201 1050 1234 definitorii
1073 1212 1128 1244 ge-

387 1255 507 1287 neralis
534 1265 592 1298 pro
620 1255 703 1288 dicta
729 1255 894 1298 provincia
919 1255 950 1288 S.
971 1255 1125 1287 Ioachimi

388 1308 434 1340 sic
457 1313 492 1340 ut
516 1308 734 1351 praemittitur
760 1309 844 1342 edita
870 1314 901 1341 et
927 1308 1126 1352 approbata,

388 1372 468 1404 quae
494 1362 706 1395 nihilominus
733 1363 919 1406 explicare,
941 1362 1124 1402 extendere,

387 1416 558 1455 moderari,
578 1422 609 1449 et
633 1418 670 1449 ad
696 1417 949 1450 uniformitatem
976 1416 1051 1449 dicti
1074 1417 1128 1459 'gu-

387 1469 491 1501 bernii
514 1470 722 1502 accomodare
747 1475 895 1512 possent,
921 1469 1001 1502 itaut
1025 1479 1127 1502 novae

388 1522 477 1564 leges
504 1532 557 1555 seu
584 1523 835 1555 constitutiones
867 1523 912 1554 sic
937 1522 1127 1555 condendae

388 1575 427 1607 ab
454 1575 514 1607 hac
539 1576 652 1608 Sancta
678 1575 760 1608 Sede
786 1576 1069 1618 approbarentur,
1097 1580 1128 1607 et

389 1628 475 1667 alias,
502 1634 599 1671 prout
620 1629 650 1660 in
669 1628 754 1660 binis
770 1628 941 1661 memorati
960 1627 1126 1661 Benedicti

388 1681 651 1724 praedecessoris
679 1681 817 1721 litteris,
837 1692 972 1724 quarum
999 1686 1127 1713 tenores

388 1735 615 1778 praesentibus
652 1746 710 1778 pro
742 1737 839 1779 plene
874 1741 905 1768 ct
930 1735 1128 1768 sufficienter

390 1789 550 1833 expressis
577 1796 608 1822 et
633 1791 670 1822 ad
697 1790 831 1822 verbum
858 1790 988 1823 insertis
1014 1789 1126 1821 haberi

388 1843 556 1881 volumus,
582 1843 709 1885 plenius
734 1842 939 1885 continetur)
966 1852 1126 1885 nuperum

389 1896 565 1938 capitulum
580 1906 616 1928 ac
633 1896 813 1929 successive
839 1895 1058 1928 definitorium
1078 1906 1128 1937 ge-

390 1949 512 1981 neralia
551 1949 743 1991 praedicta,
772 1949 911 1981 facultati
953 1954 984 1981 et
1015 1948 1128 1980 litteris

390 2002 543 2045 praefatis
568 2002 781 2042 inhaerendo,
804 2003 930 2035 diversa
955 2006 1073 2034 statuta
1093 2012 1129 2033 ac

389 2067 470 2089 nova
489 2056 614 2088 decreta
632 2066 691 2099 pro
710 2055 863 2088 uniformi
891 2055 1034 2087 omnium
1052 2065 1127 2098 pro-

390 2109 564 2141 vinciarum
591 2109 665 2141 dicti
692 2108 818 2141 Ordinis
839 2108 999 2150 regimine
1021 2108 1129 2140 edide-

390 2167 476 2200 runt,
509 2166 536 2194 et
565 2161 603 2193 ad
630 2161 777 2194 Sanctam
815 2160 929 2194 Sedem
956 2160 1126 2193 transmitti

389 2221 563 2255 curarunt,
591 2222 622 2247 ut
657 2221 767 2248 nostro
800 2220 831 2247 ct
867 2215 1011 2248 ciusdem
1037 2214 1127 2247 Sedis

388 2269 570 2312 patrocinio
596 2269 810 2302 numirentur.

433 2323 447 2365 ξ
474 2322 504 2355 02.
532 2322 593 2355 Nos
620 2333 696 2355 vero
723 2322 835 2355 cadem
862 2326 980 2354 statuta
997 2326 1029 2353 et
1047 2329 1128 2353 nova

389 2375 520 2408 decreta
556 2374 796 2408 venerabilibus
829 2374 980 2407 fratribus
1012 2373 1129 2406 nostris

387 2428 419 2460 S.
443 2428 480 2459 R.
508 2428 542 2460 Ε.
570 2428 790 2460 cardinalibus
823 2427 970 2470 negociis
996 2432 1028 2459 et
1053 2436 1129 2458 con-

389 2481 614 2514 sultationibus
634 2481 861 2524 episcoporum
881 2487 912 2514 ct
928 2479 1128 2523 regularium

389 2534 581 2577 praepositis
598 2534 801 2567 discutienda
819 2533 1047 2573 commisimus,
1063 2533 1129 2576 qui,

389 2587 497 2621 andita
522 2587 659 2630 desuper
685 2587 793 2621 dilecti
814 2587 870 2621 filii
896 2587 999 2622 nostri
1025 2587 1129 2620 Ludo-

976 195 1156 222 BULLARIUM
1180 195 1335 220 ROMANUM

1914 194 2102 223 An.·c.·t73o

1169 244 1226 276 vici
1253 244 1396 277 eiusdem
1416 243 1446 277 S.
1476 243 1512 277 R.
1535 244 1570 277 E.
1599 244 1777 288 presbyteri
1804 244 1909 278 cardi-

1169 297 1250 330 nalis
1285 297 1439 340 Bellugae
1476 302 1506 330 et
1543 297 1698 330 Moncada
1731 297 1907 342 nuncupati

1169 350 1207 382 ad
1229 350 1385 383 eiusmodi
1413 351 1578 393 negotium
1613 351 1860 384 examinandum
1893 361 1910 383 a

1169 402 1262 435 dictis
1280 403 1497 436 cardinalibus
1514 404 1657 447 deputati
1676 404 1840 443 relatione,
1856 404 1911 436 illa

1168 466 1229 499 per
1247 456 1394 489 eumdem
1412 457 1605 490 Ludovicum
1625 458 1822 490 cardinalem
1840 466 1911 489 cor-

1169 507 1230 550 rigi
1261 518 1296 539 ac
1328 508 1488 540 moderari
1515 508 1725 546 mandarunt,
1747 513 1844 551 prout
1877 518 1911 541 re

1169 560 1238 603 ipsa
1256 561 1295 593 ab
1316 561 1386 603 ipso
1404 561 1565 594 Ludovico
1583 561 1738 594 cardinali
1754 566 1909 601 correcta,

1169 613 1372 653 modificata,
1397 624 1433 646 ac
1458 615 1488 646 in
1516 625 1615 646 unum
1641 615 1793 646 volumen
1818 614 1911 646 reda-

1169 672 1217 699 cta
1243 667 1385 707 fuerunt,
1414 667 1535 700 tenoris
1562 667 1616 710 qui
1643 667 1798 710 sequitur,
1824 666 1911 698 vide-

1169 717 1245 751 licet
1262 729 1268 750 :

1169 805 1278 834 Statura
1310 815 1341 834 oc
1371 806 1478 835 decreta
1510 816 1526 834 a
1562 806 1684 845 capitulo
1718 805 1844 844 yeneralc'
1880 815 1912 835 ac

1206 853 1331 890 yeneroli
1352 854 1505 893 ‹lefinieorto
1528 854 1641 883 Ordinis
1672 853 1910 883 Discolccatornm

1208 902 1259 931 SS.
1281 902 1423 932 Trinitatis
1439 902 1644 941 Redemptiont's
1662 902 1841 942 Captivorum
1856 907 1912 932 stu-

1209 951 1287 980 bilita
1313 961 1344 980 ac
1375 952 1501 980 ordinale
1531 961 1582 990 pro
1615 952 1749 990 uniformi
1780 951 1912 990 gubernio

1209 1001 1328 1030 oninium
1350 1001 1559 1039 provinciarum
1594 1006 1646 1029 tum
1677 1001 1807 1030 hactenus
1837 1001 1912 1029 intra

1209 1054 1233 1078 et
1269 1054 1347 1079 erere
1382 1049 1586 1088 Hispaniarum
1621 1059 1706 1087 regna
1740 1053 1909 1086 erectarum,

1208 1108 1288 1134 quam
1314 1099 1411 1137 ubique
1432 1099 1611 1138 imposterum
1632 1099 1834 1137 erigendarum.

1209 1174 1419 1204 Sanctissimus
1435 1174 1571 1204 dominus
1587 1178 1686 1204 noster
1702 1173 1797 1204 felicis
1813 1182 1913 1204 recor·
2016 1194 2108 1215 neumn-

1170 1222 1298 1253 dationis
1320 1223 1495 1253 Benedictus
1518 1223 1580 1253 XIII
1613 1233 1664 1262 per
1696 1232 1763 1253 suas
1796 1221 2044 1268 litterasffihssssssgi
2069 1226 2108 1268 ἓξὲξ

1171 1271 1224 1302 sub
1244 1272 1337 1301 forma
1360 1272 1460 1302 Brevis
1493 1272 1645 1311 expeditas
1677 1272 1724 1302 die
1747 1280 1773 1301 lv
1796 1271 2029 1310 augustiorotnrun=
2058 1280 2108 1295 ⁰⁰¹³·

1170 1330 1328 1351 MDccxxvu
1358 1322 1533 1351 auctoritate
1556 1321 1717 1360 apostolica
1739 1301 2108 1360 approbavitiffs's'ss'lisfw'

1170 1374 1199 1400 et
1229 1370 1414 1400 confirmavit
1446 1370 1543 1399 onmia
1577 1374 1605 1400 et
1637 1369 1752 1407 singula
1775 1369 1911 1407 decreta,

1170 1428 1244 1459 quae
1267 1419 1467 1449 definitoriuin
1498 1418 1635 1457 generale
1662 1417 1781 1448 Ordinis
1803 1418 1915 1448 Discat-⁴

1170 1472 1317 1499 ceatorum
1340 1468 1389 1498 SS.
1406 1467 1558 1498 Trinitatis
1580 1467 1802 1506 Redemptionis
1817 1466 1916 1506 Capti*

1171 1526 1274 1546 vorum
1307 1516 1550 1555 Congregationis
1581 1515 1738 1555 Hispaniae
1771 1519 1913 1546 statuerat

1172 1575 1223 1605 pro
1241 1565 1318 1595 hono
1340 1565 1485 1603 regimine
1508 1565 1676 1604 provinciae
1700 1566 1729 1594 S.
1753 1564 1910 1601 Ioachimi,

1170 1614 1346 1643 auctoritate
1361 1613 1522 1652 apostolica
1537 1613 1566 1643 in
1583 1623 1672 1651 regno
1689 1613 1826 1643 Poloniae
1849 1622 1912 1643 ere-

1171 1667 1244 1701 ctae,
1268 1667 1296 1692 ct
1318 1672 1368 1701 per
1394 1662 1466 1692 alias
1495 1662 1608 1692 litteras
1636 1662 1722 1692 etiam
1752 1662 1783 1692 in
1817 1662 1912 1692 forma

1171 1712 1270 1741 Brevis
1303 1711 1454 1750 expeditas
1487 1711 1533 1741 die
1566 1720 1632 1740 xxvl
1665 1711 1806 1741 februarii
1842 1711 1911 1740 anni

1171 1769 1339 1790 MDttcxxvltt
1369 1760 1515 1790 Sanctitas
1538 1761 1594 1790 Sua
1619 1760 1743 1798 benigne
1766 1759 1887 1790 indulsit
1902 1784 1910 1797 ,

1171 1813 1199 1839 et
1234 1809 1360 1847 amplam
1397 1809 1566 1838 facultatem
1602 1809 1748 1839 concessit
1784 1801 1915 1848 capitulo*

1172 1858 1301 1896 generali
1335 1861 1404 1887 tunc
1438 1858 1570 1896 proxime
1604 1858 1704 1887 eodem
1738 1867 1815 1887 anno
1837 1849 1915 1888 cele-¹

1172 1906 1292 1943 hraudo,
1307 1910 1344 1944 et,
1358 1910 1422 1945 post
1435 1906 1527 1945 ipsius
1540 1906 1660 1946 capituli
1674 1905 1911 1944 celebrationem,

1172 1955 1339 1984 definitorio
1354 1955 1484 1993 generali
1502 1959 1571 1985 tunc
1587 1956 1684 1985 futuro
1707 1960 1734 1985 et
1756 1965 1834 1985 nuuc
1852 1955 1913 1985 exi-

1172 2004 1271 2042 stenti,
1294 2004 1327 2033 ad
1352 2004 1488 2034 effectum
1512 2004 1657 2034 statuendi
1683 2004 1830 2034 uniforme
1861 2013 1914 2042 gu-

1172 2052 1306 2082 berninm
1330 2053 1460 2082 omnium
1484 2053 1701 2092 provinciarum
1732 2058 1788 2082 tam
1815 2053 1915 2083 hacte-

1172 2110 1226 2130 nus
1249 2101 1327 2131 intra
1351 2104 1380 2130 et
1402 2105 1483 2131 extra
1508 2101 1713 2140 Hispaniarum
1737 2110 1826 2140 regna
1849 2109 1914 2130 ere-

1172 2154 1296 2187 clarum,
1320 2159 1407 2188 quam
1430 2150 1609 2189 ubicumque
1631 2150 1661 2180 in
1685 2154 1833 2190 posterum
1856 2149 1913 2180 eri-

1172 2198 1345 2237 gendarum,
1369 2208 1402 2228 ac
1431 2199 1574 2229 condendi
1597 2203 1626 2229 et
1651 2199 1800 2229 statuendi
1822 2208 1911 2228 novas

1172 2248 1250 2285 leges
1272 2252 1300 2277 et
1322 2247 1523 2277 ordinationes
1545 2257 1603 2277 non
1627 2248 1720 2277 solum
1753 2257 1805 2288 pro
1834 2247 1912 2277 dicto

1172 2296 1310 2326 uniformi
1329 2296 1482 2335 regimine,
1507 2296 1557 2326 sed
1580 2300 1746 2336 spectantes
1767 2296 1855 2326 etiam
1877 2295 1917 2333 ad,

1171 2345 1367 2384 capitulorum
1380 2345 1562 2383 generalium
1578 2350 1607 2375 et
1626 2345 1851 2385 provincialium
1868 2354 1913 2374 ce·

1172 2394 1388 2431 lebrafionem,
1423 2394 1557 2424 habendo
1590 2398 1686 2423 tamen
1719 2403 1786 2433 prae
1819 2385 1919 2423 oculis

1173 2444 1335 2483 praedictas
1358 2444 1472 2474 litteras
1496 2453 1547 2483 pro
1570 2443 1713 2482 regimine
1744 2443 1912 2483 provinciae

1171 2493 1200 2523 S.
1224 2493 1364 2523 loacliimi
1387 2493 1550 2532 expeditas,
1579 2502 1651 2532 quas
1681 2492 1817 2522 similiter
1843 2496 1921 2522 con-¹

1172 2542 1259 2572 cessit
1283 2551 1368 2581 posse
1391 2541 1543 2581 explicari,
1567 2541 1696 2579 extendi,
1717 2540 1862 2571 moderari
1884 2544 1913 2570 et

1172 2590 1355 2622 accomodari
1375 2590 1410 2621 ad
1434 2590 1618 2630 praedictum
1641 2590 1771 2629 regimen
1799 2589 1912 2621 unifor-
