2182 3137
69 244 120 268 An.
136 241 166 268 C.
189 240 251 268 1731

473 291 612 317 Clemens
634 291 714 324 Papa
734 289 800 320 XII,

413 335 449 362 ad
467 335 604 362 futuram
622 335 668 361 rei
687 333 872 360 memoriam.

70 435 100 454 ΠΟ
130 406 256 459 ξέἓέῑὲξιῗῑ
310 396 325 439 ἓ
357 396 389 429 1.
416 396 539 439 Exponi
569 395 662 428 nobis
691 405 796 437 nuper
822 393 895 426 fecit
920 393 1005 426 dile-

72 466 100 481 m
138 465 254 484 congrega·
267 454 336 482 ctus
354 449 437 482 silius
450 449 637 482 Timotheus
655 459 671 480 a
688 448 718 480 S.
736 447 907 480 Francisco
922 446 1009 479 Sale-

69 485 132 506 tionis
141 486 255 506 Galliarum
285 503 290 508 .

70 512 160 533 huiusce
194 512 254 532 orm-
266 513 324 541 510,
342 508 534 545 procurator
551 501 714 547 generalis
741 499 1008 542 Congregationis

69 544 102 559 nis
111 544 117 558 :

68 555 440 611 ggmffssssgssgssssss.Galliffl'uffi
470 555 601 588 Ordinis
632 555 766 587 fratrum
791 553 1005 586 Eremitarum

69 618 186 663 {iiffliiss'ssi'l
205 610 296 663 53:335.
327 607 494 650 Augustini
519 608 785 640 Excalceatorum
805 611 1008 648 nuncupato—

69 670 347 699 ciatesgenerdtesrum,
368 662 472 704 quod,
492 661 578 693 iuxta
598 671 678 693 sess.
698 671 728 699 x,
747 670 819 700 cap.
840 670 872 697 ιι,
893 659 1007 691 tertiae

69 702 189 754 {sssslffnli‘lss
200 703 365 757 'liisssspartis
377 713 643 746 constitutionum
661 712 766 744 dictae
783 711 1009 754 Congregatio-

70 749 162 774 ¹¹⁸'b¹¹⁰⁵
178 752 231 770 ‘¹⁰¹¹'
266 767 329 805 nis,
343 767 429 799 illius
444 766 580 798 vicarius
594 765 769 808 generaliS,
786 765 934 798 absoluto
949 775 1008 797 suo

267 820 391 858 officio,
420 829 598 862 omnesque
636 818 789 851 officiales
826 819 1007 860 generales⁷

268 873 323 915 qui
348 883 408 915 per
434 872 497 904 duo
523 872 664 914 capitula
689 871 874 903 immediate
900 872 1010 903 subse·

269 926 403 968 quentia
421 930 451 957 et
468 926 629 966 completa
645 925 684 956 ad
704 924 837 967 aliquod
856 924 1010 963 officium,

269 978 320 1010 cui
338 977 494 1021 competit
511 983 631 1016 votum,
648 977 788 1020 promoti
809 977 938 1015 suerint,
953 988 1011 1019 per

269 1031 441 1064 biennium
454 1030 655 1073 ineligibiles
671 1040 841 1062 remanere
857 1030 1010 1063 debeant:

270 1095 307 1116 ac
331 1084 467 1126 insuper
492 1083 595 1126 quod,
618 1083 704 1115 iuxta
722 1093 802 1115 sess.
823 1093 850 1123 ι,
875 1094 945 1126 cap.
966 1094 1010 1124 ιιι,

271 1137 417 1169 eiusdem
444 1137 561 1168 tertiae
586 1136 695 1179 partiS,
722 1136 897 1179 capitulum
918 1147 1013 1179 genc-

272 1191 341 1222 rale
362 1190 546 1232 praedictae
565 1189 831 1232 Congregatiouis
856 1190 895 1221 de
918 1189 1013 1222 trien-

272 1243 327 1276 ῐιίο
346 1243 377 1275 in
400 1243 576 1275 triennium
603 1243 683 1274 seria
701 1245 787 1276 sexta
805 1249 879 1275 ante
899 1243 1012 1275 l‘estum

273 1296 305 1329 S.
333 1296 499 1329 Michaelis
524 1296 688 1338 arcangeli
723 1296 882 1328 celebrari
909 1297 1012 1336 solet;

273 1360 420 1388 necnon,
448 1349 533 1380 iuxta
559 1360 641 1381 sess.
670 1359 694 1387 1,
721 1360 792 1392 cap.
819 1360 848 1382 xi
876 1350 1015 1381 eiusmo-

275 1403 305 1435 di
341 1403 456 1435 tertiae
489 1403 613 1445 partis,
642 1403 789 1444 singulae
826 1404 1012 1445 proviin-iae

273 1455 412 1497 singulis
438 1455 579 1487 bienniis
606 1455 685 1488 seria
709 1457 798 1487 sexta
816 1461 888 1488 ante
915 1455 1016 1487 domi-

273 1508 379 1540 nicam
406 1508 531 1540 tertiam
559 1514 631 1551 post
656 1508 773 1540 festum
796 1509 1016 1541 Resurrectio-

275 1561 325 1593 nis
353 1561 537 1594 dominicae
572 1561 748 1604 capitulum
782 1563 933 1604 generale
967 1573 1016 1594 cc-

274 1615 404 1648 lebrare
446 1620 700 1655 consueverunt;
738 1616 824 1648 unde
866 1616 923 1655 sit,
963 1621 1014 1654 ut,

275 1668 392 1701 eodem
418 1669 560 1711 capitulo
587 1669 733 1711 generali
761 1674 902 1712 quatuor
927 1668 1016 1701 circi-

277 1727 325 1754 ter
349 1721 516 1754 mensibus
542 1727 615 1764 post
633 1722 763 1765 capituli
784 1722 946 1764 generalis
965 1732 1017 1754 cc-

275 1774 492 1807 lebrationem
519 1775 648 1818 saepius
678 1775 882 1814 adveniente,
918 1775 1015 1807 iidem

276 1827 413 1859 vicarius
438 1827 601 1869 generalis
623 1833 653 1860 et
671 1827 725 1860 alii
744 1827 900 1860 officiales
918 1839 1017 1870 gene-

278 1880 364 1912 rales
382 1880 414 1912 in
434 1880 600 1923 praedicto
617 1881 758 1923 capitulo
774 1881 911 1913 absoluti
931 1881 1017 1913 iuxta

277 1933 418 1975 primurn
455 1944 537 1965 sess.
566 1934 786 1976 supradictum
813 1935 844 1966 iu
875 1935 1017 1977 capitulo

277 1986 468 2028 provinciali
494 1992 567 2029 post
592 1987 704 2027 viginti
738 1987 867 2019 circiter
892 1998 1018 2019 menses

277 2039 487 2081 subsequenti
514 2039 712 2081 ineligibiles
738 2040 822 2079 sint,
851 2046 882 2072 et
906 2051 1020 2073 couse—

278 2098 418 2134 quenter
443 2103 501 2135 per
526 2099 667 2135 quatuor
693 2094 759 2126 sere
792 2104 893 2126 annos
924 2095 961 2126 ad
990 2105 1020 2125 0-

278 2146 365 2177 mnia
382 2145 488 2178 officia
504 2145 716 2188 provincialia
735 2146 896 2179 inhabiles
918 2157 1019 2179 rema-

278 2203 411 2230 nentes:
444 2199 531 2240 quod
565 2208 643 2231 sane
669 2198 752 2231 bono
779 2199 1019 2242 provinciarum

278 2260 344 2282 non
372 2251 583 2283 mediocriter
608 2257 730 2291 nocet;
758 2251 805 2284 sic
834 2252 920 2284 enim
947 2263 1020 2295 pro-

277 2302 400 2335 vinciae
423 2304 605 2336 huiusmodi
625 2304 749 2336 auxiliis
769 2305 923 2343 virorum,
941 2317 1021 2348 quos

278 2357 367 2389 zetus
394 2362 425 2389 et
449 2357 651 2400 experientia
675 2359 706 2390 in
735 2359 834 2390 rebus
853 2359 1020 2401 religionis

281 2410 522 2442 versatissimos
559 2410 718 2449 fecerunt,
757 2411 941 2453 privantur;
977 2413 1023 2444 sic

280 2463 479 2505 quandoque
505 2463 611 2495 minus
637 2464 725 2506 digni
753 2466 792 2497 ad
828 2466 932 2498 osticia
958 2467 1023 2498 ele-

279 2521 415 2554 vantur,
454 2521 485 2548 et
521 2517 660 2558 denique
697 2517 817 2550 bonum
855 2519 1023 2561 spirituale

281 2568 347 2600 sive
374 2570 554 2611 temporale
574 2570 760 2602 earumdem
780 2571 1022 2614 provinciarum

281 2622 420 2665 deperit.

173 539 255 558 scilicet

900 239 1042 262 CLEMENS
1068 240 1111 263 ΧΠ
1136 241 1186 263 PP.

1096 289 1110 330 ξ
1135 288 1166 320 ⁶2.
1194 288 1271 321 Cum
1297 294 1426 329 autem,
1453 288 1534 322 sicut
1558 289 1672 321 eadem
1698 298 1796 330 expo—

1052 340 1126 373 sitio
1141 342 1366 383 subiungebat,
1383 342 1487 374 dictus
1506 341 1694 374 Timotheus
1716 351 1794 384 pro-

1053 399 1185 426 curator
1211 395 1379 435 generalis
1406 400 1442 426 ut
1467 395 1681 437 imposterum
1707 395 1793 426 vica-

1052 447 1120 478 rius
1155 446 1318 488 generalis
1355 458 1391 478 ac
1424 457 1535 479 omues
1561 446 1716 479 officiales
1743 456 1796 488 ge—

1051 499 1178 531 nerales
1215 498 1355 530 absoluti
1398 499 1430 530 in
1467 500 1611 542 capitulo
1645 499 1792 542 generali

1051 551 1270 594 subsequente
1297 550 1473 593 capitulum
1500 552 1699 593 provinciale
1718 562 1797 594 qua-

1053 610 1124 636 tuor
1149 604 1278 637 circiter
1303 604 1470 636 mensibus
1496 604 1527 636 in
1553 605 1695 647 capitulo
1722 616 1797 648 pro-

1052 657 1181 689 vinciali
1208 657 1355 699 proxime
1391 656 1498 688 futuro
1531 658 1692 699 eligibiles
1717 659 1794 698 sint,

1053 710 1132 742 itaut
1156 711 1236 753 ipsis
1261 709 1487 742 novemdecim
1512 715 1566 741 aut
1591 710 1703 752 viginti
1729 711 1794 744 cir-

1053 763 1133 795 citer
1157 763 1322 795 mensibus
1344 773 1472 794 vacasse
1494 763 1642 802 sufficiat,
1658 774 1716 806 per
1737 775 1797 797 nos

1054 816 1149 847 statui
1176 821 1208 847 et
1240 815 1386 848 ordinari
1418 815 1591 858 plurimum
1626 816 1794 850 desideret

1054 870 1148 902 nobis
1186 874 1362 911 propterea
1405 869 1576 901 humiliter
1616 870 1794 912 supplicari

1055 923 1130 955 fecit
1153 928 1188 954 ut
1212 922 1243 954 in
1280 921 1467 964 praemissis
1503 928 1689 964 opportune
1722 933 1799 964 pro-

1055 976 1164 1008 videre
1191 980 1223 1008 et
1247 981 1281 1006 ut
1307 975 1390 1007 infra
1423 974 1595 1017 indulgere
1628 976 1667 1008 de
1704 975 1798 1007 beni-

1054 1029 1177 1071 gnitate
1203 1028 1380 1070 apostolica
1407 1027 1627 1069 dignaremur.
1654 1028 1718 1060 Nos
1739 1029 1801 1071 igi-

1058 1089 1116 1120 tur,
1133 1083 1238 1125 ipsum
1258 1082 1462 1114 Timotheum
1478 1088 1724 1124 procuratorem
1743 1093 1799 1125 ge-

1056 1137 1200 1168 neralem
1225 1134 1423 1177 specialibus
1451 1134 1614 1166 favoribus
1632 1140 1663 1167 et
1685 1135 1796 1177 gratiis

1056 1188 1214 1232 prosequi
1244 1188 1398 1227 volentes,
1421 1192 1453 1220 et
1492 1199 1509 1220 a
1545 1187 1716 1230 quibusvis
1747 1199 1799 1221 ex-

1057 1241 1361 1273 communicationis
1388 1240 1616 1284 suspensionis
1642 1246 1674 1273 et
1701 1241 1802 1274 inter—

1058 1295 1146 1333 dicti,
1169 1295 1307 1337 aliisque
1341 1294 1571 1327 ecclesiasticis
1605 1295 1802 1333 sententiis,

1058 1348 1204 1380 censuris
1227 1354 1258 1379 et
1277 1347 1429 1390 poenis‚a
1445 1348 1514 1379 iure
1530 1349 1578 1380 vel
1597 1348 1636 1379 ab
1656 1348 1804 1389 bomine,

1059 1402 1172 1445 quavis
1192 1402 1366 1433 occasione
1388 1402 1437 1432 vel
1456 1404 1554 1432 causa
1572 1402 1662 1439 latis,
1685 1401 1710 1432 si
1730 1401 1803 1444 qui-

1059 1456 1118 1487 bus
1141 1454 1392 1497 quomodolibet
1417 1454 1593 1486 innodatus
1620 1454 1740 1494 existit,
1763 1456 1802 1488 ad

1059 1508 1209 1540 etl'ectun]
1246 1508 1469 1550 praesentium
1495 1508 1661 1540 dumtaxat
1689 1519 1805 1541 eonse-

1060 1561 1248 1604 quendum,
1283 1562 1396 1592 barum
1428 1561 1514 1593 serie
1540 1561 1746 1595 absolventes
1772 1568 1806 1595 ct

1061 1614 1246 1646 absolutum
1286 1614 1355 1646 sore
1395 1619 1584 1653 censentes,
1614 1615 1801 1648 huiusmodi

1061 1668 1360 1710 supplicationibus
1386 1667 1552 1707 inclinati,
1588 1668 1732 1700 eiusdem
1758 1668 1806 1700 Ti-

1061 1721 1186 1753 mothei
1206 1720 1429 1763 procuratoris
1449 1721 1612 1763 generalis
1632 1722 1800 1764 precibus,

1061 1775 1252 1806 auctoritate
1280 1775 1474 1817 apostolica,
1504 1781 1617 1808 tenore
1655 1786 1808 1818 praesen-

1062 1829 1156 1867 tium,
1184 1827 1324 1869 benigno
1351 1828 1568 1870 indulgemus.

1105 1881 1165 1924 53.
1185 1882 1419 1921 Deeernentcs,
1453 1883 1584 1914 easdem
1614 1888 1808 1925 praesentes

1063 1935 1186 1967 litteras
1198 1945 1330 1976 semper
1342 1934 1460 1974 firmas,
1475 1936 1597 1968 validas
1611 1942 1643 1968 et
1659 1937 1808 1970 efficaces

1062 1988 1201 2019 existere
1219 1993 1250 2019 et
1269 1988 1347 2026 sore,
1362 1998 1504 2031 suosque
1527 1989 1694 2031 plenarios
1710 1995 1741 2022 et
1761 1990 1811 2022 in-

1063 2046 1173 2082 tegros
1201 2040 1334 2073 effectus
1368 2041 1477 2073 sortiri
1513 2048 1545 2074 et
1580 2043 1748 2083 obtinere,
1773 2054 1811 2076 ae

1062 2093 1139 2131 illis,
1164 2094 1201 2125 ad
1229 2104 1310 2136 quos
1341 2099 1467 2136 spectat
1499 2100 1530 2126 et
1566 2106 1624 2137 pro
1662 2102 1811 2139 tempore

1063 2146 1313 2188 quomodolibet
1337 2147 1511 2189 spectabit,
1544 2148 1576 2180 in
1598 2149 1750 2181 omnibus
1780 2155 1813 2181 et

1064 2209 1122 2241 per
1143 2199 1253 2231 onmia
1273 2199 1463 2242 plenissime
1490 2200 1679 2243 suffragari,
1710 2208 1742 2234 et
1770 2204 1810 2235 ab

1064 2252 1109 2283 eis
1142 2253 1322 2295 respective
1363 2253 1594 2285 inviolabiliter
1628 2255 1810 2294 observari,

1065 2306 1176 2348 sicque
1222 2307 1253 2338 in
1298 2307 1489 2349 praemissis
1532 2318 1591 2349 per
1630 2319 1807 2350 quoscum-

1066 2371 1128 2403 que
1163 2360 1287 2392 iudices
1324 2360 1508 2392 ordinarios
1545 2365 1576 2392 et
1616 2361 1812 2403 delegatos,

1066 2413 1162 2445 etiam
1188 2424 1360 2445 causarum
1392 2413 1502 2455 palatii
1525 2414 1696 2456 apostolici
1723 2415 1814 2446 audi-

1067 2471 1173 2505 tores,
1201 2466 1337 2497 iudicari
1370 2472 1400 2498 et
1433 2465 1559 2498 deliniri
1598 2466 1744 2506 debere,
1778 2478 1814 2499 ac

1068 2519 1194 2551 irritum
1215 2524 1246 2550 ct
1261 2519 1356 2550 inane
1372 2519 1398 2550 si
1412 2530 1506 2552 secus
1523 2530 1623 2560 super
1638 2520 1688 2551 liis
1702 2531 1718 2551 a
1737 2531 1814 2562 quo-

1068 2583 1182 2615 quam,
1218 2572 1328 2613 quavis
1354 2572 1569 2610 auctoritate,
1595 2573 1736 2606 scienter
1762 2574 1812 2606 vel

1070 2626 1281 2667 ignoranter,
1310 2625 1484 2667 contigerit
1508 2626 1676 2658 attentari.

1687 229 1753 262 ⁶237
1801 242 1854 265 An.
1872 240 1903 265 c.
1922 239 1989 267 1731

1830 301 1944 321 Concessio
1965 302 1990 321 ite

1806 333 1849 353 qua
1864 330 1885 348 iu
1899 334 1989 348 summa-

1807 360 1846 374 ΙΊι).

1844 1888 1924 1908 [larum
1945 1887 2003 1908 titte-

1819 1921 1890 1935 rarum
1905 1914 1978 1935 robur.
