2182 3137
43 269 93 297 An.
113 267 144 295 C.
161 267 229 296 1732

862 265 1004 288 CLEMENS
1030 266 1075 287 Xll
1101 267 1149 288 I'P.

236 315 451 346 commissione.
475 315 570 354 thue
597 314 627 343 id
655 313 769 343 facilius
791 316 976 351 assequatur,

237 368 399 404 proventus
421 373 522 393 omnes
544 367 572 393 et
595 367 743 401 tempora,
767 361 875 401 quibus
898 361 979 390 colli-

235 413 323 452 gendi
346 416 437 450 sunt,
462 413 490 441 in
514 411 654 451 peculiari
678 410 752 440 libro
787 409 922 445 scribat;
952 414 980 439 et

237 461 359 491 seorsim
382 461 468 490 etiam
492 468 693 499 quascumque
710 468 757 488 res
772 462 823 487 aut
839 458 979 496 pecunias

238 519 277 539 ex
299 509 443 539 fructibus
466 507 636 538 monasterii
669 507 856 547 perceperit,
880 506 979 536 addito

238 567 255 588 a
277 558 381 597 quibus
404 562 433 587 et
454 557 572 596 quando
595 566 646 586 eae
669 555 879 595 provenerint,
904 555 979 584 elee-

239 616 381 644 mosynae
398 610 495 636 autem
519 606 576 635 alio
596 605 624 635 in
644 604 721 634 libro
743 604 921 633 scribantur.

278 663 316 684 iv.
340 655 471 693 Singulis
495 654 646 684 mensibus
668 653 727 683 dati
750 656 778 682 et
801 652 913 691 accepti
936 662 980 682 ra-

237 703 349 733 tionem
372 703 470 732 abbati
492 702 614 732 reddat:
638 701 795 740 debitaque
818 704 846 730 et
868 700 978 730 credita

238 752 409 782 monasterii
433 751 592 789 indicabit,
616 760 672 789 quo
701 750 764 789 ipse
787 752 895 779 statum
919 759 979 779 ino-

238 801 360 830 nasterii
389 809 509 839 prorsus
530 799 696 837 intelligat:
726 808 875 838 nunquam
909 808 979 828 vero

237 857 415 878 oeconomus
447 847 541 877 debita
572 847 724 877 contrahat
756 848 819 876 sine
842 849 978 886 expressa

237 897 352 927 abbatis
374 897 503 926 licentia.
526 896 660 926 Vicissim
680 896 805 934 singulis
828 896 979 926 ‘mensibus

237 946 336 984 exigat
367 945 510 975 rationem
547 945 582 975 ab
617 945 791 975 ofticialihus
823 946 977 981 villarum,

237 995 433 1035 praediorum,
459 1004 597 1033 pecorum
620 999 648 1024 et
670 995 821 1024 similium.

278 1052 306 1073 v.
329 1043 478 1079 Pecunia,
503 1044 707 1083 undecumque
731 1053 763 1073 ea
787 1044 977 1082 provenerit,

237 1091 262 1121 si
285 1092 410 1122 alicuius
433 1093 571 1122 momenti
603 1093 710 1130 fuerit,
734 1093 842 1122 iudicio
865 1092 979 1122 abbatis
1001 1103 1002 1110 ¹

237 1141 268 1170 in
290 1143 360 1171 arca
381 1146 539 1180 reponatur
572 1141 607 1170 ad
640 1142 669 1171 id
702 1142 863 1180 designata.
888 1143 980 1172 lluius

238 1189 327 1219 abbas
350 1190 461 1219 clavem
485 1199 584 1228 unam,
609 1195 636 1220 et
658 1191 721 1229 ipse
743 1200 919 1221 oeconomus
942 1192 981 1221 al-

236 1243 330 1269 teram
360 1239 505 1268 diversam
537 1239 692 1269 custodiat.
723 1239 754 1269 111
782 1240 883 1270 eadem
906 1241 981 1271 liber

237 1288 436 1318 asservabitur
453 1313 460 1327 ,
498 1288 527 1317 in
565 1298 621 1327 quo
657 1289 803 1319 scribetur
840 1291 980 1328 pecuniae

237 1346 363 1372 summa,
383 1341 441 1367 tam
465 1337 528 1367 eius
550 1347 625 1377 quae
647 1338 783 1375 insertur,
807 1348 893 1377 quam
917 1340 980 1369 eius

237 1395 311 1425 quae
343 1386 485 1416 effertur.
516 1386 545 1416 Si
579 1387 694 1426 qnando
727 1392 838 1426 autem,
858 1393 980 1427 cogente

237 1436 338 1475 aliqua
354 1437 539 1474 necessitate,
557 1437 680 1475 pecunia
700 1437 728 1466 in
745 1447 842 1467 arcam
862 1448 919 1468 non
936 1439 981 1468 in-

238 1485 387 1522 ferretur,
421 1485 615 1515 nihilominus
651 1488 762 1525 accepti
795 1492 823 1517 et
858 1489 1002 1526 expensil

238 1544 351 1565 summa
385 1535 413 1564 in
448 1535 549 1564 eodem
582 1535 656 1564 libro
689 1537 787 1565 statim
821 1535 1002 1566 scrihatur.¹

239 1584 486 1623 Quotiescumque
509 1593 576 1613 vero
598 1594 632 1613 cx
655 1587 724 1614 arca
752 1586 905 1624 pecuniam
934 1596 979 1615 ac—

238 1633 337 1672 cipiet,
361 1633 424 1663 eius
446 1642 589 1662 suminam
613 1637 641 1662 et
663 1633 738 1662 diem
762 1634 790 1662 in
818 1634 892 1664 libro
915 1644 981 1664 sua-

237 1692 303 1712 rum
326 1683 475 1712 rationum
498 1682 665 1719 adscribam
690 1684 718 1712 in
742 1684 801 1712 alia
824 1694 891 1713 vero
914 1684 979 1714 libri

237 1735 339 1771 parte,
363 1731 484 1770 expensi
508 1731 582 1760 ratio
605 1736 729 1761 constet.

277 1789 316 1810 Vi.
340 1780 478 1818 Diligenti
508 1781 580 1809 curat
612 1781 775 1811 asservabit
797 1782 825 1811 in
850 1782 979 1813 archivio

239 1830 275 1860 ad
308 1830 361 1859 hoc
393 1830 542 1868 designato
575 1830 769 1860 instrumenta
802 1832 977 1870 originalia,

238 1878 345 1918 quibus
367 1882 481 1908 constat
512 1879 546 1908 de
574 1879 637 1909 iure
660 1889 761 1910 eorum
785 1890 860 1920 quae
883 1891 897 1910 a
921 1892 981 1911 ino-

241 1927 371 1958 nasterio
395 1927 601 1967 possidentur,
625 1928 836 1969 chirographa,
861 1940 981 1970 syngra-

240 1976 330 2016 phas,
355 1976 516 2005 inventaria
540 1981 568 2006 et
592 1977 645 2005 alia
669 1977 860 2015 huiusmodi,
885 1983 912 2009 et
935 1989 981 2009 ar-

239 2025 329 2055 chivii
361 2024 479 2064 quidem
513 2024 624 2053 clavem
655 2035 742 2055 unam
770 2027 831 2066 ipse
863 2028 978 2067 haheat,

240 2074 329 2104 abbas
353 2083 418 2103 vero
442 2073 563 2103 alteram
588 2074 744 2104 diversam.

281 2132 330 2152 vii.
351 2123 502 2160 Advertat,
527 2132 596 2152 uum
620 2133 651 2153 ea
669 2134 742 2163 quae
765 2135 779 2154 a
804 2127 980 2156 monasterio

241 2172 448 2212 possidentur,
472 2173 657 2211 reparatione
689 2174 860 2213 indigeant,
884 2180 916 2205 nt
945 2177 979 2206 ad

240 2221 375 2252 abbatem
398 2222 516 2251 referat.
534 2220 563 2250 Si
583 2221 651 2260 quid
675 2226 770 2252 autem
794 2224 978 2255 vendendum

241 2271 400 2307 videretur,
425 2270 525 2299 eodem
547 2270 713 2301 inconsulto
736 2281 772 2301 ne
796 2273 891 2302 saciat.

281 2328 341 2349 vni.
365 2320 464 2357 Curet,
489 2323 520 2348 ut
542 2328 588 2348 res
616 2329 727 2358 omnes,
752 2322 907 2361 praecipue
930 2323 980 2353 ‹liu

240 2370 418 2406 duraturae,
457 2369 628 2407 tempestive
663 2374 692 2399 et
727 2377 981 2410 quamopportune

241 2422 397 2453 emantur,
422 2427 458 2447 ne
491 2417 542 2447 has
575 2427 632 2447 non
667 2419 787 2457 perinde
813 2419 904 2451 bonas
932 2427 982 2452 aut

240 2478 299 2498 non
315 2477 408 2506 aequo
424 2467 517 2506 pretio
533 2471 654 2505 cogatur
669 2477 850 2507 comparare.
877 2470 983 2502 Caveat

241 2518 329 2548 etiam
344 2540 351 2553 ,
376 2526 411 2546 ne
426 2540 433 2553 ,
462 2516 530 2545 dum
555 2517 678 2545 nimium
703 2518 843 2556 pecuniae
866 2521 979 2559 parcit,

241 2575 300 2596 non
322 2565 412 2594 bonas
435 2569 484 2594 aut
505 2564 670 2594 insalubres
692 2574 738 2595 res
760 2571 848 2596 emat.
880 2568 981 2598 Videat

241 2618 338 2644 autem
366 2622 435 2643 num
466 2623 518 2651 ea,
542 2622 616 2652 quae
646 2618 741 2653 empta
771 2619 856 2653 suut,
881 2616 980 2646 illaesa

240 2666 473 2699 conserventur3
508 2666 595 2701 atque
626 2662 861 2693 animadvertens
884 2665 979 2705 aliqua

1658 255 1724 289 357

1024 322 1082 342 non
1099 337 1106 351 ,
1130 318 1161 343 ut
1193 318 1327 353 oportet,
1351 314 1518 344 conservari
1541 319 1591 344 aut
1617 313 1762 354 expendi,

1022 361 1156 391 abbatem
1180 366 1230 391 aut
1253 363 1394 393 vicarium
1416 363 1580 393 admoneat.

1061 419 1101 439 ix.
1125 410 1255 450 Emptori
1272 412 1411 450 pecunias
1427 412 1461 441 ad
1478 412 1664 451 quotidianos
1684 421 1764 441 sum-

1023 463 1089 497 ptus
1111 459 1358 497 subministrabit,
1383 470 1398 490 a
1421 471 1478 499 quo
1501 461 1624 499 singulis
1658 461 1761 491 diebus

1022 518 1220 546 expensarum
1256 509 1352 547 exigat
1387 510 1530 539 rationem
1566 520 1601 540 ex
1637 511 1761 548 codice3

1022 566 1166 586 summam
1188 567 1257 587 vero
1281 559 1310 587 in
1332 558 1440 588 librum
1463 569 1548 588 suum
1565 560 1627 598 ipse
1643 560 1760 589 reseret.

1022 607 1145 644 Emptor
1166 615 1246 643 vero,
1270 607 1319 645 qui
1343 612 1495 645 empturus
1518 608 1575 644 sit,
1599 608 1634 637 ab
1657 608 1761 638 abbate

1023 663 1073 683 seu
1096 654 1159 683 eius
1182 655 1291 683 vicario
1314 655 1478 693 intelliget:
1512 665 1617 695 resque
1649 661 1762 695 emptas

1022 703 1173 732 cellerario
1197 703 1308 741 tradat,
1333 703 1394 732 sive
1421 704 1449 732 in
1478 704 1597 733 cellario
1620 714 1764 743 reponen-

1022 751 1084 787 das,
1110 752 1169 781 sive
1192 761 1285 790 coquo
1308 752 1542 781 committendas

1063 809 1091 830 x.
1116 800 1185 830 Cum
1209 801 1357 830 extrancis
1373 805 1473 830 contra
1489 801 1652 830 decentiam
1669 805 1762 831 status

1023 849 1177 878 monastici
1201 849 1344 887 negotiari
1367 859 1425 878 non
1449 853 1627 888 praesumat.

1063 908 1101 928 XI.
1127 900 1214 928 Curet
1234 903 1266 928 ut
1288 899 1465 936 saeculares,
1483 903 1541 928 tam
1564 899 1594 928 in
1619 904 1764 929 monaste-

1022 947 1066 976 rio
1089 957 1175 986 quam
1198 947 1226 977 in
1252 948 1378 986 praediis
1401 947 1463 977 eius
1486 948 1659 983 servientes,
1674 948 1764 977 hone-

1023 1001 1066 1026 ste
1089 1001 1117 1026 et
1140 997 1300 1026 christiane
1335 997 1453 1026 vivant:
1478 1001 1579 1034 cogat,
1604 1006 1704 1026 omnes
1733 996 1762 1025 in

1022 1045 1126 1075 <liebus
1148 1046 1230 1075 festis
1259 1051 1287 1075 et
1315 1045 1470 1075 dominicis
1497 1055 1596 1075 sacrae
1627 1046 1765 1084 liturgiae

1023 1099 1050 1124 et
1072 1095 1180 1124 divinis
1203 1095 1307 1124 osticiis
1330 1095 1486 1129 intersint,
1511 1099 1539 1124 et
1560 1095 1590 1124 111
1612 1095 1694 1125 sestis
1717 1105 1765 1125 so-

1001 1165 1002 1172 .
1023 1143 1214 1173 lemnioribus
1230 1148 1412 1173 sacramenta
1429 1144 1620 1173 consessionis
1643 1148 1670 1173 et
1685 1153 1763 1173 com—

1024 1193 1171 1222 munionis
1187 1192 1394 1231 frequentent,
1413 1192 1576 1222 mercedem
1593 1192 1692 1222 itidem
1716 1193 1766 1222 (le-

1775 269 1824 293 An.
1844 267 1875 294 C.
1891 265 1962 294 ¹732

1023 1242 1112 1271 bitam
1136 1252 1188 1271 suo
1213 1247 1343 1281 tempore
1374 1242 1410 1271 iis
1440 1242 1606 1281 persolvat3
1627 1242 1775 1281 querelas''

1023 1301 1123 1321 eorum
1140 1291 1265 1320 libenter
1288 1291 1398 1328 audiat,
1414 1300 1497 1320 casus
1520 1300 1589 1320 vero
1612 1300 1761 1329 nunquam

1023 1341 1085 1369 sine
1109 1340 1213 1370 abbate
1229 1340 1338 1370 iudicet
1353 1351 1359 1376 3
1378 1350 1471 1379 neque
1488 1350 1537 1369 eos
1553 1340 1679 1369 insolitis
1695 1349 1763 1379 poe·

1001 1421 1003 1427 ,
1023 1389 1068 1418 nis
1090 1394 1118 1418 et
1143 1388 1280 1418 oneribus
1303 1393 1462 1426 aggravet,
1492 1398 1586 1427 neque
1616 1389 1681 1427 plus
1711 1390 1761 1418 uni

1023 1447 1108 1477 quam
1131 1438 1214 1467 alteri
1237 1447 1337 1467 eorum
1362 1438 1463 1467 faveat.
1481 1437 1601 1472 Quando
1625 1447 1692 1467 vero
1711 1437 1763 1467 ali-

1023 1487 1089 1526 quis
1118 1495 1218 1515 eorum
1242 1486 1433 1516 [liinittendus
1455 1487 1514 1525 sit,
1534 1487 1562 1516 id
1585 1487 1670 1516 faciat
1693 1496 1759 1517 cum

1023 1536 1102 1565 omni
1125 1535 1266 1565 charitate
1281 1559 1288 1573 ,
1312 1540 1340 1565 et
1368 1545 1433 1565 cum
1457 1536 1543 1574 plena
1565 1536 1627 1565 eius
1650 1537 1765 1566 satisfa-

1023 1585 1120 1615 ctione
1144 1585 1237 1623 quoad
1256 1585 1388 1614 debitum
1410 1585 1601 1624 stipendium.

1066 1644 1115 1663 xii.
1140 1634 1180 1664 lta
1204 1634 1321 1663 demum
1346 1643 1521 1663 oeconomus
1536 1643 1633 1664 rerum
1655 1639 1766 1674 tempo-

1024 1684 1128 1713 ralium
1152 1683 1378 1712 sollicitudiuem
1396 1687 1488 1721 gerat,
1505 1687 1567 1713 uta
1586 1685 1764 1714 monasticae

1023 1732 1099 1762 vitae
1115 1732 1295 1771 perfectione
1311 1732 1441 1761 animum
1457 1741 1515 1761 non
1532 1732 1653 1762 relaxet.
1671 1733 1766 1768 Quare

1023 1782 1206 1819 orationem,
1241 1781 1383 1810 ieiunium
1399 1805 1406 1819 ,
1431 1785 1600 1820 ceterasque
1633 1782 1764 1821 religiosi

1024 1830 1149 1860 instituti
1172 1831 1353 1869 disciplinas,
1371 1831 1464 1869 quoad
1490 1831 1551 1859 sieri
1568 1832 1685 1869 poterit,
1705 1842 1763 1861 non

1024 1890 1108 1909 secus
1127 1884 1212 1918 atque
1232 1879 1337 1918 reliqui
1361 1880 1496 1908 monachi
1513 1880 1608 1909 colere
1624 1880 1762 1911 debebit:

1023 1929 1189 1958 saeculares
1224 1937 1312 1966 vero,
1346 1928 1520 1967 quibuscum
1554 1933 1762 1968 conversatur,

1024 1977 1113 2007 verbo
1135 1981 1163 2006 et
1186 1977 1319 2015 exemplo
1343 1977 1496 2006 aedificare
1519 1977 1644 2007 studeat.

1064 2037 1124 2056 xiii.
1149 2027 1229 2057 Sic-ut
1251 2026 1285 2055 ad
1303 2025 1422 2055 abbates
1438 2026 1681 2056 monasteriorum
1699 2037 1765 2067 per-

1024 2077 1095 2106 tinet
1131 2085 1178 2105 res
1214 2075 1387 2114 temporales
1422 2075 1476 2105 sihi
1507 2076 1676 2105 commissas
1710 2087 1763 2116 per

1023 2135 1196 2155 oeconomos
1219 2134 1320 2154 curare
1335 2149 1342 2162 ,
1371 2124 1411 2154 ita
1436 2124 1542 2164 poterit
1564 2124 1653 2154 abbas
1675 2135 1764 2164 gene-

1024 2175 1104 2213 ralis,
1122 2174 1146 2203 si
1168 2174 1197 2203 id
1221 2173 1357 2213 expedire
1380 2174 1560 2211 cognoverit,
1583 2175 1764 2205 constituere

1024 2232 1216 2253 oeconomum
1249 2223 1432 2261 generalem,
1457 2222 1506 2261 qui
1538 2223 1620 2252 illum
1643 2223 1672 2252 in
1695 2233 1764 2253 con-

1024 2271 1175 2302 servandis
1197 2271 1281 2301 bonis
1304 2271 1513 2310 temporalibus
1535 2271 1624 2301 totius
1646 2272 1765 2303 Ordinis

1023 2325 1186 2360 opportune
1207 2320 1337 2349 adiuvet.

1143 2370 1212 2400 CAl‘.
1238 2369 1284 2398 lx.
1307 2387 1346 2391 —
1369 2369 1407 2398 De
1429 2369 1638 2399 consultoribus.

1064 2428 1083 2449 1.
1110 2418 1206 2448 Abbas
1243 2428 1310 2447 suos
1348 2417 1451 2448 habeat
1486 2418 1668 2448 consultores
1704 2423 1765 2449 tres

1024 2469 1126 2498 saltem
1145 2468 1304 2498 monachos
1326 2477 1411 2496 senes
1441 2471 1468 2496 et
1492 2467 1520 2496 in
1543 2467 1681 2505 religiosa
1700 2478 1765 2508 per·

1025 2518 1148 2548 sectione
1171 2517 1357 2553 exercitatos,
1375 2526 1498 2555 quorum
1522 2518 1646 2547 consilio
1668 2522 1697 2547 et
1719 2528 1766 2548 re-

1024 2567 1131 2597 latione
1163 2567 1299 2603 adiutus,
1325 2565 1430 2595 melius
1459 2570 1486 2596 et
1512 2566 1627 2596 facilius
1658 2567 1766 2606 guber-

1023 2625 1093 2646 nare
1117 2615 1219 2654 possit.

1063 2673 1092 2694 11.
1116 2664 1169 2700 Qui
1204 2664 1270 2693 huic
1305 2663 1418 2693 muneri
1452 2663 1680 2703 deputabuntur,
1704 2664 1764 2696 sint

1802 2431 1853 2451 Tm
1862 2432 1902 2452 sint
1910 2437 1961 2453 eon-

1775 2458 1873 2479 sultores.

1802 2653 1882 2675 waus
1904 2654 1959 2673 ‹toti—

1775 2678 1813 2700 bus
1830 2679 1929 2705 praediti.
