2182 3137
68 229 119 257 An.
140 228 171 256 C.
192 228 259 256 1732

881 226 1022 250 CLEMENS
1049 228 1093 250 ΧΠ
1120 228 1168 251 ΡΡ.

268 277 360 310 sariis
380 277 566 319 provideat;
587 277 656 316 sed,
674 276 698 308 si
717 286 775 320 pro
794 275 906 308 maiori
926 285 1005 307 com-

268 329 436 370 moditate,
456 335 552 373 utque
570 329 685 362 melius
703 333 863 367 curentur,
890 327 921 359 in
939 338 1007 360 mo-

268 381 440 414 nasterium
461 381 492 414 S.
512 380 731 414 Scholasticae
750 379 916 412 transferri
943 390 1007 411 ma-

268 436 400 476 luerint,
427 435 525 468 abbas
549 436 621 469 illos
648 435 794 478 recipiat,
821 433 1007 467 adnotando

269 499 380 521 omnes
405 499 561 532 expensas
599 499 658 531 pro
694 499 806 520 eorum
839 486 1006 520 curatione

268 541 376 581 tactas,
398 551 479 583 quae
506 551 543 573 ex
567 542 674 573 annua
692 540 943 578 contributione,
967 539 1007 571 ab

268 594 381 626 eodem
406 593 615 634 monasterio,
641 599 674 625 ut
692 604 790 636 supra
809 593 928 625 dictum
946 597 1007 631 est,

267 647 472 689 praestanda,
493 647 726 680 subducantur.
745 665 789 669 ———
805 656 846 679 vt.
866 645 1008 683 Quatuor

269 711 285 732 e
301 699 452 743 praefatis
468 705 540 732 octo
561 699 738 739 monacbis,
756 699 886 742 quando
906 698 1007 731 maior

267 753 380 796 populi
400 753 595 796 frequentia,
614 758 644 785 et
662 753 725 785 duo
743 752 855 785 saltem
877 752 1006 796 quando

269 806 373 839 minor
412 806 509 839 suerit
548 816 747 846 concursus,
786 805 1005 838 hebdomatim

267 869 327 901 per
353 863 480 890 turnum
508 858 539 890 in
561 858 790 891 consessionali
810 858 886 891 sede
905 869 1007 891 rema-

268 917 366 944 neant
389 911 429 943 ad
447 910 654 954 excipiendas
671 911 894 944 consessiones
912 921 1007 954 pere-

268 963 445 1006 grinorum,
458 964 662 1007 aliorumque
679 964 821 997 fidelium
839 964 916 996 illuc
934 974 1005 997 con·

266 1017 450 1058 fluentium,
477 1018 596 1051 adeout
622 1028 733 1051 omnes
757 1022 829 1050 octo
855 1017 1004 1050 monachi

267 1071 307 1104 ad
333 1071 396 1104 hoc
422 1070 558 1113 obligati
585 1071 648 1104 sint
679 1071 810 1103 alternis
837 1082 872 1103 ac
897 1071 1005 1104 divisis

265 1124 352 1157 inter
377 1135 431 1157 eos
456 1124 683 1165 hebdomadis,
701 1135 838 1168 quarum
857 1124 1006 1156 distribu-

266 1178 311 1211 tio
337 1188 354 1210 a
377 1178 489 1221 priore
513 1179 675 1221 pendeat3
703 1183 744 1219 et,
763 1189 826 1221 quo
849 1178 923 1211 dicti
950 1188 1003 1221 pe-

266 1232 386 1276 regrini
418 1242 455 1265 ae
481 1231 591 1265 fideles
616 1242 632 1264 a
657 1232 809 1275 peccatis,
834 1232 949 1275 poenis
974 1237 1005 1264 et

267 1287 413 1320 censuris
439 1286 610 1319 reservatis
629 1286 750 1319 absolvi
768 1286 903 1329 possint,
926 1286 1003 1329 ipsis

265 1340 434 1373 monacbis
472 1340 536 1383 (ad
575 1340 754 1372 audiendas
780 1340 1004 1373 confossiones

266 1393 454 1437 ceteroquin
480 1393 622 1436 legitime
645 1394 847 1437 approbatis)
874 1393 1004 1425 easdem

266 1447 433 1481 facultates
470 1447 577 1490 quoad
616 1447 853 1480 absolutionem
885 1447 1004 1479 liuius—

265 1501 353 1535 modi
377 1501 595 1545 impartimur,
622 1501 738 1544 quibus
765 1501 905 1544 gaudent
929 1511 1003 1544 poe-

266 1555 444 1589 nitentiarii
464 1555 623 1587 dictarum
642 1554 793 1587 basilicae
819 1554 848 1587 S.
868 1554 952 1587 Petri
973 1559 1004 1586 et

266 1609 298 1643 S.
334 1609 454 1642 Domus
490 1609 704 1649 Lautetanae,
738 1618 884 1651 quaeque
926 1608 1002 1639 duo-

265 1663 325 1696 bus
351 1661 521 1695 monacliis
542 1661 574 1693 in
594 1661 706 1694 codem
732 1660 930 1694 monasterio
948 1660 1003 1693 Sa-

265 1715 311 1749 cri
336 1715 456 1759 Specus
494 1715 532 1748 ad
567 1725 721 1758 praesens
757 1714 1002 1747 demorantibus

266 1769 305 1802 ab
346 1768 450 1802 officio
488 1767 760 1801 Poenitentiariae
797 1767 1002 1812 Apostolicae

265 1823 352 1863 alias,
379 1827 412 1855 ut
436 1822 629 1866 praefertur,
656 1822 827 1854 attributae
859 1822 999 1854 suerunt.

264 1895 308 1900 »-
331 1886 388 1910 vn.
407 1875 549 1914 Quatuor
574 1881 628 1908 aut
653 1876 833 1919 respective
855 1886 907 1908 sex
935 1886 1002 1908 mo-

264 1929 362 1962 nachi
391 1929 518 1970 dicbus,
547 1928 861 1972 quibus,deficiente
887 1929 1000 1972 populi

266 1992 437 2023 concursu,
464 1982 502 2015 ab
528 1982 729 2024 obligatione
756 1983 944 2015 remanendi
969 1982 1001 2015 in

265 2036 497 2070 confessionali
535 2036 612 2069 sede
646 2035 740 2068 liberi
775 2036 1000 2079 reperientur,

266 2090 408 2134 quotidie
434 2090 536 2123 choro
563 2089 719 2129 intersint,
739 2089 910 2132 divinaque
935 2100 1003 2132 per-

265 2150 362 2187 agant
379 2143 492 2183 officia,
512 2142 784 2187 quemadmodum
802 2149 949 2176 servatur
970 2143 1001 2176 in

264 2197 465 2231 monasterio
490 2196 520 2229 S.
538 2195 770 2230 Scholasticae.
790 2215 833 2219 —
850 2206 918 2230 vul.
940 2196 1003 2229 Mo-

265 2250 361 2284 naclii
388 2251 487 2283 choro
505 2249 740 2283 interessentes
758 2249 910 2282 incedant
927 2261 1002 2293 pro-

265 2304 487 2339 cessionaliter
513 2304 550 2337 ad
576 2303 706 2337 Sacrum
727 2303 865 2346 Specum
889 2314 1001 2337 canen·

266 2364 314 2392 tes
339 2359 494 2403 hymnum
519 2357 688 2390 Laudibus
712 2357 804 2399 cives,
825 2368 895 2391 cum
922 2358 1002 2390 anti-

265 2411 376 2455 phona
408 2416 438 2444 et
471 2410 620 2443 oratione
644 2410 674 2443 S.
693 2411 882 2452 Benedicti,
912 2416 1001 2455 post-

265 2476 361 2510 quam
381 2464 589 2498 recitaverint
605 2464 741 2508 primam
759 2465 878 2498 Horam
896 2476 999 2506 mane,

266 2525 296 2553 et
321 2518 572 2562 Completorium
599 2528 750 2561 vespere,
777 2518 870 2551 sicuti
903 2518 938 2551 fit
968 2518 999 2551 in

264 2577 375 2607 monte
400 2571 571 2606 Alverniae
597 2582 614 2604 a
639 2570 790 2604 fratribus
807 2570 933 2604 Ordinis
951 2572 1000 2605 Mi·

264 2637 381 2662 norum
405 2625 506 2659 sancti
531 2625 690 2658 Francisci
723 2623 760 2657 de
791 2624 1001 2658 observantia

334 2689 419 2719 Eun.
442 2688 528 2718 Rom.
547 2704 577 2708 -
602 2688 665 2717 voc.
683 2686 791 2718 XXIII.
934 2686 970 2714 40

1684 217 1749 251 313

1050 274 1310 309 Reformatorum
1328 282 1585 320 nuncupatorum
1605 276 1635 308 iu
1658 276 1786 308 laudem

1050 339 1086 360 ac
1111 329 1300 362 memoriam
1327 330 1470 363 eiusdem
1496 330 1525 363 S.
1548 329 1708 362 Francisci
1735 340 1787 361 co-

1051 392 1120 414 rum
1136 382 1330 416 institutoris
1343 395 1350 423 3
1364 383 1479 416 deinde
1494 389 1623 416 cantent
1637 383 1787 426 antipho-

1050 445 1123 467 nam
1148 435 1185 468 Si
1211 435 1410 479 iniquitate&
1429 447 1501 469 cum
1517 438 1640 480 psalmo
1657 437 1702 469 De
1715 447 1788 480 pra-

1049 487 1172 529 sundi's,
1198 492 1266 527 etc„
1293 493 1324 520 et
1349 489 1506 528 oratione,
1524 489 1674 532 quamdiu
1694 500 1786 532 prae-

1052 540 1156 573 dictus
1195 540 1346 574 Nicolaus
1385 541 1482 574 Maria
1523 542 1787 585 archiepiscopus

1050 593 1174 633 vixerit,
1202 593 1369 626 Fidclt'um
1395 594 1480 626 Deus
1505 597 1651 627 omw'um
1678 595 1788 627 condi-

1052 651 1110 687 ter,
1138 651 1208 685 ele„
1225 647 1294 690 ipso
1312 654 1417 680 autem
1437 648 1553 688 functo,
1573 651 1671 681 altera
1689 649 1785 689 Deus,

1050 701 1109 744 qui
1126 701 1211 733 inter
1228 701 1416 743 apostolicos
1434 701 1619 741 sacerdotes,
1636 701 1667 733 in
1686 702 1786 744 ipsius

1050 753 1175 786 animae
1210 753 1418 796 suffraginum
1451 753 1672 797 unusquisque
1702 754 1788 785 insu-

1050 816 1109 850 per
1134 816 1171 839 ex
1195 810 1330 849 quatuor
1354 806 1531 846 monacbis,
1551 807 1605 849 qui
1630 817 1665 838 cx
1691 807 1786 839 benis

1049 870 1108 904 per
1125 860 1272 892 eumdem
1291 859 1458 892 Nicolaum
1475 859 1605 892 Mariam
1625 859 1789 902 archiepi-

1049 924 1183 957 scopum
1201 912 1370 956 applicatis
1389 913 1526 952 alentur,
1547 913 1624 945 duas
1643 913 1789 955 qualibet

1050 966 1257 999 hebdomada
1275 965 1386 999 missas
1405 966 1442 999 ad
1462 966 1563 998 altare
1581 965 1612 998 S.
1630 964 1787 1007 Gregorii,

1049 1020 1081 1053 in
1107 1019 1293 1063 supradicta
1318 1018 1454 1052 ecclesia
1478 1019 1584 1058 situm,
1611 1018 1787 1051 secundum

1049 1084 1139 1106 suam
1158 1072 1370 1106 intentionem
1390 1072 1548 1105 celebret.
1563 1091 1607 1095 —
1624 1082 1665 1104 tx.
1684 1071 1787 1104 Prima

1049 1132 1156 1160 tamen
1176 1126 1342 1169 deputatio
1360 1125 1488 1169 prioris,
1507 1125 1558 1169 qui
1579 1125 1691 1158 eodem
1711 1129 1788 1157 tem-

1049 1191 1127 1224 pore
1166 1180 1205 1213 de
1242 1190 1326 1212 novo
1363 1179 1435 1212 talis
1467 1178 1627 1212 creandus
1653 1178 1725 1218 erit,
1752 1188 1788 1210 ac

1049 1234 1281 1267 monachorum
1300 1233 1331 1265 in
1350 1232 1580 1265 monasterium
1605 1231 1691 1264 Sacri
1711 1231 1788 1274 Spe-

1049 1298 1102 1320 cus
1128 1287 1412 1326 collocandorum,
1439 1286 1588 1319 sacienda
1613 1285 1653 1317 sit
1684 1296 1701 1318 a
1726 1295 1787 1318 me-

1049 1346 1173 1375 morato
1209 1340 1357 1384 praeside
1391 1339 1657 1382 Congregatiouis
1684 1339 1786 1372 Cassi-

1048 1395 1156 1428 neusis
1183 1405 1255 1427 cum
1281 1393 1417 1426 consilio
1444 1393 1545 1436 ipsius
1562 1393 1785 1436 procuratoris

1047 1448 1236 1492 generalis,
1274 1447 1373 1480 sirmis
1412 1447 1450 1479 de
1487 1452 1595 1479 cetero
1634 1447 1784 1489 superius

1048 1501 1224 1545 dispositis,
1242 1500 1347 1544 quoad
1374 1499 1586 1533 successivam
1605 1510 1715 1532 eorum
1736 1499 1785 1532 de-

1048 1555 1247 1598 putationem
1283 1565 1319 1586 ac
1356 1553 1593 1592 mutationem,
1626 1562 1708 1595 quae
1745 1552 1784 1584 ad

1048 1609 1199 1641 abbatem
1234 1605 1422 1640 monasterii
1456 1605 1487 1639 S.
1510 1605 1730 1638 Scliolasticae
1755 1610 1785 1637 et

1047 1667 1291 1706 procuratorem
1307 1661 1495 1704 generalem
1510 1659 1697 1692 huiusmodi
1715 1669 1784 1703 per-

1048 1716 1154 1756 tineat,
1171 1719 1303 1758 excepto
1322 1714 1438 1757 priore,
1457 1718 1569 1756 utpote
1588 1712 1674 1744 iuxta
1692 1723 1783 1745 usum

1047 1774 1078 1801 et
1109 1773 1223 1801 statuta
1261 1767 1365 1800 dictae
1390 1765 1658 1810 Congregationis
1683 1765 1784 1798 Cassi-

1048 1822 1156 1854 nensis
1182 1820 1350 1864 eligendo.

1091 1875 1105 1918 ἓ
1131 1874 1162 1907 5.
1189 1874 1414 1914 Dec-eruentes,
1441 1873 1570 1906 easdem
1596 1877 1785 1916 praesentes

1047 1928 1171 1962 litteras
1197 1938 1326 1971 semper
1351 1927 1476 1966 sirmas,
1506 1927 1628 1959 validas
1665 1931 1696 1959 ct
1720 1927 1786 1959 essi-

1047 1993 1138 2015 caces
1165 1981 1303 2014 existere
1329 1986 1359 2014 et
1384 1981 1473 2021 sore,
1506 1990 1648 2023 suosque
1674 1981 1786 2023 plena-

1047 2036 1110 2069 rios
1138 2040 1167 2068 et
1194 2035 1337 2078 integros
1364 2034 1496 2067 effectus
1521 2033 1631 2066 sortiri
1658 2039 1689 2066 et
1706 2033 1785 2066 obti—

1047 2100 1133 2129 nere,
1161 2100 1196 2122 ac
1221 2088 1372 2122 omnibus
1398 2093 1429 2121 et
1454 2088 1610 2130 singulis,
1639 2087 1677 2119 ad
1703 2097 1784 2130 quos

1046 2148 1170 2186 spectat
1194 2148 1225 2176 et
1250 2153 1308 2186 pro
1336 2148 1482 2186 tempore
1512 2141 1783 2184 quamlocumque

1046 2195 1224 2238 spectabit,
1251 2195 1440 2238 plenissime
1466 2193 1653 2236 stiffi-agari,
1690 2198 1721 2226 et
1745 2193 1783 2225 ab

1046 2249 1092 2282 eis
1117 2249 1296 2293 respective
1329 2247 1559 2281 inviolabiliter
1591 2247 1781 2287 observari,

1046 2303 1157 2347 sicque
1193 2303 1226 2334 in
1257 2301 1444 2345 praemissis
1477 2312 1537 2345 per
1562 2311 1783 2344 quoscumque

1045 2357 1168 2389 iudices
1194 2354 1378 2388 ordinarios
1416 2360 1446 2387 et
1472 2354 1654 2397 delegatos,
1689 2354 1783 2387 etiam

1045 2421 1214 2444 causarum
1239 2409 1348 2453 palatii
1367 2407 1536 2452 apostolici
1555 2408 1729 2448 auditores,
1749 2419 1785 2441 ac

1044 2465 1075 2497 S.
1096 2464 1132 2496 R.
1152 2463 1187 2496 E.
1208 2462 1369 2507 praefatae
1396 2461 1590 2501 cardinales,
1618 2460 1713 2494 etiam
1745 2461 1784 2494 (le

1045 2519 1144 2550 latere
1179 2516 1326 2559 legatOS,
1353 2515 1475 2548 aliosve
1512 2513 1673 2558 quoslibet
1711 2525 1785 2558 qua-

1045 2580 1184 2614 cumque
1210 2567 1468 2613 praeeminentia
1487 2573 1517 2601 et
1534 2572 1694 2611 potestate
1713 2568 1784 2601 sun-

1044 2630 1157 2668 gentes
1182 2628 1213 2657 ct
1236 2623 1416 2665 suncturos,
1441 2621 1566 2656 sublata
1590 2621 1636 2656 cis
1673 2626 1705 2657 et
1731 2632 1784 2657 eo-

1795 227 1845 253 Aa.
1864 226 1893 254 C.
1915 226 1979 253 2732

1824 1883 1945 1905 Ctzimutao.
