2182 3137
157 248 207 272 An.
223 245 250 272 C.
273 246 336 272 173¹

387 236 451 269 250·
929 245 1109 268 numanum

350 293 547 327 contrarium
567 293 820 335 praemissorum
842 292 1089 335 quomodolibet

351 346 538 385 concessis,
564 347 680 387 editis,
709 346 818 386 sactis,
846 353 877 378 et
902 346 1024 388 pluries
1054 356 1090 378 ac

351 398 473 431 iteratis
497 398 621 431 vicibus
647 398 864 437 confirmatis,
899 399 1088 442 approbatis

353 455 385 482 et
409 451 593 490 innovati53
620 451 737 494 quibus
765 451 916 483 omnibus
936 457 966 484 et
985 451 1090 494 singu-

352 503 411 542 lis,
437 503 560 536 etiamsi
587 503 619 535 in
645 504 709 536 illis
736 509 887 536 caveatur
913 513 1088 546 expresse,

353 556 439 598 quod
455 556 541 588 nullo
554 566 693 598 unquam
710 561 856 598 tempore
867 557 926 588 sub
938 556 1089 588 similium

352 610 401 641 vel
423 609 630 641 dissimilium
653 610 849 648 facultatum,
873 609 1088 647 licentiarum,

354 661 615 700 concessionum,
633 661 887 704 privilegiorum,
908 667 938 694 et
956 661 1091 694 aliarum

353 714 529 756 gratiarum
553 715 789 757 praedictarum
812 714 1090 753 revocationibus,

353 768 634 809 suspensionibus,
661 767 921 805 liinitationibus,
947 772 1002 798 aut
1022 766 1092 798 aliis

354 819 613 863 (plibuscumque
630 820 800 863 contrariis
824 819 1092 862 dispositionibus

353 883 413 914 pro
436 878 582 915 tempore
601 873 735 905 edendis
753 873 1089 914 comprchemlantur,

354 925 410 957 scd
436 936 566 967 semper
591 925 630 956 ab
656 925 720 957 illis
747 931 893 967 excepta,
915 930 945 956 et
963 924 1092 966 quoties

355 978 410 1010 illa
435 983 636 1016 emanarent,
666 978 760 1010 toties
785 978 817 1009 in
851 977 1025 1020 pristinum
1063 982 1093 1008 et

354 1031 590 1063 validissimum
616 1036 744 1069 statum,
772 1031 868 1062 etiam
901 1030 960 1061 sub
987 1035 1093 1072 poste-

355 1084 434 1116 riori
457 1084 529 1116 data
548 1094 606 1125 per
624 1093 691 1122 eos,
706 1083 823 1125 quibus
839 1092 993 1115 concessa
1008 1088 1092 1122 sunt,

355 1136 517 1177 eligenda,
543 1135 712 1174 restituta,¹
730 1135 871 1177 reposita
892 1140 924 1166 et
944 1134 1092 1177 plenarie

354 1188 561 1230 reintegrata,
588 1198 623 1220 ac
642 1188 680 1220 dc
703 1198 786 1220 novo
805 1198 958 1220 concessa
979 1187 1042 1219 sint
1063 1192 1094 1219 et

355 1252 425 1274 csse
462 1246 671 1281 censeantur,
711 1251 840 1273 necnon
879 1251 937 1283 pro
963 1240 1094 1273 illorum

355 1294 526 1327 sufficienti
561 1294 774 1336 derogatione
801 1294 840 1326 dc
873 1294 938 1326 illis
964 1304 1094 1326 eorum-

356 1358 418 1390 que
456 1346 532 1379 totis
571 1347 737 1378 tenoribus
761 1346 913 1388 specialis
945 1346 1095 1389 specifica

355 1410 509 1443 expressa
543 1405 574 1432 et
598 1399 786 1439 individua,
815 1410 878 1432 non
904 1406 1011 1432 autem
1037 1410 1096 1442 per

356 1453 518 1485 clausulas
543 1453 715 1494 generales
739 1452 823 1485 idem
854 1453 1068 1496 importantes
1087 1479 1094 1492 ‚

354 1506 477 1538 mentio
503 1515 560 1538 seu
587 1505 718 1547 quaevis
754 1506 817 1538 alia
842 1507 1009 1549 expressio
1045 1507 1097 1538 ha-

355 1560 463 1592 benda
499 1565 552 1591 aut
577 1559 686 1601 aliqua
711 1559 774 1591 alia
799 1560 959 1602 exquisita
995 1560 1099 1593 forma

357 1614 395 1646 ad
422 1614 485 1646 boc
511 1614 668 1645 servanda
693 1614 792 1653 soret,
820 1619 952 1646 tenores
986 1614 1098 1646 huius-

356 1667 454 1707 modi,
482 1678 518 1699 ac
543 1667 569 1699 si
596 1667 635 1699 de
653 1667 751 1699 verbo
767 1667 804 1699 ad
827 1668 959 1699 verbum
980 1667 1099 1701 insere-

356 1726 485 1760 rentur,
508 1720 735 1763 praesentibus
761 1730 819 1762 pro
847 1721 944 1762 plene
979 1726 1010 1752 ct
1035 1722 1099 1753 sut*-

357 1774 508 1806 ficienter
547 1774 709 1816 expressis
750 1773 909 1806 habentes
930 1801 936 1813 ,
984 1775 1099 1807 harum

357 1827 444 1859 serie
470 1827 656 1869 specialiter
688 1832 717 1858 ct
751 1837 904 1869 expresse
941 1838 976 1859 ac
1010 1829 1121 1861 latis-=

358 1879 438 1911 sime
464 1884 494 1911 ct
519 1879 710 1921 plenissime
736 1879 954 1921 derogamus,
991 1886 1022 1913 et
1047 1881 1100 1913 de-

358 1939 509 1975 rogatum
537 1942 609 1964 esse
645 1932 741 1964 etiam
775 1933 942 1971 volu1nus;
970 1933 1101 1965 ceteris-

359 1997 422 2028 que
448 1985 622 2018 contrariis
640 1985 910 2028 quibuscumque.
932 1986 990 2018 Per
1009 1997 1102 2029 prae-

358 2044 467 2071 sentes
493 2044 599 2070 autcm
621 2049 687 2070 non
715 2039 912 2071 intendimus
948 2039 1101 2072 omuibus
1123 2033 1124 2038 ¹

360 2096 393 2123 et
416 2091 552 2133 singulis
578 2090 648 2123 aliis
670 2091 871 2133 privilegiis,
899 2092 1032 2124 indultis
1071 2097 1102 2124 et

360 2143 625 2177 concessionibus
640 2143 679 2175 ab
694 2144 809 2176 eodem
826 2144 1000 2176 Benedicto
1014 2155 1102 2186 prae-

361 2198 534 2230 decessore
561 2197 820 2228 Praedicatorum
840 2202 871 2228 ct
892 2197 1103 2229 Eremitarum
1124 2205 1126 2229 t

362 2250 463 2282 sancti
491 2249 659 2290 Augustini
696 2249 870 2281 Ordinibus
907 2249 1101 2291 praedictis,

363 2308 396 2335 et
421 2313 535 2334 eorum
564 2302 707 2340 cuilibet,
727 2301 910 2343 respective
929 2302 1103 2341 concessis,

363 2366 399 2386 ac
425 2355 456 2386 iu
484 2357 546 2386 unii
572 2354 610 2386 ad
637 2354 743 2393 unius,
769 2360 800 2386 et
825 2355 926 2386 altera
959 2354 1104 2386 eiusdem

363 2407 530 2439 Benedicti
564 2407 827 2449 praedecessoris
865 2407 1105 2439 constitutioni-

363 2461 423 2493 bus
439 2461 625 2503 praedictis,
640 2461 679 2493 ad
694 2460 828 2492 alterius
841 2460 997 2492 Ordinum
1013 2470 1105 2502 prae-
1126 2456 1127 2462 ¹

365 2513 525 2545 dictorum
553 2513 732 2555 respective
760 2513 921 2552 savorem,
948 2517 982 2544 ut
1015 2523 1106 2555 prae-

366 2566 490 2604 fertur,
518 2566 636 2604 editis,
664 2566 914 2609 quomodolibet
943 2565 1105 2598 contentis

366 2624 398 2651 et
423 2619 594 2661 expressis,
620 2619 651 2651 iu
678 2620 787 2661 aliquo
813 2619 1052 2662 praeiudicare.

1135 245 1289 269 nomnen
1877 246 1930 271 An.
1947 244 1976 271 C.
2000 244 2061 272 173¹

1176 294 1190 335 ξ
1215 293 1268 326 15.
1297 293 1451 326 Volumus
1476 299 1607 334 autem,
1636 300 1667 326 et
1691 294 1872 337 apostolica
1916 306 2066 336 'rrqnsumpio-

1133 347 1324 379 auctoritatc
1352 347 1569 382 decernimus.
1596 352 1630 378 ut
1648 338 1927 389 praesentiumrum
1944 332 2003 353 ΨΜ

1135 399 1356 442 transumptis,
1384 399 1480 431 etiam
1502 399 1682 442 impressis,
1700 409 1796 432 manu
1815 409 1873 431 no-

1135 452 1203 483 tarii
1231 452 1353 494 publici
1380 452 1590 494 subscriptis,
1617 457 1648 484 et
1672 452 1782 493 sigillo
1801 462 1874 494 per-

1135 515 1235 537 sonae
1261 505 1292 536 in
1320 505 1540 537 ecclesiastica
1562 504 1720 546 dignitate
1756 504 1874 536 consti-

1136 563 1220 590 tutae
1247 558 1391 596 munitis,
1418 558 1529 590 eadem
1562 569 1695 601 prorsus
1729 556 1807 590 tides
1841 557 1873 590 in

1136 611 1255 643 iudicio
1282 617 1312 643 et
1337 617 1426 643 extra
1452 610 1532 643 illud
1559 611 1765 650 adhibeatur,
1793 621 1874 653 quae

1136 664 1214 706 ipsis
1241 663 1454 705 originalibus
1480 664 1694 696 adhiberetur
1719 663 1744 696 si
1767 664 1875 696 forent

1137 717 1301 749 exhibitae
1328 718 1376 749 vel
1403 723 1563 750 ostensae.

1181 769 1273 812 516.
1301 769 1384 802 Nulli
1423 780 1500 811 crgo
1538 770 1671 802 omnino
1708 769 2069 815 hominumpmnffl,hum,

1136 822 1234 854 liceat
1260 822 1344 854 hanc
1370 823 1519 864 paginam
1546 827 1675 854 nostrae
1701 817 2070 867 Γενοεᾶῑῑο-ξζωρᾎζῗὲξῖξε

1137 876 1200 915 nis,
1220 875 1453 916 abrogationis,
1473 875 1670 912 abolitionis,
1691 874 1809 913 statuti,
1829 885 1877 907 or-

1138 928 1327 967 dinationis,
1353 928 1565 968 reductionis,
1585 927 1805 970 repositionis,
1825 938 1877 960 ex-

1138 980 1306 1022 ceptionis,
1334 980 1571 1019 declarationis,
1597 980 1813 1018 inhibitionis,
1840 981 1877 1012 li-

1138 1033 1218 1064 tium
1255 1032 1496 1075 suppressionis
1522 1039 1554 1065 et
1578 1033 1808 1072 extinctionis,
1835 1033 1882 1072 si<

1138 1086 1228 1119 lentii
1254 1086 1493 1129 impositionis,
1520 1086 1665 1126 decreti,
1692 1086 1875 1129 praecepti,

1137 1139 1291 1179 mandati,
1318 1138 1546 1179 derogationis,
1566 1138 1755 1171 intentionis
1775 1144 1807 1170 et
1824 1149 1877 1171 vo—

1138 1192 1271 1225 luntatis
1308 1192 1508 1234 infringere,
1543 1193 1591 1224 vel
1618 1191 1646 1224 ci
1671 1202 1751 1224 ausu
1778 1198 1878 1224 teme—

1139 1245 1223 1277 rario
1249 1245 1435 1284 contraire;
1464 1245 1490 1277 si
1516 1245 1588 1287 quis
1614 1250 1720 1277 autem
1747 1245 1810 1276 hoc
1834 1250 1879 1277 at-

1139 1303 1265 1330 tentare
1304 1297 1580 1339 praesumpserit,
1618 1297 1878 1339 indignationem

1139 1350 1377 1393 omnipotentis
1402 1350 1456 1382 Dei
1483 1360 1519 1382 ac
1544 1350 1712 1383 beatorum
1736 1350 1819 1382 Petri
1846 1356 1878 1382 et

1141 1403 1229 1436 Pauli
1255 1404 1474 1446 apostolorum
1504 1403 1570 1436 eius
1606 1414 1640 1436 se
1678 1403 1805 1435 noverit
1831 1403 1879 1435 in-

1141 1467 1325 1489 cursurum.

1185 1510 1297 1543 Datum
1324 1510 1466 1548 Romae,
1492 1510 1574 1552 apud
1601 1509 1633 1542 S.
1662 1509 1790 1541 Mariam
1817 1508 1877 1542 Ma-

1141 1564 1266 1602 iorem,
1299 1573 1384 1596 anno
1424 1562 1661 1595 Incarnationis
1697 1562 1878 1595 dominicae

1141 1626 1319 1655 MDccxxxi,
1344 1616 1453 1648 idibus
1487 1615 1646 1655 ianuarii,
1673 1614 1880 1658 pontificatus

1143 1669 1243 1702 nostri
1270 1679 1355 1701 anno
1382 1679 1404 1701 1.

1178 1731 1235 1757 Dat.
1256 1731 1299 1757 die
1321 1731 1352 1756 13
1373 1730 1487 1756 ianuarii
1510 1730 1570 1756 1731
1587 1751 1594 1763 ,
1616 1729 1714 1764 pontif.
1735 1736 1808 1755 anno
1827 1735 1845 1755 1.

1420 1785 1456 1816 Α.
1484 1784 1572 1816 card.
1600 1783 1834 1826 pro-datarius.

1420 1837 1454 1869 F.
1482 1836 1569 1868 card.
1598 1835 1780 1868 ememus.

1271 1895 1337 1922 Visa
1357 1895 1391 1920 de
1412 1894 1503 1921 Curia

1424 1943 1446 1975 l.
1470 1943 1619 1986 archiep.
1639 1943 1837 1985 Aucyranus.

1449 2006 1550 2038 Lucis
1574 2005 1815 2038 Minrrmwcs.

1218 2069 1282 2103 neg.
1304 2069 1329 2094 in
1350 2068 1452 2093 Secret.
1474 2067 1615 2093 Brevium.

1464 2222 1568 2255 xxiv.

1153 2303 1279 2336 Vicarz'o
1304 2306 1331 2334 et
1357 2301 1552 2344 officialibus
1576 2299 1783 2342 yeneralibus
1810 2299 1890 2333 Con-

1191 2355 1392 2398 qreqatz'mm
1433 2353 1623 2386 Galliarum
1658 2351 1792 2385 Ordinis
1821 2353 1889 2394 fra-

1194 2412 1280 2440 trum
1298 2407 1517 2440 Eremitarum
1534 2405 1565 2438 S.
1581 2405 1764 2447 Augyustiai
1777 2405 1889 2437 Exeat-

1193 2465 1355 2492 ceatorum
1391 2462 1658 2500 nuncupatorum
1698 2457 1890 2499 z'ndulyetur

1193 2517 1248 2552 ut,
1276 2518 1345 2554 post
1370 2511 1571 2543 vacationem
1595 2509 1809 2541 novemdecim
1833 2513 1890 2541 aut

1192 2565 1312 2608 viqz'nti
1343 2564 1473 2596 circiter
1507 2563 1668 2596 mensium
1703 2563 1743 2594 ab
1779 2571 1889 2594 eorum

1194 2617 1325 2660 officiis,
1353 2616 1396 2648 ad
1420 2617 1490 2648 alia
1515 2616 1595 2658 eligyi
1617 2614 1755 2658 possint.
