2182 3137
762 281 857 305 INDEX
882 280 1084 304 RUBRlCARt’M

246 334 320 369 cisci
346 334 383 368 ad
408 334 510 368 studia
539 337 625 368 extra
650 334 735 367 illam
760 343 793 366 se
817 343 894 367 con-

245 389 328 422 ferre
351 393 509 432 nequeant
532 387 599 421 sine
623 387 748 421 licentia
771 386 899 431 provin·

1581 268 1639 303 671

1039 332 1070 365 in
1094 331 1206 365 insulis
1232 332 1417 376 Philippinis
1443 342 1479 365 ex
1499 332 1599 365 aliena
1617 342 1690 376 pro-

1037 385 1150 426 vincia,
1174 391 1247 425 etc.,
1272 384 1347 418 486.

243 441 350 482 etatis,
376 441 506 485 eiusque
541 440 732 482 definstorii,
759 440 806 473 vel
831 440 898 472 sine
924 457 925 460 =
949 439 1131 473 LXXXVIII.
1172 438 1403 472 Praescribitur
1440 438 1553 472 modus
1588 439 1691 483 impo-

242 495 390 528 facultate
415 493 549 527 ministri
568 493 723 536 generalis
742 502 811 525 cum
828 502 898 525 eon-

242 547 312 581 silio
344 547 485 581 eiusdem
517 546 688 580 definitorii
726 544 898 589 provincia-

245 600 292 641 lis,
318 600 394 634 471.

154 654 283 688 LXXXI.
309 653 471 687 Innovatio
490 653 668 685 litterarum
689 650 856 685 Clementis
874 650 897 683 X

245 717 341 752 super
364 705 578 751 prohibitione
603 704 748 744 ambitus,
767 713 802 737 ac
822 712 897 737 con-

242 760 380 794 firmatio
404 759 615 804 quorumdam
633 758 833 791 decretorum
852 766 898 790 ca-

243 814 335 859 pituli
359 813 516 857 generalis
533 810 795 854 Congregationis
811 810 898 844 cleri-

245 877 355 901 corum
376 865 570 909 regularium
595 864 633 897 de
653 863 823 897 Somasclia
839 874 898 907 pro

244 919 425 954 huiusmodi
443 918 647 962 impediendo
664 917 795 957 ambitu,
820 916 895 950 473.

154 974 297 1009 LXXXII.
323 973 518 1017 Deputantur
551 970 728 1016 presbyteri
754 970 895 1012 Congre-

244 1026 379 1071 gationis
412 1024 566 1058 Missionis
599 1035 658 1069 pro
694 1023 895 1056 administra-

196 1121 199 1122 7
244 1080 328 1113 tione
352 1090 387 1113 ac
412 1079 585 1112 directione
617 1078 741 1121 collegii
772 1077 899 1111 clerico-

244 1144 314 1166 rum
339 1143 440 1177 prope
458 1132 616 1168 eivitatem
634 1132 810 1165 Placentiae
829 1142 899 1175 pro-

245 1186 364 1220 vinciae
389 1186 596 1220 Bononiensis
620 1191 763 1219 recenter
788 1186 896 1226 erecti,

247 1251 318 1274 cum
333 1239 465 1273 diversis
479 1238 731 1272 ordinationibus
745 1244 900 1283 perpetuo

245 1293 416 1335 servandis,
441 1293 518 1326 475.

157 1347 316 1381 LXXXIII.
335 1346 488 1381 Statuitur
507 1351 538 1379 ut
558 1350 747 1390 procurator
773 1351 802 1379 et
828 1346 899 1379 assi-

247 1406 362 1433 stentes
376 1401 540 1443 generales
551 1399 674 1433 Ordinis
688 1400 707 1432 si
718 1405 821 1433 atrum
836 1410 899 1432 ere-

247 1454 395 1487 mitarum
416 1454 443 1487 S.
463 1453 628 1496 Augustini
655 1453 727 1496 eligi
752 1464 814 1487 non
832 1464 899 1497 pos-

246 1508 306 1540 sint
330 1507 362 1540 in
387 1507 525 1551 priorem
545 1507 725 1550 generalem
745 1512 816 1539 ante
834 1518 900 1540 sex-

245 1561 389 1595 ennalem
413 1560 606 1594 vacationem
627 1560 665 1592 ab
682 1560 799 1601 officio,
822 1560 897 1593 480.

157 1615 314 1649 LXXXIV.
342 1614 545 1648 Confirmatio
580 1614 698 1647 decreti
723 1614 753 1646 in
778 1624 901 1658 nupero

249 1668 385 1712 capitulo
421 1667 560 1710 generali
601 1667 732 1699 fratrum
775 1666 901 1700 Ordinis

245 1722 277 1755 B.
303 1721 415 1754 Mariae
441 1720 479 1753 de
504 1721 605 1753 Monte
635 1720 778 1753 Carmelo
803 1720 874 1752 editi
891 1747 898 1760 ,

245 1785 307 1820 quo
344 1773 513 1818 provinciis
549 1773 709 1807 Calabriae
745 1773 901 1807 citerioris

193 1866 196 1869 ,
246 1834 276 1862 et
306 1828 466 1862 ulterioris
505 1827 688 1861 conceditur
719 1827 902 1861 alternativa

245 1881 488 1926 provincialatus
525 1886 554 1914 et
589 1885 726 1925 quatuor
750 1881 898 1915 definito-

246 1946 329 1975 rum,
357 1934 433 1968 481.

157 1989 297 2023 LXXXV.
330 1988 542 2023 Confirmatur
574 1987 737 2022 decretum
774 1988 900 2032 capituli

246 2041 448 2087 provincialis
479 2041 660 2085 provinciae
686 2042 714 2074 S.
741 2041 897 2083 Eulearii,

247 2107 302 2129 scu
327 2095 521 2139 Aquitaniae,
539 2095 634 2128 Tertii
656 2094 782 2128 Ordinis
801 2095 898 2129 sancti

245 2148 413 2191 Francisci,
439 2148 523 2182 cirea
548 2148 734 2182 electionem
761 2148 901 2182 custodis
925 2150 927 2155 ’

246 2213 305 2246 pro
330 2202 468 2246 capitulo
493 2201 642 2245 generali,
668 2201 743 2234 483.

158 2257 316 2291 LXXXVI.
349 2256 506 2290 Statutum
541 2255 743 2289 alternativae
772 2256 803 2288 in
833 2257 901 2289 ele-

249 2310 352 2344 ctione
390 2310 594 2354 provincialis
637 2321 695 2354 pro
738 2310 900 2354 provincia

247 2363 397 2397 Franciae
421 2363 546 2397 Ordinis
571 2364 702 2397 fratrum
736 2364 766 2397 [3.
798 2364 835 2397 M.
863 2365 901 2398 de

248 2416 352 2450 Monte
370 2416 524 2458 Carmelo,
551 2416 623 2449 485.

157 2471 327 2505 LXXXVII.
352 2470 555 2505 Confirmatio
589 2470 788 2503 decretorum
814 2481 899 2504 com-

247 2524 464 2558 missariorum
505 2524 699 2568 generalium
741 2524 899 2557 Indiaruiu

246 2576 371 2611 Ordinis
407 2576 561 2610 Minorum
602 2576 700 2610 sancti
740 2578 900 2612 Francisci

246 2631 511 2665 Discalceatorum
532 2630 615 2664 circa
641 2630 824 2665 missionem
858 2632 898 2665 vi-

247 2684 385 2719 sitatoris
417 2684 454 2718 ad
478 2684 674 2729 provinciam
699 2684 728 2719 S.
754 2684 899 2729 Gregorii

1036 497 1154 525 stcrum
1179 491 1353 526 servandus
1381 492 1411 524 in
1429 491 1632 536 deputatione
1646 493 1691 526 of-

1037 545 1187 579 ficialium
1220 545 1330 579 Curiae
1369 545 1501 578 fratrum
1533 545 1690 578 Minorum

1038 599 1137 632 saneti
1163 598 1320 632 Francisci
1346 598 1383 631 de
1409 598 1691 641 Obse1·vantia‚ac

1039 652 1291 686 Reformatorurn
1312 679 1320 692 ,
1361 651 1619 685 Excalceatorum
1661 657 1692 685 et

1040 705 1290 739 Recollcctorum
1316 704 1466 738 Franciae
1486 732 1494 746 ‚
1520 705 1549 737 in
1585 705 1691 738 Iocum

1037 758 1220 792 officialium
1245 757 1436 800 huiusmodi,
1450 757 1625 791 cedentium
1645 758 1692 791 rel

1037 811 1256 845 decedentium
1288 811 1420 845 durante
1456 816 1597 854 tempore
1622 821 1692 845 suo-

1038 876 1109 899 rum
1134 865 1324 905 officiorum,
1348 863 1424 898 489.

952 918 1105 953 LXXXIX.
1132 918 1240 952 Ordini
1272 918 1403 951 fratrum
1437 917 1693 952 Praedicatorum

1039 972 1247 1006 confirmatur
1265 964 1399 1005 facultas*
1420 971 1600 1005 celebrandi
1618 982 1694 1016 pro-

1040 1025 1197 1058 cessiones
1215 1024 1265 1059 SS.
1284 1024 1434 1069 Corporis
1458 1024 1572 1059 Christi
1590 1030 1620 1058 et
1637 1025 1694 1058 Ro-

1039 1079 1113 1113 sarii
1138 1079 1172 1112 B.
1200 1079 1314 1112 Mariae
1338 1078 1497 1123 Virginis,
1525 1089 1596 1112 cum
1621 1089 1694 1112 con-

1038 1133 1216 1166 firmatione
1248 1132 1356 1166 Brevis
1380 1131 1546 1166 Clementis
1571 1131 1634 1165 Vlll
1664 1136 1694 1165 et

1038 1186 1195 1220 Benedicti
1214 1187 1291 1227 XIII,
1308 1186 1392 1231 quod
1409 1186 1598 1228 declaratur,
1614 1186 1690 1221 491.

953 1242 1009 1276 XC.
1036 1241 1251 1276 Confirmatur
1275 1240 1437 1274 decretum
1456 1240 1583 1284 capituli
1604 1250 1695 1283 gene-

1038 1294 1113 1328 ralis
1137 1304 1219 1327 anno
1244 1303 1392 1327 MDCLXVH
1417 1293 1567 1327 celebrati
1585 1293 1623 1326 ab
1642 1293 1695 1328 Or-

1039 1347 1110 1380 dine
1136 1348 1270 1380 fratrum
1307 1347 1405 1379 sancti
1435 1347 1594 1380 Francisei
1621 1347 1695 1391 Cap-

1040 1401 1250 1446 puccinorum
1278 1400 1361 1434 circa
1389 1401 1590 1435 residentiam
1616 1401 1694 1434 deti-

1039 1456 1178 1488 nitorum
1204 1455 1402 1498 generalium
1438 1454 1469 1487 in
1494 1454 1594 1497 Urbe,
1619 1454 1693 1488 492.

1049 1509 1259 1543 Confirmatur
1284 1508 1535 1551 chirographum
1561 1507 1694 1541 Benedi-

1040 1563 1080 1595 cti
1103 1562 1169 1595 XIII
1195 1572 1289 1605 super
1314 1566 1484 1604 augmento
1509 1561 1695 1604 assignatio-

1040 1615 1088 1648 nis
1112 1626 1235 1648 annuae
1255 1615 1432 1648 rotantibus
1452 1615 1633 1658 signaturae
1651 1615 1694 1649 iu-

1040 1669 1142 1702 stitiae
1166 1669 1274 1708 sactae,
1299 1668 1373 1701 4952

953 1722 1043 1756 XCII.
1072 1721 1215 1754 facultas
1240 1732 1325 1754 nunc
1346 1727 1376 1754 et
1394 1732 1450 1765 pro
1476 1727 1616 1766 tempore
1634 1723 1695 1755 exi-

1042 1775 1134 1809 stenti
1161 1775 1301 1818 generali
1320 1775 1445 1809 Ordinis
1469 1775 1602 1808 fratrum
1628 1786 1695 1810 san-

1043 1829 1084 1863 cti
1109 1829 1268 1863 Francisci
1301 1829 1338 1861 dc
1373 1829 1467 1862 Paula
1491 1830 1693 1864 Minimorum

1041 1888 1297 1927 nuncupatorum
1310 1882 1450 1926 erigendi
1462 1884 1694 1927 etaggregandi

1042 1936 1317 1970 confraternitates
1349 1936 1406 1969 sub
1437 1936 1696 1971 denominatione

1040 1997 1070 2024 et
1095 1990 1236 2024 instituto
1261 1991 1290 2023 S.
1318 1990 1477 2023 Francisci
1511 1990 1550 2024 de
1575 1990 1668 2023 Paula
1684 2018 1692 2031 ‚

1040 2045 1166 2090 illisque
1213 2043 1470 2078 communicandi
1522 2043 1693 2087 indulgen-

1041 2099 1108 2141 tias,
1136 2098 1209 2131 497.

954 2153 1050 2187 XCIII.
1068 2151 1269 2185 Missionariis
1287 2156 1317 2184 et
1335 2150 1617 2184 concionatoribus
1638 2151 1696 2186 Or-

1042 2206 1124 2237 dinis
1150 2205 1306 2238 Minoi-arn
1333 2204 1431 2237 sancti
1458 2204 1616 2238 Francisci
1641 2206 1696 2239 Ca-

1042 2259 1252 2303 puccinorum
1279 2262 1534 2301 nuncupatorum
1553 2258 1696 2301 indulge-

1043 2318 1114 2354 tur,
1144 2317 1177 2345 ut
1213 2311 1403 2345 missionum
1440 2316 1470 2344 et
1506 2312 1695 2345 concionum

1043 2372 1185 2410 tempore
1219 2364 1435 2398 sacerdotibus
1469 2369 1533 2397 tum
1560 2366 1697 2399 saecula-

1041 2419 1128 2452 ribus
1155 2424 1219 2451 tum
1245 2417 1444 2461 regularibus
1473 2423 1601 2461 peccata
1624 2429 1696 2462 pos-

1041 2473 1103 2506 sint
1125 2471 1270 2506 confiteri
1296 2471 1327 2504 in
1354 2471 1441 2511 locis,
1456 2471 1486 2503 in
1512 2471 1626 2515 quibus
1643 2471 1696 2505 Or-

1042 2525 1124 2559 dinis
1150 2524 1333 2558 consessarii
1367 2523 1498 2557 minime
1529 2524 1695 2568 reperiun-

1042 2584 1101 2621 tur,
1126 2578 1200 2611 499.

953 2631 1051 2667 XCIV.
1076 2631 1288 2666 Consu-matur
1306 2630 1417 2665 divisio
1435 2630 1617 2675 provinciae
1639 2631 1696 2665 Ba-

1039 2685 1141 2720 rensis
1158 2684 1283 2720 Ordinis
1301 2684 1435 2731 fratrum
1451 2684 1607 2720 Minorum
1625 2696 1692 2720 san-

951 1508 1022 1543 XCI.
