2182 3137
56 275 107 302 An.
123 274 153 302 C.
175 274 242 302 1734

873 273 1014 297 CLEMENS
1039 274 1083 297 XlI

253 323 311 353 sari
334 323 465 353 eiusdem
488 322 664 353 sanctissimi
687 321 844 358 auditoriS,
868 320 914 350 die
937 329 993 350 xxx

253 373 368 410 augusti
401 381 588 409 aromxxxm,
613 371 682 401 visis
713 369 826 400 iuribus
860 369 993 399 deductis

254 422 351 452 favore
375 421 514 461 praedicti
536 420 651 458 collegii
675 429 689 449 a
713 418 868 450 Francisco
885 417 995 447 Pallea-

253 470 319 500 rino
342 470 371 499 in
394 469 576 500 Ferrariensi
599 466 838 506 archygimnasio
855 466 877 495 l.
896 465 929 495 U.
947 466 991 504 D„

253 522 340 557 atque
363 518 392 548 in
416 518 516 548 eodem
540 517 755 547 causidicorum
784 514 907 553 collegio
930 524 994 554 pro-

254 568 363 597 fessore
386 566 576 605 eiusdemque
606 565 721 603 collegii
751 564 925 599 defensore,
950 573 994 593 re-

253 615 373 654 spondit
395 620 426 644 ut
445 615 542 644 infra:

293 664 391 699 Quoad
409 664 535 702 primum
551 663 723 702 capitulum,
740 666 881 692 statutum
899 661 993 701 quoad

255 713 385 753 quinque
401 712 535 742 rubricas
551 721 614 742 esse
630 710 862 742 confirmandum
885 711 914 740 in
938 711 995 740 sor-

256 764 303 792 ma
325 762 472 802 specifica.

294 811 392 847 Quoad
414 810 573 841 secundum
589 810 761 850 capitulum,
779 810 908 840 rubricis
924 819 994 849 qua-

256 864 322 890 tuor
343 860 413 889 satis
436 859 583 898 provisum
606 868 658 898 per
680 863 834 889 statutum.

294 908 392 943 Quoad
414 908 546 943 tertium,
570 917 626 937 non
651 917 714 937 esse
736 907 959 938 admittendum.

294 956 374 992 Quad
397 961 546 995 quartum,
571 956 803 994 restringendam
820 965 883 985 esse
898 956 994 986 exclu-

254 1006 366 1035 sionem
402 1005 436 1034 ad
473 1014 595 1044 spureos
628 1010 655 1035 et
688 1005 760 1034 alios
792 1014 824 1034 cx
859 1005 995 1035 damnato

255 1055 333 1085 coitu
362 1055 546 1094 progenitos,
569 1059 597 1084 et
625 1054 678 1084 boc
711 1063 763 1093 per
795 1054 870 1083 viam
904 1063 995 1084 novae

255 1103 466 1143 dispositionis,
490 1103 553 1133 sine
575 1103 633 1132 ali-:2
655 1103 804 1132 additione
827 1102 992 1132 verborum.

255 1152 354 1187 Quoad
377 1152 552 1189 requisitum
574 1152 723 1182 civilitatis
742 1162 799 1181 non
816 1161 878 1181 esse
894 1152 997 1182 admit-

257 1201 372 1232 tendam
398 1202 587 1241 petitionem,
611 1206 639 1231 et
671 1201 700 1231 in
734 1201 854 1240 reliquis
877 1201 996 1231 restrin-

255 1251 379 1288 gendam
411 1260 474 1280 esse
507 1251 676 1290 petitionem
710 1251 744 1280 ad
774 1251 839 1280 illos
872 1251 921 1289 qui
945 1260 997 1290 per

256 1298 422 1328 iudicialem
446 1299 620 1328 sententiam
650 1299 708 1329 sint
737 1299 995 1337 excommunicati,

256 1350 306 1376 aut
328 1347 424 1386 aliqua
448 1348 568 1377 infamia
591 1348 699 1385 notati,
724 1348 768 1377 vel
798 1348 920 1378 alieuius
947 1348 997 1378 sail-

256 1396 362 1431 sitatis,
388 1396 549 1432 homicidii,
572 1401 621 1426 aut
643 1397 764 1426 alterius
786 1397 919 1435 capitalis
942 1397 998 1427 cri-

257 1445 344 1474 minis
367 1445 420 1474 rei.

298 1494 396 1529 Quoad
419 1493 568 1532 quintum,
585 1494 817 1532 restringendam
841 1503 903 1523 esse
926 1495 999 1533 peti-

260 1543 369 1572 tionem
393 1543 427 1572 ad
452 1543 597 1572 laureatos
620 1543 649 1572 in
672 1551 857 1581 quacumque
880 1542 998 1581 publica,

258 1590 448 1620 unitersitate
470 1591 564 1630 quoad
579 1590 775 1621 admittendos
791 1591 995 1630 imposterum.

298 1638 397 1674 Quoad
420 1643 546 1676 sextum,
563 1649 620 1669 non
644 1649 706 1669 esse
725 1639 933 1669 admittendam
951 1650 997 1679 pe-

258 1688 400 1718 titionem.

297 1736 395 1771 Quoad
407 1736 575 1775 septimum,
591 1736 725 1766 audiatur
740 1736 827 1767 iudex
843 1737 995 1768 duodecim

258 1786 435 1825 sapientum.

296 1834 395 1870 Quoad
418 1839 565 1873 octavum,
589 1844 652 1865 esse
674 1835 901 1866 admittendum.

297 1883 397 1918 Quoad
418 1891 528 1913 nonum
557 1888 585 1913 et
614 1883 763 1921 ultimum,
797 1893 860 1914 esse
893 1885 996 1915 admit-

259 1933 386 1962 tendam.

339 1982 378 2011 lta
402 1985 456 2011 est.

298 2031 329 2061 P.
353 2031 581 2068 Amos-manus,
604 2030 768 2070 patriarcba
792 2031 996 2071 Hierosolymi-

258 2085 354 2119 tanuS,
385 2090 484 2110 sacrae
508 2081 598 2110 Rotae
620 2081 758 2117 decanus,
793 2086 822 2111 et
854 2092 929 2112 unus
962 2092 995 2112 ex

258 2130 403 2160 iudicibus
424 2130 571 2168 deputatis
592 2130 621 2160 in
644 2130 873 2168 Congregatione
895 2141 909 2160 a
932 2141 997 2161 san-

258 2179 388 2209 ctissimo
410 2178 528 2208 domino
551 2183 651 2208 nostro
674 2179 822 2218 deputata.

297 2228 431 2258 Cauocrs
450 2227 606 2257 ALssEnTus
629 2228 868 2268 archiepiscopus
885 2229 996 2268 Philip-

259 2276 367 2316 pensis,
392 2276 544 2315 utriusque
563 2276 730 2314 signaturae
747 2281 859 2315 votaus,
877 2283 905 2308 et
921 2288 996 2308 unus

258 2336 295 2355 ex
318 2325 476 2364 iudicibuS,
501 2330 532 2355 ut
554 2335 655 2365 supra,
679 2327 835 2365 deputatis.

296 2373 474 2404 MAROELLrs
510 2374 745 2414 archiepiscopus
780 2374 994 2413 Nazianzenus,

258 2423 436 2452 sanctissimi
458 2423 570 2453 domini
593 2424 685 2453 nostri
710 2424 837 2462 auditor,
862 2434 938 2454 unus
960 2434 994 2454 ex

259 2470 414 2507 iudicibuS‚
439 2476 470 2501 ut
491 2480 590 2510 supra,
614 2472 769 2511 deputatis,
793 2477 848 2502 etc.

298 2520 333 2550 N.
355 2521 462 2551 Comus
484 2530 584 2550 sacrae
608 2522 697 2551 Rotae
715 2522 840 2556 auditor,
864 2523 938 2552 alter
961 2533 994 2552 ex

259 2569 405 2599 iudicibus
427 2569 585 2608 deputatis.

298 2618 328 2649 S.
352 2618 477 2656 Cixolcs,
501 2618 574 2648 alter
595 2627 629 2648 ex
652 2619 808 2658 deputatis,
843 2624 873 2650 ut
895 2629 994 2659 supra.

299 2667 424 2697 lomnes
442 2668 588 2697 BArris'rA
608 2668 752 2705 Iteceum,
770 2668 906 2699 Gamerae
923 2669 998 2708 Apo-

1109 274 1157 297 rr.

1039 321 1158 352 stolicae
1180 322 1315 357 ctericus,
1340 327 1368 352 et
1384 331 1459 352 unus
1476 330 1510 352 ex
1526 321 1673 352 iudicibus
1688 320 1780 360 depu-

1039 370 1117 400 tatis.

1081 428 1095 470 g
1120 428 1152 461 2.
1180 429 1256 461 Cum
1278 434 1395 468 autem,
1416 429 1497 462 sicut
1515 428 1598 462 idem
1619 428 1780 461 Antonius

1038 480 1130 514 nobis
1157 491 1262 524 nuper
1287 481 1403 525 exponi
1431 482 1526 520 fecit,
1561 482 1631 524 ipse
1666 491 1780 524 supra-

1038 533 1123 566 dicto
1149 535 1290 576 collegio
1316 542 1500 577 opportune
1534 535 1565 567 in
1593 534 1778 577 praemissis

1037 597 1054 618 a
1090 586 1182 619 nobis
1223 587 1385 629 provideri
1424 593 1456 620 et
1493 593 1526 619 ut
1560 588 1641 620 infra
1675 587 1779 620 indul-

1037 640 1104 681 geri
1129 651 1336 683 summopere
1363 641 1548 674 desideret:
1576 652 1644 680 nos,
1671 642 1776 684 ipsum

1039 693 1213 725 Antonium
1240 693 1438 736 specialibus
1464 693 1629 727 favoribus
1656 700 1687 726 ct
1713 704 1781 736 gra-

1039 745 1089 778 tiis
1126 747 1280 789 prosequi
1318 747 1485 784 volentes,
1512 753 1543 779 et
1572 756 1589 778 a
1614 746 1779 789 quibusvis

1038 799 1395 839 excommunicationis,
1422 799 1643 843 suspensionis
1676 806 1706 832 et
1732 800 1780 831 in-

1039 852 1187 891 terdicti,
1218 853 1360 897 aliisque
1387 853 1615 886 ecclesiasticis
1647 858 1778 886 senten-

1040 905 1109 945 tiis,
1142 906 1288 939 censuris
1325 911 1357 939 et
1393 907 1527 949 poenis,
1564 917 1580 938 a
1618 906 1687 938 iure
1729 909 1778 939 vel

1038 959 1077 992 ab
1104 959 1249 1000 bomine,
1275 959 1387 1002 quavis
1414 959 1583 992 occasione
1609 960 1658 992 vel
1685 963 1781 992 causa

1038 1012 1123 1051 latis,
1152 1012 1177 1045 si
1202 1013 1321 1055 quibus
1339 1013 1587 1056 quomodolibet
1604 1012 1779 1046 innodatus

1039 1066 1181 1105 existit¹‚
1206 1067 1245 1099 ad
1271 1065 1419 1099 effectum
1445 1066 1665 1109 praesentium
1687 1067 1781 1099 dum-

1040 1126 1124 1152 taxat
1149 1120 1433 1162 consequendum,
1462 1121 1575 1152 barum
1610 1121 1694 1153 serie
1726 1122 1781 1152 ab·

1039 1174 1203 1206 solventes
1230 1178 1261 1206 et
1285 1173 1467 1205 absolutum
1499 1174 1566 1206 sore
1592 1179 1776 1211 censentes,

1039 1226 1330 1270 supplicationibus
1355 1226 1424 1259 eius
1449 1227 1582 1260 nomine
1608 1227 1699 1260 nobis
1731 1238 1780 1259 su-

1041 1290 1098 1322 per
1135 1279 1194 1312 boc
1232 1279 1400 1312 humiliter
1424 1280 1584 1322 porrectis
1610 1279 1776 1318 inclinati,

1041 1333 1184 1376 quinque
1210 1333 1352 1365 rubricas
1377 1333 1593 1375 praeinsertas
1610 1334 1716 1366 statuti
1739 1335 1780 1367 ei-

1040 1385 1143 1418 vitatis
1170 1386 1406 1424 1⁴‘errariensis,
1433 1385 1622 1419 auctoritate
1654 1394 1781 1429 aposto-

1041 1439 1111 1478 lica,
1138 1445 1249 1472 tenore
1277 1440 1509 1482 praesentium,
1535 1439 1776 1478 confirmamus,

1040 1493 1172 1535 illisque
1198 1492 1393 1525 inviolabilis
1418 1493 1620 1536 apostolieae
1654 1493 1780 1527 firmita-

1041 1546 1079 1578 tis
1105 1546 1204 1578 robur
1227 1546 1409 1585 adiicimus,
1433 1556 1469 1579 ac
1494 1556 1715 1589 quoscumque
1735 1546 1780 1579 iu-

1040 1599 1084 1631 ris
1123 1604 1154 1631 ct
1187 1598 1260 1631 sacti
1296 1599 1462 1638 desectus,
1489 1599 1514 1631 si
1547 1599 1601 1642 qui
1640 1600 1780 1642 (lutsuper

1040 1651 1290 1694 quomodolibet
1314 1651 1559 1691 intervenerint,
1581 1652 1778 1695 supplemus

1041 1705 1071 1737 in
1111 1704 1243 1748 reliquis
1281 1714 1356 1738 vero
1394 1705 1544 1737 omnibus
1578 1711 1608 1737 et
1641 1705 1777 1748 singulis

1040 1763 1147 1790 votum
1173 1768 1306 1801 quoque
1325 1757 1562 1800 praeinsertum
1580 1758 1684 1791 dictae
1703 1758 1780 1791 Con—

1040 1811 1237 1854 gregationis
1255 1810 1469 1853 particularis,
1490 1821 1562 1844 eum
1589 1811 1620 1843 in
1643 1823 1680 1845 eo
1706 1822 1780 1844 con·

1040 1865 1149 1904 tentis,
1162 1865 1354 1898 auctoritate
1372 1869 1404 1897 et
1420 1870 1533 1898 tenore
1550 1866 1710 1908 praetatis,
1728 1876 1779 1909 ap-

1039 1917 1223 1960 probamus,
1239 1923 1408 1960 ratumque
1422 1918 1589 1958 babemus,
1607 1928 1643 1951 ac
1657 1920 1777 1952 servari

1038 1972 1184 2004 volumus
1203 1977 1234 2004 et
1251 1971 1451 2004 mandamus.

1082 2026 1096 2068 ἓ
1121 2025 1152 2057 3.
1180 2025 1411 2064 Decernentes‚
1439 2025 1565 2058 casdem
1589 2032 1778 2068 praesentes

1038 2079 1163 2112 litteras
1190 2088 1319 2121 semper
1343 2078 1462 2117 sirmas,
1488 2079 1608 2111 validas
1631 2080 1778 2112 eteffiea-

1039 2142 1093 2165 ces
1109 2131 1246 2164 existere
1268 2137 1299 2164 et
1313 2131 1395 2171 sore,
1411 2142 1551 2175 suosque
1564 2133 1729 2175 plenarios
1745 2139 1777 2166 et

1040 2186 1184 2227 integros
1211 2183 1342 2218 effectus
1367 2185 1477 2218 sortiri
1505 2190 1536 2218 et
1561 2185 1720 2226 obtinere,
1739 2198 1776 2219 ae

1039 2239 1120 2277 illis,
1146 2238 1184 2270 ad
1210 2248 1292 2280 quos
1319 2242 1445 2279 spectat
1477 2243 1510 2270 et
1541 2248 1598 2281 pro
1633 2244 1775 2282 tempore

1039 2291 1211 2335 spectabit,
1239 2291 1426 2334 plenissime
1447 2291 1636 2334 sull'ragari,
1663 2292 1775 2336 sieque

1038 2345 1070 2377 in
1103 2344 1287 2387 praemissis
1320 2355 1377 2386 per
1405 2351 1627 2387 quoscumque
1652 2344 1776 2378 iudices

1038 2398 1220 2431 ordinarios
1253 2403 1286 2430 et
1319 2397 1507 2439 delegatos,
1539 2397 1634 2430 etiam
1667 2408 1776 2431 eausa-

1038 2462 1106 2484 rum
1147 2450 1256 2493 palatii
1296 2450 1466 2492 apostolici
1507 2451 1694 2491 auditores,
1737 2463 1775 2485 ac

1037 2505 1068 2538 S.
1090 2505 1125 2537 u.
1145 2505 1179 2536 Ε.
1200 2504 1388 2547 praedictae
1413 2504 1610 2544 cardinales,
1636 2510 1667 2537 et
1693 2505 1774 2538 alios

1037 2558 1200 2601 quoslibet
1235 2567 1438 2600 quacumque
1463 2558 1717 2600 praeeminentia
1743 2565 1775 2592 et

1077 2675 1085 2698 1
1111 2672 1181 2699 Edit.
1202 2672 1281 2698 Main.
1305 2673 1372 2705 legit
1391 2673 1518 2700 caeislunl
1539 2673 1576 2707 (n.
1591 2674 1643 2706 Τ.).

1679 262 1739 295 (59.1
1789 273 1840 298 Αη.
1856 273 1886 299 C.
1909 272 1977 300 1734

1849 440 1975 460 luaedictae

1791 467 1890 486 rubricae
1925 473 1976 487 eon-

1791 496 1904 513 [armantur.

1816 2035 1867 2054 Clau
1882 2035 1938 2056 utar.
