2182 3137
234 252 283 279 An.
307 252 336 279 c.
356 252 424 280 ⁴733
469 244 533 278 542

237 1164 277 1184 Ιίϊ
292 1164 365 1184 laudi-z
382 1163 418 1183 «lu.

237 1194 263 1210 cti
272 1198 317 1210 inae
329 1192 343 1210 S
364 1191 418 1210 't'tm-

429 303 575 346 impenso
601 304 640 336 ad
667 304 870 347 dissipandas
902 307 1092 337 novatorum
1118 314 1166 336 ca-

429 357 565 390 lumnias
592 362 623 390 et
648 363 742 396 artes,
760 368 819 401 per
839 368 917 401 quas
940 357 1068 390 inducta
1094 368 1169 400 pro-

429 411 555 454 scriptis
580 411 747 444 erroribus
774 411 1012 444 catholicorum
1040 411 1169 452 dogma-

429 468 493 495 tum
519 464 615 502 larva,
634 469 664 497 et
689 470 875 498 sanctorum
903 465 1072 498 doctorum
1099 464 1170 496 illu-

429 517 506 549 stria
537 518 668 551 nomina
705 518 939 557 obtendentes,
974 518 1168 561 simplicium

428 570 553 603 animos
579 583 594 603 a
621 572 728 604 debita
752 571 990 612 Constitutioui,
1018 582 1099 615 quae
1125 571 1169 603 in-

430 622 507 664 cipit
542 623 757 667 Uw'qenilttS,
784 625 971 658 obedientia
1005 625 1168 657 deterrere

430 678 659 718 moliebantur,
679 689 738 712 nos
764 681 900 722 paterna
926 689 1055 722 quoque
1081 678 1169 710 solli-

429 730 571 764 citudine
598 731 806 765 inhaerentes
826 759 833 772 ‚
858 742 1054 775 magnopere
1081 731 1170 764 dole-

428 794 512 825 mus,
534 784 686 817 tenebras
712 796 728 818 a
753 785 969 818 dissensionis
994 785 1068 818 filiis
1093 783 1170 817 otl'u-

428 848 477 870 sas
503 838 648 871 nondum
686 850 721 871 cx
755 839 970 882 quorumdam
1003 838 1168 871 mentibus

429 890 504 923 satis
522 901 592 924 esse
610 891 789 932 discussas;
809 892 863 924 sed
880 892 1053 935 plerosque
1072 891 1168 923 etiam

429 954 514 977 nunc
539 945 735 978 intolerabili
761 945 937 988 pertinacia
962 944 1167 983 contendere,

429 997 577 1030 censuris
602 998 750 1030 laudatae
775 997 1021 1031 Constitutionis
1050 997 1170 1030 doctri-

429 1060 503 1083 nam
529 1050 576 1083 Ss.
594 1050 765 1093 Augustini
781 1057 812 1083 et
825 1050 968 1083 Thomae
984 1051 1022 1083 de
1041 1050 1168 1083 divinae

430 1104 550 1147 gratiae
577 1104 718 1137 efficacia
744 1115 812 1137 esse
839 1104 1056 1148 perstrictam.

474 1157 489 1200 ἓ
517 1156 547 1189 l.
576 1156 615 1189 Ut
633 1157 730 1199 igitur
751 1158 856 1190 nullas
877 1157 1040 1190 charitatis
1060 1162 1169 1200 partes

365 1233 369 1240 .
397 1210 467 1263 fiad
494 1211 689 1243 revocandos
727 1217 871 1243 errantes
909 1211 1001 1243 nobis
1028 1211 1168 1254 reliquas

270 1252 303 1316 ³1:
330 1277 341 1289 ιι
371 1276 418 1290 sen-
430 1262 595 1303 faciamus,
623 1264 780 1296 universis
805 1270 835 1297 et.
861 1264 995 1305 singulis
1022 1264 1171 1296 christifi-

263 2590 381 2613 Proliibiuo
398 2592 423 2614 de

242 2624 283 2647 qua
300 2625 370 2646 supra.

430 1317 558 1350 delibus
577 1328 782 1361 quacumque
809 1318 976 1360 dignitate,
994 1318 1088 1350 etiam
1107 1318 1169 1361 epi-

429 1370 551 1414 scopali
577 1376 608 1403 ct
633 1371 745 1404 maiori
773 1371 1027 1414 fulgentibus,in
1054 1371 1168 1404 virtute

429 1427 557 1458 sanctae
594 1425 800 1459 obedientiae
830 1425 974 1458 districte
1010 1426 1171 1469 praecipi-

429 1488 510 1518 mus,
529 1483 561 1511 et
579 1478 639 1511 sub
656 1479 819 1512 canonicis
839 1479 952 1522 poenis
971 1479 1169 1520 mandamus,

430 1542 470 1565 ne
486 1532 689 1576 disputantes
703 1538 756 1566 aut
770 1533 935 1575 docentes,
950 1533 1015 1566 sive
1034 1534 1065 1566 in
1080 1533 1171 1566 scho-

430 1585 469 1618 lis
487 1585 553 1618 sive
576 1586 606 1618 in
633 1586 857 1626 concionibus,
876 1586 941 1619 sive
961 1586 1090 1630 scriptis
1108 1587 1171 1620 edi-

430 1638 487 1678 tis,
506 1638 572 1672 sive
591 1638 699 1679 aliter,
727 1638 972 1683 propositiones*
994 1639 1171 1672 defendant

430 1695 484 1723 aut
509 1692 703 1732 enuncient‚
730 1703 811 1735 quae
837 1693 1015 1726 antedictas
1040 1698 1171 1726 novato-

431 1754 500 1776 rum
530 1744 708 1778 calumnias
741 1745 868 1778 [irmare
906 1756 942 1778 ac
977 1756 1170 1789 promovere

430 1797 568 1841 possint.
592 1798 730 1832 Mentem
750 1804 855 1833 tamen
873 1801 1065 1833 eorumdem
1084 1811 1171 1844 prae-

432 1852 641 1885 decessorum
667 1858 855 1886 nostrorum
889 1860 1088 1897 compertam
1117 1855 1172 1887 ha-

430 1904 556 1945 bentes,
575 1906 724 1938 nolumus
745 1911 800 1939 aut
819 1917 879 1950 per
896 1912 1024 1940 nostras
1045 1913 1097 1939 aut
1115 1918 1173 1950 per

432 1957 577 2001 ipsorum
600 1959 711 1992 laudes
729 1959 944 1993 Thoniisticae
962 1960 1100 1993 Scholac
1120 1961 1173 1994 de-

432 2012 511 2045 latas
527 2039 534 2053 ,
563 2023 641 2056 quas
666 2012 781 2046 iterato
807 2019 916 2046 nostro
941 2013 1060 2047 iudicio
1086 2024 1172 2047 com-

430 2065 607 2109 probamus
644 2071 676 2099 et
711 2065 939 2100 confirmamus
959 2094 966 2107 ,
998 2067 1174 2111 quidquam

432 2129 503 2152 esse
522 2119 704 2153 detractum
721 2120 838 2153 ceteris
861 2121 1032 2154 catholicis
1053 2122 1174 2154 scholis

432 2173 559 2206 diversa
583 2173 622 2206 ab
648 2174 759 2206 eadem
777 2174 809 2206 in
828 2174 1021 2217 explicanda
1047 2174 1173 2208 divinae

432 2226 553 2269 gratiae
589 2226 730 2259 efficacia
765 2226 1001 2268 sentientibus,
1038 2239 1172 2272 quarum

433 2279 528 2312 etiam
555 2290 632 2322 erga
657 2279 742 2313 hanc
773 2280 920 2313 Sanctam
945 2281 1060 2314 Sedem
1087 2293 1174 2325 prac-

433 2332 519 2366 clara
545 2336 617 2367 sunt
641 2333 772 2374 merita,
799 2333 972 2377 quominus
997 2335 1173 2368 sententias

433 2387 470 2418 ea
495 2386 534 2419 de
559 2396 592 2419 re
620 2386 700 2419 tueri
727 2392 885 2430 pergant,
911 2398 990 2431 quas
1015 2388 1174 2421 hactenus

433 2439 538 2482 palam
565 2445 596 2473 et
621 2440 724 2473 libere
740 2440 875 2483 ubique,
895 2441 991 2474 etiam
1017 2441 1048 2474 in
1076 2441 1173 2475 huius

434 2494 537 2526 almae
561 2493 656 2527 Urbis
682 2495 754 2527 luce
783 2494 963 2528 docuerunt
992 2500 1023 2529 et
1052 2507 1173 2540 propu-

434 2554 585 2591 gnarunt.

479 2602 492 2646 g
517 2601 547 2634 ⁶2.
576 2600 793 2640 Quamobrem
812 2602 913 2637 felicis
939 2603 1173 2637 recordationis

435 2653 522 2687 Pauli
541 2653 563 2686 V
588 2660 615 2687 et
643 2654 777 2689 aliorum
803 2656 1092 2699 praedecessorum
1119 2667 1173 2691 no-

1005 253 1190 279 BULLAIUUM
1213 252 1366 280 ROMANUM
1959 250 2007 278 An.
2025 250 2055 278 C.
2079 251 2154 282 178οι

1211 308 1349 336 sti-orum
1365 303 1403 336 ad
1419 300 1694 345 restinguendum⁴
1708 301 1950 335 dissensionum

1213 355 1354 388 fomitem
1380 355 1514 397 vestigia
1538 359 1787 399 prosequentes,
1812 358 1844 387 et
1867 353 1951 388 satu-

1213 409 1356 441 berrima
1374 409 1525 442 mandata
1540 414 1744 449 renovanteS‚
1763 407 1950 441 auctoritate

1214 473 1344 505 quoque
1371 463 1480 495 nostra
1505 462 1656 495 omnibus
1683 467 1715 495 et
1739 460 1876 504 singulis
1901 471 1952 494 su-

1214 515 1322 558 perius
1348 515 1510 558 expressis
1536 515 1758 548 interdicimus
1783 520 1814 548 et
1840 514 1953 558 prohi-

1214 569 1325 601 bemus
1352 570 1410 602 sub
1438 569 1550 601 iisdem
1576 569 1711 612 poenis,
1737 579 1777 601 ne
1803 569 1851 602 vel
1877 568 1953 602 scri-

1214 622 1332 661 bendo,
1356 623 1404 655 vel
1427 622 1583 661 docendo,
1602 623 1651 655 vel
1677 621 1884 665 disputando,
1902 621 1952 655 vel

1214 676 1275 708 alia
1301 676 1446 719 qualibet
1470 675 1640 708 occasione
1667 681 1774 708 notam
1800 679 1854 707 aut
1877 684 1953 708 cen-

1214 740 1321 762 suram
1346 730 1446 762 ullam
1477 729 1692 772 theologicam
1718 728 1830 762 iisdem
1856 728 1951 762 scho-

1214 783 1252 815 lis
1278 782 1404 816 diversa
1427 782 1641 816 sentientibus
1667 782 1807 822 inurere,
1825 787 1878 815 aut
1902 792 1954 815 ea-

1214 846 1281 868 rum
1308 836 1487 869 sententias
1512 835 1665 869 conviciis
1691 840 1723 869 et
1747 835 1954 869 contumeliis

1214 889 1376 922 incessere
1401 889 1550 930 audeant,
1572 889 1673 923 donec
1694 889 1732 922 de
1749 889 1861 922 iisdem
1879 899 1954 923 con-

1216 943 1379 976 troversiis
1405 943 1487 976 haec
1504 943 1618 976 Sancta
1638 943 1738 976 Sedes
1764 942 1885 986 aliquid
1904 943 1954 977 de-

1215 995 1391 1029 finiendum
1410 1007 1446 1030 ac
1464 996 1747 1040 pronunciandum
1773 996 1951 1030 censuerit.

1215 1052 1324 1082 Pacem
1351 1049 1521 1093 siquidem,
1540 1060 1637 1094 quam
1655 1060 1727 1083 cum
1753 1050 1890 1083 veritate
1909 1049 1955 1084 di-

1215 1103 1379 1145 ligendam
1405 1104 1557 1137 Dominus
1581 1104 1767 1147 praecepit,
1794 1103 1879 1137 inter
1903 1114 1955 1137 ca-

1217 1156 1354 1190 tholicae
1380 1157 1541 1191 Ecclesiae
1572 1157 1654 1190 lilios
1680 1157 1786 1190 fovere
1812 1161 1845 1190 et
1867 1167 1955 1191 com-

1216 1210 1341 1243 munire
1369 1210 1526 1243 debemus
1553 1215 1584 1243 et
1609 1220 1767 1250 curamus,
1794 1215 1847 1251 ut,
1872 1219 1953 1244 con-

1216 1263 1332 1297 iunctis
1360 1264 1557 1297 diversarum
1574 1263 1652 1298 licet
1676 1264 1864 1297 scholarum
1890 1268 1956 1296 stu-

1216 1317 1290 1358 diis,
1309 1316 1431 1350 firmius
1450 1317 1489 1350 sit
1507 1318 1658 1351 adversus
1676 1317 1797 1351 erroris
1823 1316 1956 1350 insidias

1217 1370 1426 1413 praesidium.

1260 1425 1273 1468 ξ
1291 1424 1323 1458 3.
1343 1424 1518 1467 Propterea
1536 1425 1681 1458 locorum
1701 1423 1892 1465 Ordinariis,
1910 1424 1955 1457 in·
1982 1435 2090 1467 ,rac-aim
2110 1436 2149 1458 or-

1217 1477 1443 1521 quisitoribus,
1463 1477 1644 1521 ceterisque
1666 1477 1826 1511 iudicibus
1851 1464 2053 1511 eccle-⁶¹⁰³‘'¹⁵
2069 1463 2127 1485 ‘¹³¹²'

1216 1530 1352 1564 siasticis
1374 1531 1585 1574 iniungimus,
1609 1537 1644 1563 ut
1669 1530 1897 1565 altercationes
1924 1535 1956 1564 et

1217 1585 1456 1624 contentiones,
1483 1596 1576 1628 quae,
1605 1584 1835 1628 disputationis
1861 1590 1956 1618 aestu

1216 1638 1340 1671 animos
1365 1638 1560 1681 abripiente,
1586 1639 1617 1671 iu
1644 1637 1815 1671 christiani
1839 1637 1957 1682 populi

1216 1692 1367 1724 scandala
1394 1702 1565 1735 erumpere
1590 1697 1743 1735 possent,
1770 1701 1830 1735 per
1859 1701 1958 1725 cano-

1216 1745 1288 1779 nica
1305 1746 1449 1779 remedia
1466 1751 1696 1789 compescant,
1723 1746 1839 1779 iisdem
1859 1745 1958 1779 facul-

1218 1804 1316 1832 tatem
1342 1799 1380 1832 ad
1402 1799 1433 1831 id
1453 1799 1667 1832 necessariam
1687 1805 1719 1833 et
1736 1805 1957 1843 opportunam

1217 1850 1466 1893 impertientes:
1494 1850 1526 1882 in
1548 1851 1744 1883 contrarium
1765 1850 1956 1883 facientibus

1217 1913 1281 1936 non
1306 1903 1512 1935 obstantibus
1538 1903 1811 1947 quibuscumque.

1261 1955 1375 1988 Datum
1401 1956 1529 1997 Romae,
1555 1956 1640 1999 apud
1679 1956 1710 1990 S.
1738 1956 1869 1990 Mariam
1895 1956 1958 1990 Ma·

1218 2008 1332 2048 iorem,
1352 2009 1411 2042 sub
1437 2010 1558 2043 annulo
1576 2009 1761 2050 Piscatoris‚
1783 2010 1834 2043 die
1860 2020 1883 2043 11
1908 2019 1958 2043 oc-

1219 2063 1321 2095 tobris
1357 2072 1564 2103 ninccxxxin,
1609 2062 1817 2107 pontificatus
1853 2062 1956 2097 nostri

1218 2126 1303 2149 anno
1329 2126 1373 2149 lv.

1254 2178 1314 2206 Dat.
1336 2178 1381 2206 die
1400 2179 1416 2206 2
1437 2178 1555 2207 octobris
1582 2179 1664 2213 1733,
1685 2178 1788 2215 pontif.
1809 2187 1882 2207 anno
1903 2187 1938 2207 tv.

1489 2233 1522 2267 C.
1544 2233 1690 2278 archiep.
1710 2233 1910 2267 Emissenus.

1537 2372 1640 2405 CXIV.

1219 2442 1373 2476 Generali
1398 2443 1667 2486 Conqreqationis
1695 2442 1813 2477 sileatis
1839 2442 1958 2478 Oliveti

1263 2496 1395 2530 Ordinis
1420 2498 1525 2530 sancti
1541 2496 1710 2530 Benedicti
1726 2497 1868 2540 facultas
1884 2507 1959 2530 con-

1261 2549 1386 2583 ceditur
1410 2549 1600 2584 destinandi
1623 2560 1681 2593 pro
1702 2549 1793 2584 libito
1811 2550 1958 2584 abbatem

1262 2602 1297 2635 in
1323 2603 1518 2637 monasterio
1543 2602 1576 2637 S.
1596 2603 1724 2637 Mariae
1750 2602 1869 2645 Novae,
1890 2602 1957 2638 abs-

1253 2667 1262 2694 1
1282 2663 1348 2693 >lale
1364 2665 1406 2693 ed.
1419 2665 1500 2694 Malu.
1516 2665 1579 2702 legit
1597 2665 1853 2701 restrinquemlum
1865 2665 1955 2701 (nnn).
