2182 3137
196 176 247 203 An.
265 176 294 201 C.
319 175 388 203 ¹730
433 166 498 198 ’158

393 229 516 263 quatur,
541 233 594 253 nec
616 224 672 253 nisi
694 224 827 253 confecto
849 223 1033 258 inventario,
1057 223 1136 253 iuxta

395 274 472 312 quod
495 283 541 303 res
564 273 730 303 huiusmodi
765 274 863 303 hastae
891 272 1025 312 publicae
1047 272 1139 302 subii-

395 322 532 358 ciantur3
558 330 654 361 neque
687 321 806 351 interim
829 322 951 361 pignora
976 321 1038 359 ipse
1056 345 1063 358 ,
1087 320 1137 350 sed

394 371 469 400 fidus
493 374 647 409 sequester
663 370 698 399 ab
711 370 885 400 scholastico
908 370 951 399 vel
975 370 1071 399 iudice
1090 370 1138 399 de-

391 420 553 458 signandus
574 420 712 449 detineat.
737 419 920 449 Scholarium
943 428 1026 448 arcas
1048 422 1076 448 et
1093 427 1139 448 ar-

394 470 483 499 maria
508 469 612 508 quovis
631 469 763 508 quaesito
779 472 931 508 praetextu
951 467 1063 507 aperire
1079 477 1137 497 nou

394 519 509 555 audeat,
527 518 583 547 nisi
599 518 764 547 scholastici
783 518 827 547 vel
844 518 905 547 eius
922 517 1026 547 iudicis
1049 516 1139 546 facul-

394 568 503 599 tate1n¹
520 568 554 597 de
566 568 676 607 scripto
689 567 859 597 ostenderit.
877 567 905 597 Si
923 576 1007 596 secus
1023 566 1136 601 fecerit,

397 618 489 657 prima
513 617 575 646 vice
598 617 809 656 quinquaginta
829 615 977 653 regalibus
999 614 1137 653 hospitali

393 667 597 697 adiudicandis
618 666 796 695 mulctetur:
820 665 950 694 secunda
971 665 1000 693 in
1026 672 1136 693 annum

394 716 430 745 ab
452 715 548 745 officio
566 724 581 744 a
605 714 779 744 scholastico
801 712 1009 752 suspendatur.

433 764 580 794 Officiales
610 772 711 793 omnes
734 772 748 792 a
772 762 948 792 cancellario
972 759 1136 790 destinandi

391 813 557 844 academiae
587 813 649 842 foro
680 821 737 841 non
771 811 936 849 gaudeant,
961 809 1031 848 quin
1055 809 1137 848 prius

396 862 553 892 habuerint
581 861 779 901 deputationis
811 859 940 889 eiusdem
972 858 1134 896 legitimum

391 911 612 947 documentum,
637 914 665 939 et
687 911 782 939 iurato
804 908 935 937 caverint
957 906 1098 946 pecunias
1121 916 1134 935 a

391 960 522 996 nemine,
539 959 614 989 ultra
637 958 713 997 quod
733 958 795 987 iura
812 957 976 993 sanxerint,
1001 959 1136 993 acceptu—

394 1018 459 1045 ros,
484 1018 557 1047 quas
591 1008 615 1037 si
648 1007 828 1045 aliquando,
853 1006 968 1035 tametsi
995 1005 1039 1033 sui
1073 1013 1136 1032 mu-

392 1058 472 1087 neris
495 1056 621 1086 obeundi
648 1056 790 1092 obtentu,
815 1054 1016 1084 fraudulenter
1039 1057 1136 1081 extor-

390 1107 495 1140 serint,
520 1106 611 1144 poena
640 1103 798 1143 quadrupli
825 1105 1016 1132 coerceantur
1038 1100 1136 1138 hospi-

391 1155 458 1185 talis
480 1154 654 1193 compendio
675 1152 862 1191 assignanda.

211 1218 242 1238 ne
259 1217 379 1237 visitatione
432 1204 520 1233 ludex
544 1212 721 1242 unoquoque
756 1211 856 1231 mense
889 1200 1002 1238 singula
1030 1199 1137 1228 docen-

195 1244 380 1296 ῗῇᾞιῗζὲζζξζὲζ
391 1252 463 1282 tium
488 1252 594 1281 invisat
617 1250 766 1290 gymnasia
778 1274 785 1288 ,
803 1253 890 1288 atque
908 1253 939 1278 ut
955 1248 1136 1277 commodius

196 1297 444 1345 {fflloefflsac‘ffl'suo
467 1301 583 1330 muneri
609 1299 784 1335 satisfaciat,
809 1298 915 1337 aliquis
939 1297 1135 1336 professorum

391 1360 442 1390 pro
465 1349 636 1379 diversitate
651 1348 822 1378 facultatum
842 1346 977 1376 eumdem
1001 1345 1134 1375 sociabit.

390 1399 471 1434 Quod
494 1399 594 1436 etiam,
624 1407 689 1427 cum
723 1406 796 1436 opus
818 1396 912 1426 visum
936 1395 1044 1430 fuerit,
1068 1404 1137 1423 can-

391 1448 529 1478 cellarius
555 1448 617 1486 ipse
640 1445 820 1485 praestabit,
848 1448 878 1474 ut
908 1444 947 1473 ita
980 1444 1008 1473 in
1032 1443 1136 1472 docen-

390 1496 434 1526 dis
457 1501 486 1526 et
518 1495 704 1525 addiscendis
735 1494 880 1524 honarum
910 1493 1016 1522 artium
1048 1491 1137 1522 disci-

390 1546 478 1585 plinis
508 1545 617 1575 maiora
650 1545 709 1574 sint
740 1548 801 1574 tum
827 1546 1049 1582 praeceptorum
1074 1545 1135 1570 tum

390 1594 605 1633 discipulorum
638 1593 854 1628 incitamenta,
879 1600 951 1631 quos
978 1599 1035 1619 non
1069 1599 1135 1629 spes

390 1647 505 1673 tantum
527 1642 724 1682 praemiorum
744 1641 868 1677 alliciat,
886 1640 935 1670 sed
954 1643 1049 1669 metus
1065 1649 1136 1678 quo-

390 1701 446 1731 quc
475 1700 635 1731 poenarum
668 1690 854 1724 absterreat,
886 1689 954 1719 dum
984 1692 1096 1718 tantam
1119 1697 1134 1716 a

389 1741 561 1770 scholarcha
585 1750 672 1779 super
695 1740 775 1769 hisce
797 1739 885 1768 rebus
907 1737 1089 1775 diligentiam
1107 1741 1135 1766 et

388 1789 571 1828 vigilantiam
594 1789 728 1818 noverint
751 1787 896 1818 adhiberi.

429 1838 585 1878 Nunquam
613 1838 699 1867 iudex
734 1837 884 1876 permittat
916 1844 1060 1875 pauperes
1083 1844 1134 1874 per

389 1887 504 1917 scholas
527 1887 631 1926 stipem
655 1896 769 1925 cogere,
787 1885 838 1915 sed
855 1885 889 1915 ad
907 1885 1004 1914 valvas
1020 1887 1133 1914 tantum

388 1936 555 1966 academiae
580 1935 751 1965 subsistere.

430 1984 629 2014 Cancellarius
646 1993 697 2022 per
712 1993 742 2013 se
758 1983 874 2012 intersit
889 1982 1056 2021 praecipuis
1071 1992 1134 2011 aca-

389 2033 504 2063 demiae
523 2032 733 2068 functionibus,
750 2036 781 2061 ut
797 2032 853 2061 rite
869 2036 897 2061 et
919 2031 954 2060 de
970 2041 1050 2061 more
1069 2040 1135 2070 per-

390 2086 531 2120 agantur,
548 2082 636 2121 idque
652 2086 763 2110 tantum
781 2090 833 2119 per
849 2080 1133 2110 vice-scholasticum

391 2141 405 2161 a
422 2141 453 2162 se
470 2130 709 2161 constituendum
727 2134 873 2169 praestare
890 2130 993 2168 possit,
1017 2129 1041 2158 si
1057 2130 1133 2158 iusta

391 2182 426 2211 de
442 2182 531 2210 causa
546 2190 561 2209 e
577 2180 695 2210 civitate
717 2179 869 2209 Cervariae
893 2178 1047 2208 abfuturus
1059 2179 1069 2194 ²
1083 2178 1132 2216 sit,

390 2233 459 2267 aut,
483 2229 508 2258 si
531 2228 673 2264 adfuerit,
695 2227 863 2257 valetudine
884 2227 1072 2266 impediatur.

472 2304 534 2334 Tir.
553 2303 594 2333 ll.
621 2322 655 2325 —
680 2303 719 2333 De
746 2303 861 2333 concilio
887 2303 1053 2332 academiae.

431 2375 618 2412 Concilium,
656 2374 717 2403 sive
754 2374 942 2404 definitorum
979 2374 1041 2403 sive
1077 2373 1134 2413 ple-

391 2434 474 2461 num,
499 2433 556 2453 non
580 2423 637 2452 alio
659 2423 723 2460 cogi
747 2423 852 2462 possit,
875 2432 962 2462 quam
985 2422 1014 2452 in
1037 2423 1134 2452 locum

392 2473 559 2502 academiae
590 2472 625 2501 ad
658 2472 687 2501 id
717 2472 906 2511 peculiariter
938 2471 1133 2508 destinatum3

430 2532 440 2557 1
464 2530 535 2557 Edit.
556 2530 635 2557 Main.
656 2531 721 2565 legit
739 2531 880 2565 facultate
898 2532 939 2564 (a.
953 2532 1004 2562 T.).

428 2574 444 2601 2
465 2574 532 2601 Mate
552 2574 616 2601 edit.
638 2574 721 2601 Maia.
745 2575 808 2609 legit
829 2575 987 2610 adfuturus
1004 2577 1043 2610 (R.
1060 2575 1109 2611 τ.).

197 2382 227 2402 De
243 2382 290 2402 loco
305 2387 380 2407 engen-

196 2409 217 2428 a·
234 2409 353 2429 concilium.

984 175 1166 198 BULLARIUM
1191 175 1346 200 ROMANUM

1179 232 1232 253 nec
1255 224 1324 263 quin
1348 225 1443 264 pridie
1466 234 1566 254 omnes
1595 225 1720 254 concilio
1752 224 1924 255 interfuturi

1179 277 1206 302 et
1228 273 1315 303 laturi
1332 274 1470 312 sutfragia
1487 274 1522 303 ab
1540 274 1634 303 altero
1648 274 1756 303 bidello
1773 283 1824 313 per
1841 274 1924 304 sche-

1180 322 1245 351 dam
1263 323 1430 353 scholastici
1447 332 1534 352 manu
1550 323 1707 361 signatam,
1721 326 1749 352 et
1761 331 1835 359 rem,
1850 332 1924 362 quae

1180 370 1209 399 in
1233 371 1334 400 eodem
1357 371 1483 401 concilio
1505 371 1687 401 discutienda
1701 371 1750 409 sit,
1770 371 1924 401 continen-

1181 424 1237 449 tem
1253 444 1260 458 ,
1285 424 1504 458 convocentur,
1528 421 1585 450 nisi
1608 430 1691 450 secus
1714 420 1777 450 sieri
1800 429 1851 459 pro
1874 430 1925 450 ne-

1180 469 1324 506 gottorum
1341 469 1481 508 qualitate
1499 469 1655 508 aliquando
1678 469 1823 508 expediat.
1842 468 1924 504 Quod

1181 518 1203 546 si
1228 517 1360 556 plerique
1383 518 1523 547 accedere
1546 518 1665 547 subdole
1690 519 1854 555 renuerint,
1877 517 1923 547 vel

1180 567 1232 595 sub
1250 567 1342 604 poena
1362 566 1506 604 praestiti,
1525 566 1569 595 vel
1585 566 1640 596 alio
1663 566 1836 604 congruenti
1851 566 1924 597 iuris

1180 615 1309 644 remedio
1333 615 1499 652 adigantur.

1220 663 1251 692 ln
1269 663 1335 692 aula
1356 663 1507 693 conciliari
1523 664 1582 693 sint
1597 663 1671 692 dnae
1687 672 1815 700 mensae,
1833 664 1923 693 altera
1947 670 2050 692 Locorum
2065 672 2122 694 assi-

1180 716 1246 741 ante
1269 712 1494 750 scholasticum,
1518 721 1605 751 supra
1639 721 1726 750 quam
1749 712 1924 751 campanula
1934 699 2117 747 {gffiissugissziiiii

1180 764 1331 791 etstatuta
1354 761 1522 790 academiae
1548 761 1746 796 collocentur;
1763 770 1779 790 e
1803 762 1924 799 regione
1934 751 2054 772 ⁰⁰⁰⁰⁵¹³³¹¹'

1179 809 1281 847 altera,
1309 810 1337 839 in
1360 820 1416 849 qua
1439 810 1616 840 secretarius
1639 809 1746 839 habeat
1768 810 1852 840 binos
1876 820 1924 840 co-

1179 858 1279 892 dices,
1304 859 1429 888 alterum
1453 859 1488 888 ad
1511 859 1627 888 decreta
1651 859 1835 895 academica,
1855 859 1924 889 alte-

1179 916 1244 936 rum
1267 907 1302 937 ad
1326 908 1461 938 mandata
1495 908 1709 938 describenda:
1734 909 1863 947 theologi
1895 912 1923 938 et

1179 955 1333 995 utriusque
1355 956 1427 986 iuris
1450 957 1628 996 professores
1657 957 1822 996 promiscue
1845 958 1924 987 inter

1179 1006 1354 1042 se,¹'servato
1378 1010 1473 1035 tamen
1498 1006 1681 1045 antiquitatis
1703 1006 1824 1042 ordine,
1851 1007 1924 1036 assi-

1178 1053 1283 1083 deant:
1308 1054 1412 1083 deinde
1434 1054 1550 1083 medici:
1571 1064 1604 1084 ac
1627 1055 1743 1084 demum
1767 1056 1923 1093 postremis

1179 1101 1327 1131 subselliis
1344 1102 1524 1142 philosophi:
1542 1108 1629 1142 atque
1652 1104 1690 1133 ita
1714 1103 1824 1142 pariter
1845 1103 1924 1134 inter

1179 1150 1310 1189 singulos
1333 1160 1367 1180 ex
1390 1152 1513 1189 singulis
1546 1152 1648 1181 harum
1682 1152 1819 1182 classium
1842 1152 1922 1183 iuxta

1179 1200 1286 1237 gradus
1308 1201 1511 1240 antiquitatem
1535 1202 1626 1231 sessio
1639 1202 1821 1241 disponatur,
1839 1211 1924 1241 prae-

1180 1253 1314 1287 terquam
1337 1249 1366 1278 in
1390 1250 1622 1288 propugnatione
1643 1250 1782 1289 thesium,
1800 1250 1849 1280 ubi
1872 1260 1924 1280 an-

1179 1297 1289 1336 tiquior
1311 1297 1340 1327 in
1364 1299 1399 1327 ea
1421 1298 1557 1328 facultate
1581 1299 1744 1338 principem
1761 1300 1857 1330 locum
1873 1300 1924 1330 ob-

1179 1346 1295 1376 tinebit.
1319 1347 1424 1377 Caveat
1445 1348 1565 1377 omnino
1588 1348 1780 1378 scholasticus
1798 1372 1805 1385 ,
1833 1358 1870 1378 ne
1892 1349 1922 1378 in

1179 1395 1310 1425 dicendis
1332 1396 1488 1425 sententiis
1510 1397 1581 1425 ordo
1604 1401 1825 1436 praevertatur,
1848 1406 1923 1426 neve

1179 1444 1322 1482 convicia,
1341 1445 1515 1474 offensiones
1537 1450 1587 1475 aut
1604 1446 1698 1484 iurgia
1720 1445 1921 1476 suboriantur.

1218 1494 1348 1523 Bidellus
1367 1503 1419 1533 per
1440 1503 1481 1530 se,
1502 1495 1558 1532 vel,
1582 1495 1606 1524 si
1629 1495 1759 1533 legitime
1782 1495 1922 1534 impedia-

1179 1547 1238 1581 tur,
1264 1553 1314 1582 per
1338 1552 1492 1582 personam
1518 1544 1664 1581 idoneam,
1689 1548 1841 1583 postquam
1864 1544 1924 1573 sin-

1178 1592 1262 1628 gulos
1284 1592 1409 1622 concilio
1431 1602 1616 1628 accessuros,
1637 1592 1769 1622 exhibita
1792 1593 1924 1631 praefata.

1177 1640 1298 1679 scheda,
1313 1641 1348 1670 de
1364 1650 1395 1670 re
1414 1641 1552 1679 agitanda
1565 1641 1705 1671 certiores
1724 1641 1838 1679 fecerit,
1857 1651 1922 1671 eam

1178 1690 1362 1727 postmodum
1386 1690 1439 1720 suh
1463 1692 1556 1729 poena
1586 1690 1673 1720 unius
1696 1690 1804 1728 regalis
1826 1699 1922 1720 secre-

1178 1739 1251 1768 tario
1274 1739 1391 1777 tradat,
1416 1739 1465 1778 qui
1498 1739 1597 1769 statim
1620 1739 1744 1769 concilio
1767 1739 1923 1769 adsidenti-

1178 1787 1232 1817 bus
1255 1788 1389 1817 eamdem
1415 1788 1519 1818 recitet
1541 1792 1568 1817 ct
1592 1787 1768 1818 transcribat
1789 1787 1819 1817 in
1841 1787 1922 1817 codi-

1177 1846 1239 1865 cem
1257 1846 1308 1875 pro
1324 1837 1444 1866 exordio
1460 1837 1649 1867 resolutionis
1664 1836 1831 1866 conciliariS
1853 1845 1920 1866 mox

1176 1886 1356 1924 capiendae:
1384 1886 1461 1925 quod
1494 1887 1518 1915 si
1552 1890 1699 1925 praestare
1731 1885 1918 1924 neglexerit,

1177 1934 1301 1964 duorum
1324 1934 1466 1973 regalium
1489 1935 1628 1965 mulctam
1650 1934 1818 1964 sustinebit.

1216 1984 1409 2014 Definitorum
1432 1985 1590 2014 concilium
1614 1985 1730 2024 (inquo
1748 1983 1920 2023 praesertim
1944 1996 1974 2016 oe
1988 2001 2075 2016 numm-0
2085 1996 2115 2016 aa
2143 1984 2155 2018 ’ζ’

1177 2032 1311 2063 derebus
1335 2034 1371 2063 ad
1394 2043 1508 2063 annuos
1531 2034 1697 2063 academiae
1711 2033 1843 2063 redditus
1856 2042 2000 2072 spe-mda
2024 2021 2116 2070 concilii

1930 2021 2051 2043 huiusmodi

1177 2082 1325 2112 ctantibus
1358 2086 1386 2112 et
1418 2083 1588 2113 officialium
1617 2083 1842 2113 renunciatione
1874 2075 2042 2120 agirrquisaq.

1177 2131 1275 2170 debet)
1298 2131 1430 2169 legitime
1446 2131 1548 2161 haberi
1572 2141 1631 2161 non
1652 2132 1763 2171 possit,
1788 2131 1846 2161 nisi
1864 2134 1922 2161 tre-

1177 2179 1273 2209 decim
1291 2180 1423 2209 doctores
1448 2185 1498 2210 ant
1517 2180 1648 2217 magistri
1664 2180 1856 2209 adfuerintex
1871 2179 1921 2209 de-

1178 2229 1328 2258 finitorum
1351 2229 1454 2258 classe.
1473 2229 1632 2259 Concilium
1653 2238 1720 2258 vero
1737 2229 1856 2268 plenum
1876 2229 1921 2268 (in

1177 2287 1234 2316 quo
1256 2278 1290 2307 de
1317 2277 1422 2307 ceteris
1444 2278 1478 2307 ad
1501 2277 1681 2307 academiam
1705 2276 1922 2316 pertinentibus

1177 2326 1398 2356 deliberandum
1412 2327 1468 2365 est)
1482 2327 1584 2356 viceno
1598 2327 1750 2356 doctorum
1767 2330 1817 2356 aut
1831 2326 1923 2364 magi-

1178 2379 1303 2404 strorum
1327 2384 1460 2413 numero,
1485 2380 1600 2414 praeter
1615 2375 1836 2414 scholasticum,
1853 2383 1923 2404 con—

1177 2424 1274 2454 stabit.

1218 2473 1249 2503 Ia
1273 2477 1396 2513 utroque
1419 2476 1535 2511 autem,
1556 2473 1600 2503 vel
1622 2473 1689 2502 viva
1704 2481 1785 2509 voce,
1803 2472 1848 2502 vel
1870 2481 1922 2511 per

1177 2527 1324 2552 secretum
1348 2523 1535 2560 scrutinium,
1553 2522 1577 2552 si
1594 2531 1641 2552 res
1659 2522 1697 2552 ita
1715 2521 1853 2560 postulet,
1871 2524 1922 2550 aut

1179 2571 1218 2601 ita
1235 2571 1298 2601 fieri
1315 2571 1541 2609 suffragatorum
1558 2570 1681 2610 quilibet
1697 2569 1918 2607 desideraverit,

1954 2486 1986 2508 De
2001 2485 2118 2512 sutri-agiis.
2141 2507 2150 2521 .=
