2182 3137
40 225 88 249 An.
111 224 139 248 G.
162 222 231 249 1730

53 282 223 305 nummo-iim-
277 270 292 313 ἓ
317 269 349 303 2.
377 270 455 303 Cum
480 274 587 302 autem
619 278 657 301 ex
683 267 756 310 ipso
793 267 975 299 litterarum

40 308 515 365 {15333⁹5⁹333praeinsertarum
552 327 666 354 tenore
698 320 777 353 satis
813 329 975 363 superque

41 361 222 414 {teaffiissfifflssj
234 381 381 416 constet,
413 376 563 409 eumdem
600 373 812 407 Benedictum
837 372 976 416 praede-

42 417 128 462 &2²:153ss
151 414 221 467 2333?
234 438 397 462 cessorem
423 428 506 461 nihil
531 427 620 460 aliud
657 436 717 470 per
753 426 879 459 litteras
915 426 976 458 hu-

41 469 106 489 ‘¹“⁰¹'
233 481 372 514 iusmodi
405 491 441 514 ac
472 481 504 512 in
531 480 577 513 eis
604 479 761 522 disposita
792 478 975 512 intendisse

234 545 329 577 quam
354 540 484 567 exactae
521 533 681 576 regularis
712 532 906 575 disciplinae
943 532 975 564 in

233 586 351 620 Ordine
369 586 538 630 praedicto
560 585 790 618 observantiae
820 584 974 627 felicique

233 640 321 673 illius
347 639 508 682 gubernio
526 639 731 682 prospicere;
750 649 874 678 verum,
893 638 977 670 sicut

233 693 438 737 experientia
485 693 693 736 postmodum
734 691 869 731 docuit,
908 701 975 724 non

232 747 331 779 modo
357 746 488 786 exinde,
515 752 547 779 et
564 746 757 789 praesertim
776 745 808 777 in
828 746 864 778 ea
884 750 976 788 parte

233 799 266 832 in
292 811 356 843 qua
381 800 484 833 dictae
509 799 639 832 litterae
665 799 796 832 statutis
821 809 880 831 seu
903 808 977 832 con-

233 853 456 887 stitutionibus
494 853 703 896 generalibus
739 862 799 895 pro
836 853 975 895 utraque

234 907 377 947 familia,
403 907 608 940 cismontana
643 906 767 939 scilicet
805 911 836 939 et
869 906 973 938 ultra—

234 963 399 1000 montana,
427 960 572 993 eiusdem
596 959 727 993 Ordinis
754 959 849 992 editis
867 959 976 992 adver-

234 1019 349 1046 santur
372 1014 422 1046 vel
447 1014 580 1046 minime
613 1018 817 1052 consonant,
843 1018 975 1055 optatus

233 1067 289 1099 ille
315 1072 346 1100 et
369 1067 541 1100 laudabilis
569 1066 650 1106 sinis,
676 1077 774 1110 quem
801 1066 889 1099 idem
920 1066 977 1098 Be-

233 1120 384 1153 nedictus
408 1121 648 1163 pracdecessor
664 1120 724 1152 sibi
747 1124 974 1163 proposuerat,

235 1183 394 1216 nusquam
421 1179 613 1206 consecutus
631 1173 748 1213 suerit3
776 1173 833 1206 sed
852 1172 978 1205 maiora

235 1237 331 1269 quam
356 1231 451 1259 antea
480 1227 650 1269 praedicto
687 1226 800 1259 Ordini
837 1227 978 1258 obvene-

235 1280 301 1312 rint
325 1280 529 1313 incommoda
555 1286 653 1323 atque
682 1280 975 1323 perturbationes3

236 1333 322 1375 quod
348 1343 413 1366 non
438 1334 544 1366 solum
572 1333 678 1372 nobis,
697 1333 750 1376 qui
778 1334 854 1366 dum
875 1333 978 1366 cardi-

236 1387 362 1418 nalatus
387 1387 514 1419 honore
551 1387 694 1429 dictique
734 1386 865 1419 Ordinis
891 1387 976 1429 apud

236 1439 321 1471 hanc
352 1439 499 1472 Sanctam
531 1440 647 1473 Sedem
681 1441 879 1483 protectoris
911 1451 978 1472 mu-

236 1502 314 1525 nere
332 1493 558 1535 fungebamur,
578 1504 643 1526 non
661 1494 763 1526 semel
783 1494 889 1537 reipsa
906 1504 977 1537 per-

236 1552 379 1588 spectum
414 1547 683 1589 exploratumque
718 1547 796 1585 fuit,
834 1552 865 1578 at
900 1547 978 1589 ipsi-

236 1603 302 1630 met
348 1609 476 1641 quoque
514 1599 691 1632 Benedicto
730 1599 976 1642 praedecessori

236 1662 365 1684 causam
402 1658 433 1685 et
465 1653 671 1685 occasionem
704 1653 858 1696 praebuit
891 1653 977 1686 litte-

235 1715 288 1737 ras
324 1705 370 1738 sic
395 1716 412 1737 a
447 1716 480 1738 se
511 1706 658 1739 conditas
699 1707 897 1749 quandoque
939 1717 976 1739 ex

234 1764 327 1802 parte
348 1760 548 1797 moderandi,
569 1770 696 1792 necnon
717 1760 763 1792 eis
786 1761 976 1803 derogandi,

235 1812 469 1855 nonnullisque
494 1812 648 1845 fratribus
666 1812 795 1845 Ordinis
816 1814 976 1856 praedicti

234 1870 307 1898 vota
332 1871 489 1908 perpetua
516 1872 630 1899 contra
652 1877 836 1909 expressam
864 1878 974 1899 earum

235 1918 483 1962 dispositionem
508 1920 712 1952 concedendi
731 1932 737 1959 ;

42 1980 135 2012 nineqx
151 1982 224 2002 decre-
280 1973 351 2016 §3.
387 1972 604 2010 Quamobrem
637 1973 668 2005 in
703 1973 846 2016 capitulo
879 1984 976 2015 gene-

41 2009 295 2071 fflrffliiuiiaffij-fflli
325 2026 470 2059 eiusdem
507 2026 637 2059 Ordinis
676 2038 761 2058 anno
798 2027 975 2059 novissime

42 2067 345 2123 {iiissiffi‘f¹⁵uiiielapgo
379 2089 537 2113 ninccxxtx
578 2079 608 2111 iu
643 2079 771 2112 civitate
813 2080 972 2113 Mediola-

42 2115 126 2136 easdem
143 2116 224 2135 litteras
324 2133 328 2138 ,

44 2141 99 2162 iuxta
139 2142 329 2166 Ordinis-neum
364 2134 549 2171 celebrato,
585 2138 657 2176 post
682 2139 767 2165 actas
792 2140 974 2166 [memorato

42 2170 222 2215 sssll-{ssffuflsssissilfi
235 2186 411 2219 Benedicto
431 2187 677 2230 praedecessori
697 2187 838 2219 humiles
857 2187 974 2229 gratias

43 2223 81 2241 m*
235 2240 320 2282 quod
358 2239 444 2271 inter
479 2245 585 2272 cetera
619 2239 793 2281 singularis
828 2250 904 2272 suae
941 2241 974 2273 in

234 2292 352 2325 dictum
393 2292 547 2325 Ordinem
586 2293 822 2326 beneficentiae
859 2305 975 2327 monu-

236 2350 345 2377 menta
362 2347 545 2388 regularem
571 2347 602 2379 iu
629 2357 666 2380 eo
688 2347 895 2390 disciplinam
915 2359 974 2391 per

236 2399 361 2432 litteras
380 2409 453 2431 suas
470 2400 693 2442 praeinsertas
720 2401 851 2443 egregie
878 2401 974 2433 iuvis-

236 2459 300 2492 set,
326 2452 448 2495 prodiit
474 2452 659 2492 decretum,
684 2464 747 2496 quo
786 2464 844 2497 pro
882 2460 973 2497 parte

236 2505 372 2548 praefati
398 2505 530 2548 capituli
557 2506 719 2548 generalis
746 2507 850 2539 cidem
877 2508 975 2540 Benc-

237 2559 322 2591 dicto
348 2559 593 2602 praedecessori
619 2560 876 2602 supplicabatur,
903 2571 975 2603 qua·

237 2619 328 2645 tenus
355 2616 523 2644 enarratas
546 2611 671 2644 litteras
697 2611 785 2644 iuxta
820 2613 897 2646 dicti
923 2613 976 2646 Or-

325 2675 405 2701 Ball.
424 2676 504 2702 Rom.
524 2690 557 2694 —
579 2676 640 2701 Vol.
660 2676 766 2703 XXIII.
914 2677 946 2704 18

852 218 996 241 CLEMENS
1023 219 1066 241 ΧΠ
1091 219 1139 242 ΡΡ.

1658 210 1723 244 '137
1770 219 1822 247 An.
1839 219 1869 247 C.
1892 219 1961 248 ¹730

1021 266 1105 299 dinis
1130 267 1383 301 constitutiones
1420 268 1460 300 ab
1493 267 1581 302 illius
1612 267 1763 301 fratribus

1019 319 1139 352 servari
1164 321 1282 361 vellct;
1310 332 1392 364 quae
1414 327 1523 354 tamen
1549 321 1702 354 instantia
1722 321 1764 354 ob

1019 377 1166 405 secutum
1205 374 1304 416 paulo
1342 380 1416 417 post
1454 374 1556 418 ipsius
1593 374 1762 407 Benedicti

1018 426 1285 468 praedecessoris
1323 427 1448 460 obitum
1482 438 1591 461 coram
1623 427 1680 461 illo
1708 428 1763 460 de-

1019 478 1094 510 ferri
1121 489 1157 510 ac
1182 480 1369 521 promoveri
1395 481 1560 524 nequivit:

1063 532 1077 574 ξ
1101 531 1134 564 4.
1162 532 1244 564 Hinc
1269 539 1318 566 est
1342 534 1429 576 quod
1464 544 1546 574 nos,
1577 533 1707 566 Ordinis
1733 540 1958 578 etonoaasqnetss-

1020 585 1155 616 fratrum
1192 584 1451 627 praedictorum,
1484 596 1566 629 quos
1602 587 1761 629 peculiari
1774 573 1865 621 {3333
1878 573 1957 595 ΜΨ

1019 643 1176 680 paternae
1221 638 1392 671 charitatis
1434 649 1565 682 semper
1600 641 1761 682 complexi

1020 691 1139 723 fuimus
1181 702 1218 724 ac
1254 691 1352 724 etiam
1393 703 1471 725 num
1512 694 1763 736 complectimur

1020 744 1157 784 affectu,
1184 745 1305 778 salubri
1337 745 1490 788 regimini
1523 757 1560 778 ac
1586 746 1762 789 religiosae

1020 798 1274 841 tranquillitati,
1313 805 1471 842 quantum
1512 810 1582 831 cuin
1627 800 1764 833 Domino

1020 861 1206 894 possumus,
1232 851 1406 894 providere
1425 852 1603 895 cupientes,
1621 852 1764 895 dictique

1020 905 1135 947 nuperi
1162 905 1296 947 capituli
1323 905 1488 948 generalis
1513 905 1596 937 votis
1621 905 1764 948 henigne

1020 957 1053 989 in
1078 958 1268 1000 praemissis
1293 968 1439 991 annuere
1476 959 1634 998 volentes,
1661 962 1761 997 motu,

1021 1010 1167 1050 scientia,
1195 1011 1449 1051 deliberatione,
1477 1011 1583 1054 deque
1609 1011 1765 1055 apostoli-

1020 1073 1076 1096 cae
1094 1064 1263 1106 potestatis
1280 1064 1489 1107 plenitudine
1508 1064 1650 1107 paribus,
1670 1075 1764 1108 prae-

1021 1117 1159 1150 insertas
1192 1118 1360 1151 Benedicti
1393 1118 1661 1161 praedecessoris
1680 1119 1766 1151 litte-

1021 1181 1085 1211 ras,
1112 1181 1149 1204 ac
1173 1171 1205 1204 in
1232 1171 1277 1204 eis
1304 1172 1439 1212 sancita,
1466 1172 1616 1205 ordinata
1642 1177 1671 1205 et
1701 1172 1765 1205 dis-

1020 1225 1127 1267 posita
1158 1235 1396 1268 quaecumque,
1433 1225 1473 1258 ad
1506 1225 1643 1258 sormam
1668 1230 1765 1257 statu-

1023 1282 1129 1310 torum
1163 1288 1220 1310 seu
1255 1279 1524 1311 constitutionum
1562 1279 1763 1321 generalium

1022 1330 1165 1363 eiusdem
1190 1330 1320 1364 Ordinis
1341 1332 1449 1374 quoad
1476 1337 1648 1374 utramque
1674 1332 1762 1364 illius

1021 1384 1174 1417 familiam
1200 1385 1399 1428 praedictam
1418 1386 1551 1425 servari,
1579 1386 1694 1417 harum
1713 1396 1765 1417 se-

1022 1437 1068 1470 rie
1087 1438 1307 1481 praecipimus
1326 1443 1356 1472 et
1376 1439 1580 1478 mandamus,
1604 1449 1639 1471 ac
1659 1449 1764 1481 respe-

1021 1491 1103 1524 ctive
1129 1492 1336 1524 moderamus
1363 1497 1396 1524 et
1416 1492 1614 1524 reducimus.

1065 1546 1079 1587 ἓ
1105 1545 1136 1577 5.
1165 1546 1384 1577 ltecernentes
1408 1545 1541 1587 pariter,
1561 1545 1649 1588 ipsas
1674 1555 1786 1587 prae-h
1813 1554 1958 1591 mesenam

1021 1603 1131 1630 sentes
1151 1598 1278 1630 litteras
1299 1608 1431 1640 semper
1448 1597 1568 1637 firmas,
1591 1599 1714 1631 validas
1732 1581 1891 1630 etls'e‘ifiraiiiiiif
1922 1582 1958 1599 ‘'l'‘

1022 1650 1167 1683 efficaces
1193 1650 1334 1683 existere
1360 1657 1392 1683 ct
1418 1651 1498 1691 fore,
1526 1662 1668 1693 suosque
1695 1653 1764 1694 ple-

1020 1704 1130 1737 narios
1163 1709 1195 1736 et
1230 1704 1376 1746 integros
1415 1704 1547 1737 effectus
1585 1705 1694 1737 sortiri
1731 1710 1764 1738 et

1021 1758 1191 1798 obtinere,
1220 1769 1256 1790 ac
1287 1758 1371 1797 illis,
1399 1758 1437 1790 ad
1464 1768 1546 1800 quos
1583 1763 1709 1801 spectat
1734 1764 1766 1791 ct

1021 1824 1079 1856 pro
1106 1818 1254 1855 tempore
1288 1811 1563 1854 quai'idocumque
1589 1812 1762 1854 spectabit,

1020 1867 1052 1899 in
1088 1866 1237 1900 omnibus
1263 1870 1295 1898 et
1331 1876 1391 1908 per
1427 1867 1536 1898 omnia
1577 1866 1764 1908 plenissime

1021 1920 1205 1962 satu-agari,
1246 1919 1356 1962 sicque
1397 1920 1428 1951 iu
1470 1918 1659 1961 praemissis
1704 1930 1765 1962 per

1020 1984 1244 2017 quoscumque
1271 1973 1396 2004 iudices
1423 1973 1607 2005 ordinarios
1628 1977 1658 2004 ct
1676 1973 1764 2005 delc-

1020 2033 1118 2069 gatos,
1145 2027 1243 2059 etiam
1270 2036 1440 2057 causarum
1460 2024 1571 2068 palatii
1590 2025 1762 2068 apostolici

1019 2081 1194 2118 auditores,
1223 2090 1258 2111 ac
1283 2079 1313 2112 S.
1335 2079 1370 2110 a.
1388 2078 1423 2110 E.
1452 2078 1646 2117 cardinales,
1664 2079 1761 2110 etiam

1019 2135 1058 2166 de
1093 2135 1194 2166 latere
1231 2133 1373 2174 legatos,
1401 2137 1432 2164 et
1467 2131 1557 2164 Sedis
1595 2132 1762 2174 praefatae

1019 2187 1168 2225 nuncios,
1200 2186 1322 2218 aliosve
1356 2185 1521 2228 quoslibet
1557 2195 1761 2227 (planumque

1019 2240 1278 2284 praeeminentia
1321 2244 1352 2271 ct
1388 2243 1551 2281 potestate
1591 2240 1762 2279 fungentes

1018 2300 1049 2327 ct
1075 2295 1254 2332 functuros,
1279 2293 1406 2325 sublata
1432 2292 1476 2324 cis
1502 2297 1533 2323 et
1557 2301 1671 2323 eorum
1697 2291 1763 2322 cui-

1017 2348 1097 2380 libet
1123 2347 1235 2390 quavis
1261 2345 1356 2379 aliter
1386 2344 1552 2377 iudicandi
1592 2349 1624 2375 ct
1660 2343 1762 2376 inter-

1018 2401 1169 2444 pretandi
1198 2400 1350 2432 facultate
1378 2404 1409 2431 et
1434 2398 1644 2435 auctoritate,
1681 2398 1763 2430 iudi-

1018 2455 1083 2487 cari
1110 2459 1142 2486 ct
1167 2452 1295 2485 definiri
1330 2452 1470 2490 debere,
1507 2461 1543 2483 ac
1575 2450 1703 2483 irritum
1731 2456 1763 2483 et

1018 2508 1115 2540 inane
1134 2534 1141 2547 ,
1167 2507 1192 2539 si
1225 2516 1316 2537 secus
1344 2515 1441 2547 super
1479 2504 1528 2535 liis
1554 2515 1569 2535 a
1595 2514 1761 2546 quoquam

1019 2560 1131 2603 quavis
1158 2558 1350 2591 auctoritate
1375 2557 1518 2589 scienter
1539 2557 1589 2589 vel
1613 2556 1762 2598 ignorau-

1020 2619 1068 2646 ter
1093 2612 1271 2653 contigerit
1300 2610 1465 2644 attentari.
1503 2609 1572 2642 Non
1605 2609 1760 2641 obstanti-
