2182 3137
65 247 114 271 An.
135 243 165 271 C.
180 243 249 270 1732

117 515 230 544 Prisilegia
243 530 246 537 ,

67 547 123 569 quae
138 547 157 562 el
172 547 247 561 Cftnce·

65 570 149 590 duntur.

95 2541 241 2568 Indulgentiae

60 2569 173 2589 nonnullae
202 2575 241 2595 pro

59 2595 199 2616 confratribus
221 2599 242 2615 et

60 2622 174 2642 sororibus.

883 240 1025 264 CLEMENS
1049 241 1094 264 ΧΠ
1119 241 1168 265 ΡΡ.

257 290 351 323 cedat
374 299 549 329 assensus,
574 288 757 332 apostolica
786 287 982 320 auctoritate
998 315 1005 329 ,

260 349 373 376 tenore
398 341 638 386 praesentium,
665 345 824 384 perpetuo
849 340 1005 382 erigimus

258 401 291 428 et
315 395 530 428 instituimus.

302 449 318 492 ἓ
342 448 373 482 3.
400 447 536 480 Necnon
563 446 785 479 confratribus
811 447 915 479 dictae
933 457 1006 479 con-

258 500 471 534 fraternitatis
489 510 547 532 seu
564 499 839 542 congregationis,
855 510 915 542 pro
930 503 1005 533 tem-

258 565 340 597 pore
374 553 609 592 existentibus,
644 558 680 585 ut
710 553 1005 596 processionaliter

258 606 429 645 incedere,
455 605 565 638 divina
597 605 702 638 officia
735 605 767 637 in
797 607 853 638 sua
878 603 1004 648 capella

259 661 309 693 vel
334 659 477 692 oratorio
504 658 664 697 recitare,
689 668 726 690 ac
762 669 822 701 pro
861 658 1003 700 negotiis

258 712 360 755 ipsius
404 711 684 745 confraternitatis
717 722 776 744 seu
825 722 1001 754 congrega·

260 766 356 799 tionis
393 776 427 798 se
453 775 678 807 congregare,
705 775 742 797 ac
779 775 1002 808 quaecumque

258 823 399 858 statuta,
424 818 589 862 capitula,
623 818 848 851 ordinationes
881 824 913 851 et
949 818 1004 851 de-

257 878 359 912 creta,
386 882 446 915 pro
471 871 592 904 salubri
620 881 732 904 eorum
758 877 789 903 et
807 871 910 904 dictae
928 882 1004 904 con-

258 925 468 958 fraternitatis
486 935 544 957 seu
562 925 829 967 congregationis
844 925 1003 967 regimine

257 985 289 1011 et
314 977 496 1011 directione
529 977 712 1010 necessaria
737 983 769 1010 et
793 983 1002 1021 opportuna,

257 1032 346 1065 licita
373 1037 481 1064 tamen
506 1036 539 1064 et
570 1031 732 1071 honesta,
760 1032 926 1074 sacrisque
953 1041 1005 1063 ca-

257 1085 400 1117 nonibus
426 1089 457 1117 et
481 1083 616 1117 Concilii
643 1083 824 1116 Tridentini
863 1085 1004 1117 decretis

257 1143 289 1170 et
313 1137 604 1170 constitutionibus
629 1137 817 1180 apostolicis
842 1147 909 1169 non
928 1147 1005 1170 con-

258 1190 356 1223 traria
374 1216 381 1229 ,
406 1200 468 1233 per
492 1195 708 1222 memoratum
739 1189 893 1222 vicarium
931 1201 1005 1223 exa-

257 1242 410 1275 minanda
427 1248 458 1275 et
478 1242 702 1285 approbanda,
718 1242 823 1275 facere
842 1248 873 1275 et
889 1243 1002 1275 edere:

255 1295 376 1339 illaque
402 1306 462 1338 pro
489 1301 657 1338 tempore,
682 1301 780 1338 prout
813 1296 860 1328 eis
885 1296 1003 1328 vicebi-

256 1355 307 1381 tur
333 1355 364 1381 et
389 1349 567 1392 expediens
592 1348 708 1388 fuerit,
738 1350 868 1392 praevia
904 1349 1001 1381 simili

256 1401 495 1434 examinatione
523 1407 555 1434 et
578 1402 836 1444 approbatione,
861 1407 1003 1441 mutare,

256 1456 419 1495 alterare,
446 1454 610 1496 corrigere
631 1480 638 1493 ,
677 1459 711 1487 et
735 1455 767 1486 in
804 1455 920 1487 melius
954 1466 1004 1487 re—

256 1510 396 1541 formare
416 1535 423 1548 ‚
451 1513 482 1540 et
507 1508 644 1550 insuper
668 1508 780 1540 onmia
805 1514 838 1541 et
873 1509 1003 1551 singula

255 1563 361 1604 legata
387 1561 521 1599 relicta,
549 1571 601 1593 res
637 1567 670 1593 et
706 1562 791 1593 hona
823 1563 1002 1605 quomodo-

256 1615 382 1648 dolibct
406 1615 610 1658 qualificata,
638 1614 772 1647 mobilia
797 1621 829 1647 et
853 1615 1002 1648 immobi-

255 1668 318 1708 lia,
346 1679 404 1711 per
437 1678 660 1711 quoscumque
686 1668 917 1701 christifideles
955 1670 1002 1701 tli-

255 1728 325 1754 ctae
358 1721 619 1754 confraternitati
656 1731 713 1752 scu
751 1723 999 1764 congregationi

254 1786 314 1818 per
338 1776 419 1808 viam
445 1774 633 1807 testamenti
654 1800 662 1813 ,
697 1775 884 1807 donationis
904 1803 912 1815 ,
949 1782 1003 1808 aut

254 1830 335 1862 alias
360 1828 606 1872 quomodolibet
631 1839 691 1871 pro
725 1834 873 1872 tempore
911 1830 998 1862 clar-

255 1884 374 1925 gienda
399 1889 431 1915 et
456 1882 671 1925 relinquenda
689 1910 696 1922 ‚
723 1883 871 1925 recipere
891 1911 898 1923 ‚
931 1884 1002 1916 illa-

255 1947 319 1979 que
343 1947 401 1979 per
426 1946 539 1969 eorum
572 1935 727 1968 ossicialcs
764 1942 795 1969 et
831 1937 1001 1980 deputatos

254 1999 370 2032 regere
387 2017 394 2030 ,
419 1990 601 2033 gubernare
628 1994 659 2021 ct
684 1989 914 2023 administrare
931 2019 938 2031 ,
965 2003 1001 2024 ac

255 2047 287 2079 in
314 2047 414 2090 ipsius
440 2043 715 2078 confraternitatis
741 2053 796 2075 seu
823 2055 1000 2087 congrega-

256 2101 353 2134 tionis
393 2106 425 2133 et
461 2108 575 2132 eorum
600 2106 728 2139 plorum
754 2106 892 2139 operum
922 2108 1001 2131 usus

254 2160 445 2188 convertere
471 2152 574 2185 libere
601 2149 751 2182 similiter
776 2156 808 2182 et
836 2151 923 2183 licite
949 2163 1000 2184 va-

255 2210 362 2247 leant,
390 2207 433 2240 ita
459 2211 565 2238 tamen
594 2210 628 2235 ut
653 2204 692 2236 de
716 2204 858 2246 receptis
884 2211 916 2237 ct
945 2205 1000 2237 ad-

254 2261 445 2295 ministratis
469 2270 530 2302 pcr
556 2269 611 2291 eos
638 2257 744 2290 eidem
770 2258 890 2291 vicario
912 2259 1000 2292 iuxta

256 2317 387 2348 decreta
424 2313 557 2348 Concilii
595 2311 776 2344 Tridentini
810 2311 998 2346 huiusmodi

256 2370 417 2402 rationem
443 2368 582 2400 reddere
604 2370 787 2405 teneantur,
805 2367 998 2400 auctoritate

255 2429 287 2457 et
311 2428 424 2456 tenore
450 2421 624 2463 praedictis
649 2421 861 2454 concedimus
888 2427 920 2455 et
951 2422 1000 2455 in-

254 2476 440 2518 dulgemus.

298 2530 368 2573 §la
397 2528 548 2570 Insuper,
573 2532 608 2560 ut
643 2528 778 2570 praefati
816 2530 997 2563 confratres

253 2587 287 2619 in
312 2586 440 2629 piorum
467 2595 604 2627 operum
623 2585 779 2618 exercitio
800 2588 997 2620 confovean-

255 2646 318 2678 tur,
345 2649 381 2671 ac
407 2639 509 2676 magis
536 2639 574 2671 ad
594 2639 649 2671 illa
667 2638 882 2682 imposterum
905 2650 996 2674 exer-

1049 290 1165 330 cenda,
1191 300 1321 323 necnon
1347 290 1401 323 alii
1428 290 1659 324 christifideles
1680 290 1720 323 ad
1746 289 1793 323 di-

1049 347 1131 375 ctam
1157 343 1458 377 confraternitatem
1481 354 1536 377 seu
1563 344 1791 387 congregatio-

1048 404 1123 426 nem
1148 395 1188 427 de
1210 401 1319 429 cetero
1345 396 1598 439 ingrediendum
1631 407 1690 440 per
1723 407 1790 429 am·

1048 447 1133 489 plius
1148 447 1334 487 invitentur,
1347 449 1526 493 eademque
1540 450 1790 483 confraternitas

1048 510 1106 531 seu
1132 501 1344 543 congregatio
1361 501 1484 535 maiora
1500 503 1533 535 in
1547 503 1616 536 dies
1633 503 1791 546 suscipiat

1048 552 1271 594 incrementa,
1297 554 1336 587 de
1369 556 1606 599 omnipotentis
1632 556 1688 589 Dei
1733 556 1791 589 mi-

1048 607 1225 639 sericordia
1257 617 1293 639 ac
1326 609 1495 641 beatorum
1529 609 1617 642 Petri
1643 615 1674 642 et
1699 610 1790 643 Pauli

1047 661 1275 703 apostolorum
1301 661 1370 693 eius
1395 663 1587 695 auctoritate
1606 662 1734 702 confisi,
1757 674 1792 696 o-

1047 714 1178 746 mnibus
1199 713 1371 756 utriusque
1389 725 1484 747 sexus
1507 715 1790 754 christifidelibus,

1047 767 1102 809 qui
1129 766 1246 798 dictam
1283 766 1588 800 confraternitatem
1624 779 1679 801 seu
1717 779 1794 801 con-

1047 819 1270 862 gregationem
1295 819 1509 863 imposterum
1546 821 1789 863 ingredientur,

1047 872 1098 905 die
1135 873 1240 916 primo
1276 884 1390 906 eorum
1426 874 1616 916 ingressus,
1654 875 1680 906 si
1717 885 1790 907 vere

1047 927 1256 969 poenitentes
1281 932 1314 959 et
1337 927 1493 966 confessi,
1526 937 1562 960 ac
1587 930 1681 960 sacra
1705 939 1793 960 com-

1047 981 1203 1013 munione
1228 980 1358 1018 refecti‚
1384 980 1558 1013 ecclesiam
1583 991 1640 1014 seu
1677 987 1789 1014 orato-

1049 1033 1130 1066 rium
1158 1034 1261 1077 ipsius
1283 1034 1562 1067 confraternitatis
1581 1045 1636 1067 seu
1654 1045 1792 1076 congre—

1048 1087 1187 1129 gationis
1213 1087 1329 1120 devote
1354 1087 1569 1125 visitaverint,
1594 1088 1790 1131 plenariam;

1049 1151 1176 1173 necnon
1192 1141 1351 1174 eiusmodi
1367 1141 1623 1174 confraternitati
1638 1152 1693 1174 seu
1715 1153 1792 1174 con-

1048 1194 1228 1237 gregationi
1254 1205 1342 1227 nunc
1369 1200 1400 1227 et
1424 1206 1483 1238 pro
1505 1200 1653 1238 tempore
1675 1195 1792 1228 adscri-

1047 1247 1110 1290 ptis
1146 1248 1366 1280 confratribus
1393 1253 1424 1281 et
1449 1248 1689 1288 consororibus,
1714 1259 1790 1282 vere

1047 1301 1158 1333 itidem
1184 1302 1430 1344 poenitentibus
1456 1307 1489 1334 et
1513 1303 1671 1335 confessis
1689 1313 1726 1335 ac
1747 1313 1792 1335 sa-

1047 1355 1102 1385 cra
1127 1354 1358 1387 communione
1383 1355 1527 1394 refectis,
1553 1355 1607 1399 qui
1634 1357 1736 1388 semel
1757 1355 1791 1388 in

1047 1419 1132 1442 anno
1161 1410 1277 1441 saltem
1308 1419 1369 1451 per
1401 1409 1516 1441 horam
1551 1409 1612 1442 sibi
1645 1421 1662 1442 a
1695 1420 1792 1453 supe-

1048 1462 1133 1495 riore
1161 1464 1210 1495 vel
1237 1462 1301 1495 alio
1337 1473 1399 1505 per
1425 1463 1544 1495 dictam
1576 1464 1791 1496 confraterni-

1047 1522 1143 1549 tatem
1170 1526 1227 1548 seu
1253 1515 1544 1558 congregationem
1566 1517 1605 1549 ad
1632 1517 1664 1549 id
1690 1517 1792 1560 depu-

1047 1577 1113 1605 tato
1138 1571 1435 1615 praescribendam,
1462 1571 1494 1602 in
1521 1570 1679 1603 honorem
1705 1571 1791 1603 eius-

1047 1627 1118 1658 ‹lem
1154 1625 1346 1658 sanctissimi
1384 1625 1577 1658 sacramenti
1618 1624 1649 1656 in
1687 1625 1791 1667 ipsius

1046 1679 1323 1711 confraternitatis
1364 1689 1419 1710 seu
1457 1678 1722 1720 congregationis
1759 1689 1791 1711 a-

1046 1733 1128 1766 liave
1166 1732 1304 1766 eeclesia
1338 1733 1387 1764 vel
1424 1732 1588 1771 oratorio,
1616 1731 1671 1763 ubi
1708 1731 1791 1764 illud

1046 1792 1236 1824 asservatur,
1263 1786 1328 1818 sive
1355 1785 1497 1817 interdiu
1524 1785 1590 1818 sive
1616 1790 1713 1817 noctu
1736 1786 1791 1818 de-

1045 1846 1117 1873 vote
1154 1839 1328 1876 oraverint,
1366 1839 1519 1882 idemque
1547 1839 1788 1872 sanctissimum

1046 1899 1281 1926 sacramentum
1307 1893 1530 1932 adoraverint,
1550 1893 1702 1926 similiter
1724 1895 1790 1936 ple-

1046 1948 1189 1985 nariam;
1218 1958 1254 1978 ac
1280 1946 1375 1978 dictis
1406 1946 1628 1978 confratribus
1655 1953 1687 1978 et
1711 1958 1790 1979 con-

1045 2001 1228 2039 sororibus,
1255 2000 1375 2043 pariter
1392 2000 1639 2042 poenitentibus
1665 2006 1696 2033 ct
1717 2011 1790 2033 con-

1047 2054 1136 2087 fessis
1153 2081 1160 2093 ,
1187 2055 1345 2096 sacraque
1371 2053 1603 2085 communione
1638 2053 1788 2093 refectis,

1045 2107 1099 2149 qui
1125 2107 1288 2149 praefatae
1315 2106 1594 2139 confraternitatis
1620 2117 1678 2139 seu
1711 2117 1789 2139 con-

1045 2160 1247 2203 gregationi<
1273 2161 1408 2193 aliamve
1436 2160 1607 2193 ecclesiam
1633 2160 1683 2193 vel
1717 2171 1788 2193 ora-

1046 2215 1174 2253 torium,
1201 2214 1255 2246 uhi
1282 2214 1522 2246 sanctissimum
1545 2219 1785 2246 sacramentum

1043 2268 1230 2300 huiusmodi
1258 2268 1367 2299 itidem
1394 2273 1596 2306 asservatur,
1625 2267 1677 2300 die
1704 2268 1786 2301 festo

1043 2322 1242 2355 Visitationis
1269 2322 1300 2354 P..
1328 2321 1443 2354 Mariae
1468 2321 1608 2363 Virginis
1633 2332 1650 2353 a
1675 2321 1787 2364 primis

1043 2376 1188 2418 vesperis
1219 2386 1320 2418 usque
1352 2375 1390 2407 ad
1422 2385 1575 2407 occasum
1603 2375 1681 2407 solis
1715 2375 1786 2407 festi

1044 2429 1203 2461 eiusmodi
1231 2428 1369 2470 singulis
1394 2428 1485 2460 annis
1504 2428 1618 2460 devote
1643 2427 1787 2460 visitave-

1043 2483 1120 2521 rint,
1139 2488 1171 2515 et
1187 2483 1232 2515 ihi
1252 2493 1310 2524 pro
1330 2481 1584 2514 christianorum
1601 2481 1786 2524 principum

1043 2535 1236 2574 concordia,
1265 2535 1435 2567 haeresum
1474 2534 1716 2577 extirpatione,
1749 2545 1786 2567 ac

1042 2594 1170 2620 sanctae
1218 2588 1330 2620 matris
1379 2588 1542 2621 Ecclesiae
1587 2588 1786 2621 exaltatione

1042 2641 1110 2684 pias
1137 2642 1174 2673 atl
1201 2641 1301 2673 Deum
1328 2652 1440 2683 preces
1466 2640 1660 2680 effuderint,
1687 2641 1784 2675 etiam

1685 231 1746 265 411
1796 241 1847 267 An.
1868 240 1987 268 c.1732
