2182 3137
63 1033 143 1054 enneae
159 1038 209 1054 con-

0 1070 2 1079 t
31 1061 135 1084 assianus.

848 280 986 306 CLEMENS
1011 282 1056 307 ΧΠ
1081 283 1129 308 PP-

434 330 566 358 clemens
586 330 666 364 Papa
685 329 750 364 xlt,

341 375 377 401 ad
397 378 576 408 perpetuam
596 375 642 412 rei
663 374 849 408 memoriam.

223 456 226 459 «
267 435 430 470 iniunctae
467 437 559 470 nobis
595 437 729 470 caelitus
765 437 963 480 apostolicae

222 489 386 522 servitutis
422 490 503 523 ratio
540 491 707 534 postulat,
732 495 767 523 ut
792 490 964 533 religiosas

221 542 510 586 Congregationes,
535 544 593 576 sub
618 546 707 577 suavi
731 543 883 576 arctioris
917 543 964 577 di-

221 595 378 639 sciplinae
404 596 481 639 iugo
507 596 538 629 in
565 597 710 630 Ecclesia
736 597 790 629 Dei
822 597 964 629 militan-

222 655 277 689 tes,
298 660 477 694 suavesque
496 651 657 684 bonorum
677 660 810 693 operum
830 650 962 691 fructus,

220 703 406 747 adspirante
444 704 576 748 superni
613 704 731 737 favoris
767 706 865 743 aura,
891 715 964 748 pro-

220 757 305 790 ferre
330 756 449 800 iugiter
475 763 667 800 satagentes,
696 758 724 790 in
746 758 964 791 laudabilibus

220 820 330 842 earum
369 810 523 843 institutis
549 813 741 851 consovere,
769 811 963 855 illarumque

220 863 305 896 l'elici
344 869 374 896 et
407 875 567 907 prospero
606 864 758 907 regimini
796 870 891 908 atque
918 865 965 898 in-

220 917 405 957 crementis,
432 924 588 961 quantum
616 919 711 952 nobis
737 929 772 951 ex
800 920 865 952 alto
891 929 965 952 con-

219 969 359 1010 ceditur,
386 971 575 1014 prospicere
602 972 803 1006 studeamus.

264 1023 278 1066 §
304 1023 335 1057 t.
364 1024 439 1056 Cum
477 1024 609 1068 itaque,
648 1026 730 1058 sicut
766 1026 961 1069 accepimus,

220 1078 398 1111 nonnullae
434 1079 707 1121 congregationes
742 1080 871 1113 Ordinis
905 1081 964 1112 sra-

222 1136 305 1164 trum
331 1131 616 1172 praedicatorum,
643 1143 723 1176 quas
750 1133 964 1167 Observantes

219 1185 396 1228 appellant,
417 1190 479 1218 tarn
505 1186 583 1218 citra
610 1197 704 1229 quam
729 1187 810 1220 ultra
836 1192 963 1221 montes

219 1238 400 1281 apostoliea
439 1239 631 1272 auctoritate
670 1240 837 1272 institutae
870 1251 964 1284 repe-

220 1291 353 1331 riantur,
373 1302 508 1334 quarum
527 1293 654 1336 aliquae
673 1293 888 1327 sufficientem
908 1305 964 1326 nu—

219 1355 343 1378 merum
371 1351 585 1378 conventuum
608 1357 642 1379 ac
662 1347 890 1389 religiosorum
908 1348 964 1381 ha-

219 1398 306 1437 bent,
334 1404 378 1436 ut,
405 1398 492 1431 iuxta
518 1410 640 1432 morem
668 1411 800 1433 usumve
828 1401 963 1434 antchac

219 1452 252 1485 in
279 1452 365 1486 dicto
390 1453 509 1486 Ordine
536 1459 706 1493 servatum,
728 1454 758 1486 iu
784 1455 964 1497 provincias

220 1506 363 1539 eiusdem
383 1506 511 1540 Orditiis
530 1507 608 1550 erigi
629 1508 770 1551 possint;
796 1519 915 1549 verum,
935 1509 961 1541 si

219 1559 250 1592 in
289 1560 472 1603 provincias
510 1561 695 1594 huiusmodi
736 1561 961 1604 erigerentur,

220 1612 356 1645 sormam
384 1614 533 1656 gubernii
561 1614 704 1657 ipsarum
735 1615 963 1658 congregatio-

218 1677 295 1699 num
322 1677 387 1699 non
414 1666 482 1699 sine
509 1667 668 1710 regularis
704 1668 894 1711 discipliuae
931 1669 962 1701 in

195 1720 263 1752 .eis
289 1720 427 1763 vigentis
453 1721 647 1754 detrimento
674 1721 833 1754 immutari
868 1732 963 1765 opor-

219 1778 320 1814 tet·ct·‚
343 1774 500 1818 adeoque,
520 1774 614 1807 sicuti
643 1775 743 1807 felicis
765 1775 963 1808 recordatio—

218 1827 267 1860 nis
293 1827 500 1860 lnnocentius
526 1828 610 1871 Papa
638 1828 689 1860 ΧΗ
726 1829 962 1871 praedeeessor

218 1885 330 1914 noster
355 1891 414 1923 per
431 1881 585 1924 quasdam
605 1892 677 1914 suas
697 1881 725 1913 iu
745 1881 841 1914 simili
860 1881 961 1914 forma

217 1933 328 1969 Brevis
366 1934 418 1967 die
443 1945 493 1967 xrv
520 1934 596 1966 iunii
630 1944 758 1968 itoexcv
795 1935 962 1979 expeditas

217 1987 344 2020 litteras
367 1987 488 2027 statuit,
507 1988 593 2031 quod
613 1987 719 2020 vicarii
740 1999 799 2031 pro
818 1994 962 2032 tempore

218 2040 395 2074 existentes
435 2042 573 2074 duarum
609 2052 644 2074 ex
678 2041 860 2075 istiusmodi
887 2053 963 2076 con-

218 2095 486 2138 gregationibus,
519 2095 549 2127 S.
578 2095 715 2128 Sabinae
752 2102 783 2128 ct
808 2095 838 2128 S.
868 2096 961 2129 Marci

217 2148 399 2191 respective
426 2155 697 2192 nimcupatarum,
724 2149 761 2181 ab
782 2149 851 2192 ipso
871 2150 962 2182 luno-

217 2201 323 2234 centio
339 2202 590 2244 praedecessore
604 2208 795 2241 erectarum,
813 2204 961 2236 earudcrn

219 2265 352 2298 prorsus
380 2255 638 2288 iurisdictionem
672 2262 700 2288 ct
737 2256 961 2289 :un-toritatem

219 2309 377 2341 baberent
403 2308 432 2341 in
461 2314 641 2341 conventus
676 2314 707 2342 et
742 2310 858 2342 fratres
885 2320 960 2341 suae

217 2362 490 2404 congregationis,
519 2373 624 2405 (putul,
654 2363 737 2395 iuxta
764 2363 960 2405 apostolicas

219 2414 390 2448 etOrdinis
407 2416 541 2458 praefati
558 2415 822 2454 constitutiones,
836 2416 961 2458 priores

218 2467 434 2510 provinciales
461 2468 583 2501 babent
609 2469 639 2501 in
667 2468 732 2500 suis
765 2469 959 2511 provinciis,

218 2520 260 2553 ita
289 2521 386 2563 louge
413 2521 631 2564 opportunius
658 2521 883 2564 salubriusque
918 2523 961 2555 so-

217 2579 268 2607 ret
300 2575 478 2608 decernere
506 2580 539 2606 ut
565 2575 595 2606 in
623 2582 809 2618 posterum,
836 2576 961 2620 absque

217 2628 445 2661 immutatione
472 2633 572 2661 status
599 2629 859 2672 supradictarum
889 2640 961 2662 con-

216 2681 453 2726 gregationum,
480 2681 588 2716 vicarii
615 2692 742 2723 earum,
768 2693 851 2726 qnae
878 2692 962 2716 com-

1008 337 1172 374 petentem
1199 344 1368 367 numerum
1390 339 1607 368 conventuum
1636 338 1666 367 et
1688 334 1749 366 sra-

1010 390 1090 418 trum
1129 386 1326 428 habuerint,
1354 399 1425 420 cum
1453 388 1580 421 duobus
1605 387 1674 420 aliis
1701 397 1749 420 re-

1008 438 1141 480 ligiosis,
1169 439 1339 474 definitore
1366 441 1490 474 scilicet
1522 446 1554 474 et
1577 440 1665 474 socio
1691 452 1748 474 seu

1009 493 1159 532 electore,
1187 494 1336 537 capitulis
1362 495 1572 537 generalibus
1604 495 1749 528 eiusdem

1008 545 1136 578 Ordinis
1163 546 1319 579 interesse
1338 549 1475 584 valeant,
1493 548 1531 580 ad
1552 547 1650 580 instar
1670 547 1751 590 prio-

1010 608 1079 631 rum
1106 599 1351 641 provincialium
1375 600 1450 632 dicti
1471 600 1608 640 Ordinis,
1628 607 1659 632 et
1678 610 1751 643 per-

1009 651 1084 684 inde
1109 661 1145 683 ac
1171 652 1195 683 si
1223 652 1385 695 praefatae
1416 654 1688 695 congregationes
1718 653 1749 686 in

1009 705 1189 747 provincias
1226 711 1352 738 erectae
1390 713 1518 747 essent;
1555 717 1626 739 cum
1666 707 1750 740 enim

1009 757 1097 801 ipsae
1123 759 1396 801 congregationes
1424 765 1455 792 et
1481 760 1666 802 provinciae
1687 760 1752 794 uni-

1010 822 1082 844 eum
1110 822 1226 855 corpus
1252 817 1283 845 et
1307 812 1458 845 Ordinem
1486 813 1695 851 constituant,
1722 818 1754 846 et

1009 865 1048 897 ab
1075 875 1140 898 uno
1171 865 1350 909 eodemque
1388 866 1494 909 capite
1532 872 1562 898 et
1597 866 1752 908 magistro

1010 919 1154 962 generali
1193 925 1372 962 regantur,
1407 930 1585 963 congruum
1621 920 1753 954 omnino

1010 972 1154 1013 videtur,
1183 973 1291 1016 quod,
1318 974 1591 1016 quemadmodum
1629 974 1753 1017 priores

1010 1025 1226 1069 provinciales
1264 1026 1417 1060 electioni
1448 1027 1752 1070 superiorisrgene-

1010 1079 1084 1112 ralis
1112 1080 1276 1119 assistunt,
1297 1080 1342 1112 sie
1368 1091 1496 1123 quoque
1516 1081 1554 1113 ad
1574 1081 1662 1114 illam
1681 1092 1753 1114 con·

1009 1138 1142 1165 currant
1179 1138 1210 1166 ct
1247 1133 1458 1166 admittantur
1482 1133 1591 1166 vicarii
1618 1145 1754 1177 congre-

1009 1187 1177 1229 gationum
1194 1187 1451 1230 praedictat-aim
1467 1187 1658 1231 praesertim
1678 1188 1754 1232 quia

1009 1240 1086 1273 istae
1113 1242 1224 1283 magis,
1251 1252 1345 1284 quam
1373 1242 1560 1284 provinciae
1580 1243 1752 1285 praefatae,

1009 1295 1152 1337 pendent
1177 1295 1216 1327 ab
1241 1296 1311 1338 ipso
1338 1296 1491 1338 magistro
1517 1296 1680 1338 generali,
1706 1298 1754 1328 utss

1008 1353 1083 1390 pote
1110 1358 1126 1379 a
1152 1358 1216 1391 quo
1242 1348 1349 1381 vicarii
1376 1349 1560 1382 immediate
1597 1349 1755 1393 deputan—
1800 1359 1805 1363 ’

1011 1405 1079 1440 tur,
1108 1400 1234 1443 priores
1260 1413 1334 1434 vero
1361 1401 1577 1445 provinciales
1613 1413 1629 1435 a
1666 1402 1754 1446 prio-

1009 1454 1096 1487 ribus
1134 1460 1351 1488 conventuum
1390 1456 1645 1500 uniuscuiusque
1679 1466 1754 1499 pro-

1007 1507 1131 1540 vinciae
1157 1508 1343 1550 eliguntur,
1373 1514 1437 1541 tum
1476 1509 1571 1542 etiam
1611 1509 1684 1553 quia
1721 1510 1752 1542 in

1008 1561 1100 1593 dictis
1126 1561 1276 1604 capitulis
1302 1563 1508 1604 generalibus
1544 1573 1609 1596 non
1645 1563 1752 1596 minus

1008 1619 1126 1647 statuta
1165 1616 1356 1657 generalia,
1382 1616 1570 1649 universum
1596 1616 1754 1650 Ordinem

1008 1669 1260 1708 concernentia,
1287 1679 1381 1712 quam
1415 1669 1632 1713 particulares
1665 1670 1753 1703 ordi-

1007 1721 1156 1754 nationes
1184 1732 1241 1764 pro
1268 1722 1405 1764 singulis
1433 1723 1609 1766 provinciis
1628 1728 1753 1757 etcon·

1008 1774 1252 1817 gregationibus
1290 1776 1434 1808 eiusdem
1470 1776 1599 1809 Ordinis
1633 1776 1753 1819 passim-

1007 1828 1103 1860 condi
1129 1830 1255 1867 solent;
1283 1829 1380 1869 uude,
1401 1829 1424 1861 si
1446 1829 1607 1872 prioribus
1625 1830 1753 1873 provin-

1008 1881 1143 1914 cialibus
1169 1881 1246 1914 licet
1271 1892 1400 1914 suarum
1427 1883 1667 1925 provinciarum
1703 1894 1751 1916 ra-

1008 1934 1112 1967 tiones
1138 1934 1168 1966 in
1197 1935 1260 1967 illis
1280 1946 1455 1978 exponere,
1476 1936 1602 1968 vicariis
1621 1946 1751 1979 quoque

1007 1987 1160 2030 praefatis
1180 1987 1435 2030 permittendum
1453 1989 1537 2021 venit
1564 1994 1598 2021 ut
1622 1999 1752 2022 suarum

1007 2041 1297 2083 congregationum
1335 2041 1546 2074 necessitates
1583 2042 1659 2075 illue
1697 2042 1753 2075 de-

1008 2095 1089 2127 ferre
1118 2095 1259 2135 valeant·,
1287 2095 1383 2137 idque
1404 2095 1553 2138 apprime
1573 2095 1753 2138 respondet·

1008 2148 1106 2181 menti
1156 2149 1425 2181 constitutionum
1470 2149 1545 2181 dicti
1590 2150 1720 2182 Ordinis
1741 2177 1749 2190 ,

1008 2201 1128 2244 quippe
1177 2202 1351 2244 perfectam
1400 2201 1555 2235 unionem
1605 2203 1750 2235 omnium

1007 2255 1228 2287 memlwortu‘u
1263 2255 1323 2286 sub
1357 2266 1420 2287 uno
1450 2256 1555 2299 capite
1583 2256 1747 2299 praescri-

1006 2309 1163 2349 bentium,
1189 2319 1225 2341 ac
1251 2308 1390 2341 vicissim
1418 2320 1657 2353 quamcumque
1676 2309 1750 2342 divi·

1007 2363 1107 2395 siouis
1134 2362 1275 2406 speciem
1301 2362 1447 2395 districte
1477 2363 1747 2405 proliilieutiuui;

1006 2415 1269 2459 ‹piamloquidem
1296 2416 1333 2448 ad
1362 2416 1675 2457 constabiliendum,
1702 2428 1750 2449 ar-

1006 2469 1152 2512 ctiusque
1172 2469 1391 2511 colligandum
1412 2470 1474 2501 boe
1491 2470 1663 2512 religiosae
1679 2481 1750 2504 cou-

1006 2522 1158 2562 cordiac‚
1187 2527 1383 2564 nuituaeque
1409 2522 1539 2555 unionis
1578 2528 1608 2555 et
1645 2524 1753 2557 ebari—

1007 2575 1077 2607 tatis
1104 2575 1289 2615 vinculum,
1318 2576 1479 2619 praelatos
1506 2577 1748 2619 provinciarum

1005 2634 1035 2661 et
1055 2629 1342 2671 congregationum
1365 2632 1426 2662 una
1445 2630 1621 2663 convenire
1641 2631 1745 2672 decet,

1004 2681 1057 2714 ubi
1085 2682 1182 2715 totius
1198 2681 1326 2715 Ordinis
1345 2683 1476 2726 negotia
1495 2689 1746 2727 pertractantur;

1647 275 1711 309 519
1758 284 1807 311 An.
1830 284 1857 312 c.
1880 283 1946 313 1733
