2182 3137
320 201 382 229 1731
431 192 495 227 30⁶2

393 251 534 294 operarii
563 251 600 283 ad
628 251 779 284 exercitia
805 250 984 294 spiritualia
1021 250 1132 283 decem

394 304 517 337 dierum
539 310 571 336 ut
590 304 757 337 minimum
784 303 888 347 spatio
914 305 1014 337 semel
1041 307 1132 346 quot-

393 357 495 397 annis,
523 363 554 391 et
579 358 672 390 unius
698 358 760 390 (lici
787 357 925 400 singulis
957 357 1131 395 mensibus,

394 420 466 443 sese
493 411 661 453 recipiant.

436 474 549 496 xxxvii.
564 463 752 506 spiritualia
767 462 861 496 ctiam
877 463 989 496 decem
1006 463 1131 495 dierum

393 516 548 550 exercitia
574 516 797 556 seminaristis‚
816 518 854 549 de
882 517 999 560 quibus
1025 526 1133 558 supra,

394 569 536 613 operarii
572 569 737 602 annuatim
772 569 1009 609 ministrabunt,
1047 574 1134 611 post-

394 634 490 666 quam
522 623 540 655 ii
567 623 776 656 seminarium
804 623 938 665 ingressi
974 627 1077 662 erunt,
1105 627 1135 653 ct

394 676 545 709 similiter
570 677 761 709 ordinandis
792 682 864 709 ante
897 677 1024 718 singula
1048 675 1134 708 ordi-

394 739 471 762 num
497 730 681 762 collationis
708 735 852 772 tempora
871 729 925 771 (in
944 729 1062 772 quibus
1080 728 1133 770 qui

395 784 434 816 ad
460 783 599 816 maiores
628 784 760 816 ordines
792 782 976 815 assumendi
1003 787 1078 814 sunt
1103 781 1133 814 in

396 836 609 869 caeremoniis
624 836 719 869 etiam
735 835 826 868 horis
846 835 1026 868 commodis
1045 845 1134 868 exer-

396 889 618 932 citahuntur),
641 889 782 931 itemque
809 888 1045 927 sacerdotibus,
1071 893 1133 920 tam

395 942 464 976 sine
490 944 564 975 cura
593 953 688 985 quam
719 953 790 974 cum
823 944 898 974 cura
932 942 1133 982 animarum,

396 1002 545 1039 tempore
564 1007 579 1027 a
598 995 729 1028 domino
748 995 901 1038 episcopo
924 996 1134 1037 assignando,

396 1059 525 1081 necnon
549 1049 586 1081 iis
612 1048 858 1088 ecclesiasticis,
881 1059 961 1092 quos
987 1048 1135 1081 dominus

397 1102 571 1145 episcopus
590 1113 648 1145 per
666 1101 880 1144 particulares
906 1101 1062 1144 epistolas
1088 1112 1136 1134 re-

396 1155 511 1195 mittet,
537 1155 616 1188 itaut
637 1165 750 1188 omncs
768 1155 928 1187 dioecesis
949 1155 1135 1188 sacerdotes

397 1208 542 1251 quolibet
561 1208 701 1241 triennio
727 1210 827 1242 semel
845 1209 958 1241 saltem
985 1208 1137 1251 spiritua-

396 1263 479 1295 libus
505 1262 652 1296 intersint
677 1262 847 1303 exercitiis,
866 1268 960 1305 prout
985 1262 1137 1295 dominus

397 1316 568 1359 episcopus
595 1316 804 1359 disposuerit,
825 1317 912 1349 iuxta
932 1316 1080 1349 ordinem
1106 1322 1137 1349 et

397 1369 663 1403 distributionem
691 1371 729 1402 ab
756 1381 793 1403 co
819 1370 1008 1411 faciendam,
1028 1381 1135 1404 eorum

396 1423 450 1466 qui
475 1433 558 1456 anno
591 1423 736 1466 quolibet
767 1423 935 1457 exercitari
971 1424 1135 1457 debeant:

199 202 248 228 Αῐι.
267 202 295 229 C.

224 474 274 494 nom
290 480 302 494 a
318 474 380 494 scm}-

197 505 291 522 nai-istis.

396 1487 431 1508 ac
457 1476 585 1509 demum
612 1476 746 1509 cuilibet
775 1476 1007 1520 cuiuscumque
1038 1469 1152 1510 statns'

395 1540 556 1574 personae
586 1530 847 1564 extraordinaria
871 1531 1020 1574 poscenti
1048 1542 1137 1564 exer-

396 1584 471 1617 citia
497 1584 593 1617 etiam
612 1594 673 1628 pro
702 1584 949 1627 opportunitate
976 1583 1137 1617 ministra-

395 1638 527 1678 buntur,
554 1642 584 1671 ct
608 1648 719 1670 omnes
745 1638 945 1670 instruentur
963 1643 995 1670 ut
1020 1638 1085 1671 suis
1105 1638 1136 1671 in

396 1691 547 1724 domibus
575 1690 712 1733 singulis
738 1690 903 1723 mensibus
929 1701 1024 1723 unam
1051 1691 1134 1724 diem

398 1745 521 1778 eisdem
548 1744 698 1777 dedicent
723 1744 898 1777 exercitiis.

439 1808 547 1831 xxxm.
561 1797 594 1830 ln
610 1797 764 1841 praefatis
779 1798 941 1830 exercitiis
957 1797 1138 1830 ministran-

397 1852 445 1884 dis
472 1852 517 1884 illi
544 1862 579 1884 ex
602 1850 759 1894 operariis
786 1851 1061 1891 exercitatmntur,
1081 1851 1136 1894 qui

396 1906 434 1938 ad
471 1905 502 1937 id
540 1903 728 1948 specialiter
760 1916 777 1937 a
814 1905 945 1938 domino
978 1905 1136 1948 episcopo

397 1958 543 2002 deputati
571 1958 686 1991 suerint
720 1968 756 1990 ex
783 1957 822 1991 iis
856 1957 909 2001 qui
936 1968 953 1990 a
988 1958 1137 2001 praeside

398 2018 559 2055 tamquam
593 2011 735 2054 aptiores
770 2010 798 2044 ei
832 2016 1072 2055 proponentur.
1100 2011 1137 2044 Ili

397 2065 577 2098 octodecim
596 2064 763 2097 habebunt
777 2064 952 2098 conciones
968 2075 1027 2108 per
1041 2075 1138 2097 unam

398 2119 526 2159 horam,
560 2118 652 2151 binas
684 2117 820 2161 singulis
853 2118 975 2158 diebus,
1001 2129 1137 2161 quarum

399 2177 482 2212 octo,
507 2171 581 2215 quia
607 2171 645 2204 ad
677 2171 927 2204 instructionem
963 2171 1139 2215 praecipue

398 2226 546 2265 tendunt,
572 2230 801 2268 nuncupantur
826 2224 1059 2265 conserendae,
1084 2225 1139 2258 sed

398 2289 514 2312 omnes
540 2278 652 2311 decem
681 2283 713 2310 et
744 2282 818 2311 octo
843 2278 883 2310 ad
909 2283 1010 2311 status
1037 2279 1139 2311 eccle-

399 2331 518 2365 siastici
533 2331 653 2371 munia,
668 2331 942 2370 reformationem,
959 2331 1140 2364 animarum

399 2395 528 2418 suarum
550 2384 774 2424 directionem,
793 2395 829 2417 ae
847 2384 914 2416 lesu
934 2384 1051 2417 Christi
1070 2384 1140 2417 imi—

401 2437 557 2473 tationem
579 2438 782 2481 spectabunt.

443 2501 547 2525 xxxtx.
563 2490 793 2534 Spiritualibus
813 2490 973 2524 exercitiis
987 2496 1139 2524 vacantes

401 2545 439 2580 ad
477 2546 662 2589 generalem
694 2550 931 2588 praeparentur
966 2545 1141 2578 consessio-

401 2609 485 2641 nem,
513 2603 543 2632 et
568 2598 699 2632 interim
724 2609 741 2632 a
765 2598 880 2633 missae
905 2598 1139 2640 celebratione,

234 1808 349 1827 (tom-inno<
365 1807 384 1827 in

201 1836 226 1856 iis
242 1835 360 1855 habendae.

273 2497 318 2528 Alia
341 2499 389 2525 piae

207 2527 379 2548 exercitationes.

975 199 1160 225 nuLLAruUM
1185 200 1344 225 ROMANUM
1917 198 1966 225 An.
1988 198 2018 224 C.

2041 197 2105 226 ¹731

1178 249 1202 281 si
1228 250 1409 282 sacerdotes
1435 248 1510 289 sint,
1530 259 1601 282 sese
1626 248 1819 289 abstineant,
1839 258 1915 281 con-

1176 302 1309 335 veniens
1332 302 1403 334 crit.
1431 301 1572 334 Orationi
1599 312 1657 345 per
1689 302 1768 335 duas
1800 302 1912 335 saltem

1179 355 1283 395 horas,
1307 356 1445 388 lectione
1472 355 1689 398 praecedente
1716 355 1768 396 (in
1795 354 1833 387 iis
1858 354 1915 386 mi-

1178 408 1263 440 nime
1282 408 1523 451 computanda),
1540 418 1674 451 quarum
1693 409 1794 440 altera
1811 417 1913 446 manc,

1178 462 1279 493 altera
1304 471 1379 493 vero
1405 471 1552 503 vespere,
1581 460 1662 493 uniti
1688 460 1856 500 assistent;
1875 461 1916 493 le-

1178 513 1278 545 ctioni
1304 513 1461 557 spirituali
1488 524 1547 557 per
1572 519 1697 557 tempus
1734 513 1813 556 ipsis
1840 512 1917 546 assi-

1179 567 1343 609 gnandum
1366 567 1533 607 vacabunt,
1554 573 1586 600 et
1610 567 1750 600 divinum
1775 566 1916 600 officium

1179 630 1214 652 ac
1239 620 1396 653 rosarium
1418 621 1451 653 B.
1479 620 1596 654 Mariae
1623 620 1760 663 Virginis
1785 631 1856 653 cum
1882 620 1919 653 li-

1180 673 1273 706 taniis
1299 674 1330 706 in
1357 674 1493 707 ecclesia
1518 674 1673 707 mediocri
1699 684 1776 706 voce
1803 673 1919 706 recita-

1179 726 1257 759 bunt
1272 738 1279 767 3
1297 727 1416 770 duplici
1436 728 1658 760 conscientiae
1677 727 1824 760 examine
1842 737 1919 770 quo-

1181 780 1256 814 tidie
1297 781 1412 814 sedulo
1453 782 1711 820 exercebuntur-3
1752 780 1917 813 silentium

1181 834 1252 866 totis
1280 834 1389 867 decem
1409 834 1524 867 diebus
1551 835 1736 875 servabunt,
1757 834 1843 867 etad
1861 834 1917 867 Dei

1179 887 1399 930 praesentiam
1437 888 1573 920 maxime
1610 888 1802 920 attendent:
1838 898 1919 920 non-

1180 940 1276 974 nullis
1301 947 1468 984 praeterea
1494 942 1607 974 diebus
1634 942 1819 975 moderatae
1840 940 1919 974 fient

1181 994 1463 1033 mortificationes,
1492 1006 1572 1038 quae
1598 996 1705 1028 omnia
1729 1006 1799 1028 cum
1826 995 1919 1028 hora-

1181 1058 1251 1080 rum
1281 1047 1509 1081 distributione
1536 1049 1597 1081 iam
1624 1054 1699 1081 sunt
1723 1048 1882 1081 ordinata.

1181 1106 1220 1135 De
1241 1107 1275 1136 iis
1297 1116 1365 1145 qnae
1377 1107 1518 1145 pertinent
1539 1107 1575 1136 ad
1592 1108 1783 1146 prosimmwn
1798 1108 1919 1136 omnium

1487 1155 1610 1185 salutem.

1224 1218 1274 1242 xL.
1307 1209 1393 1242 lesus
1419 1209 1562 1242 Christus
1595 1209 1656 1242 iter
1689 1209 1826 1242 faciebat
1860 1220 1920 1254 per
1951 1214 2113 1236 milcini-⁴0³-

1930 1241 1995 1262 stellis
2024 1242 2112 1262 audien-

1181 1263 1327 1295 eivitates
1349 1268 1380 1295 ct
1405 1264 1548 1301 castella,
1566 1263 1758 1306 praedicans
1776 1269 1807 1296 et
1824 1268 2112 1316 evass·223s„,}?g},‘gg⁴'“

1181 1317 1323 1359 gelizans
1349 1327 1484 1359 regnum
1507 1316 1574 1358 Dei,
1594 1324 1624 1350 et
1649 1317 1821 1352 duodecim
1847 1328 1918 1350 cum
2074 1311 2079 1317 ⁵

1182 1370 1250 1402 illo.
1279 1370 1363 1402 llaec
1387 1370 1524 1412 vestigia
1557 1376 1732 1414 sequentes
1765 1370 1916 1414 operarii,

1182 1424 1220 1456 de
1247 1423 1369 1456 domini
1396 1423 1539 1467 episcopi
1566 1424 1705 1464 licentia,
1725 1424 1850 1468 aliquot
1871 1434 1920 1457 sa·
2176 1464 2182 1477 1

1182 1476 1330 1509 ccrdotes
1350 1487 1385 1509 ex
1406 1477 1443 1508 iis
1469 1477 1522 1520 qui
1549 1477 1579 1509 in
1608 1476 1782 1510 seminario
1803 1477 1920 1510 suerint
2176 1487 2182 1529 ἃ

1182 1529 1308 1562 educati
1345 1530 1392 1563 vel
1430 1536 1501 1562 actu
1538 1530 1737 1570 educentur,
1762 1535 1815 1562 aut
1839 1530 1919 1563 alios
2152 1534 2182 1593 ’ἱ

1181 1588 1283 1626 aptos,
1321 1583 1345 1616 si
1384 1584 1574 1626 oportuerit,
1607 1594 1714 1616 secum
1751 1584 1920 1623 ducentes,

1182 1647 1294 1669 omnes
1333 1637 1484 1680 populos,
1524 1637 1655 1670 castella
1692 1637 1919 1680 solitariasque
1958 1642 1962 1647 “

1182 1690 1296 1723 domos
1317 1690 1474 1723 dioecesis
1492 1690 1523 1722 in
1542 1689 1751 1723 missionibus
1768 1700 1922 1733 peragra-

1181 1744 1274 1776 bunt.
1295 1742 1364 1783 Qui,
1391 1743 1495 1786 parvis
1515 1743 1545 1775 in
1569 1743 1697 1787 oppidis
1722 1743 1790 1776 bini
1816 1753 1921 1776 mane-

1181 1797 1270 1835 bunt,
1290 1796 1320 1829 in
1341 1797 1517 1829 maioribus
1535 1807 1647 1829 omnes
1666 1796 1921 1837 associabuntur,

1183 1856 1215 1883 et
1240 1861 1276 1883 cx
1304 1850 1417 1882 vicinis
1443 1849 1533 1888 locis,
1551 1850 1575 1882 si
1594 1860 1674 1892 opus
1695 1849 1798 1889 suerit,
1821 1850 1922 1894 aptio-

1183 1914 1234 1937 res
1274 1903 1498 1937 conrocabunt
1536 1903 1767 1943 confessarios,
1806 1908 1841 1935 ut
1879 1903 1922 1936 ita

1183 1967 1294 1989 omnes
1321 1956 1387 1989 sani
1410 1962 1441 1989 et
1466 1956 1585 1989 infirmi
1603 1956 1717 1989 maiori
1736 1966 1808 1989 cum
1826 1955 1922 1989 liber-

1184 2016 1247 2044 tate
1283 2015 1314 2043 et
1346 2010 1443 2042 animi
1477 2010 1594 2043 solatio
1627 2010 1813 2053 generalem
1845 2020 1922 2044 con-

1184 2063 1361 2097 sessionem
1388 2064 1520 2107 explere
1545 2064 1684 2096 valeant.
2170 2067 2175 2085 ⁹

1227 2125 1290 2151 xLi.
1329 2116 1542 2150 Christianam
1580 2116 1759 2149 doctrinam
1788 2116 1855 2150 suis
1887 2117 2115 2172 in'ihffffljffissflggg
2172 2107 2182 2154 ᾖ]

1184 2171 1234 2204 his
1263 2170 1470 2203 missionibus
1506 2170 1652 2213 quotidie
1689 2162 2035 2222 explicabunttggfflfss
2057 2173 2116 2194 rudi·

1184 2224 1256 2258 ndei
1274 2223 1434 2268 mysteria,
1454 2229 1666 2264 sacramenta,
1687 2224 1802 2257 missae
1822 2223 1921 2257 sacri-

1184 2278 1313 2318 ficium,
1341 2276 1486 2319 decalogi
1525 2281 1556 2309 et
1591 2282 1723 2310 sanctae
1755 2277 1919 2310 Ecclesiae

1183 2336 1370 2375 praecepta,
1399 2341 1435 2363 ac
1466 2331 1597 2363 modum
1629 2337 1716 2363 actus
1738 2329 1824 2371 fidei,
1851 2331 1919 2375 spei

1184 2389 1214 2417 et
1239 2383 1407 2417 charitatis
1433 2382 1608 2424 eliciendi,
1647 2383 1789 2416 dilucide
1815 2383 1919 2416 decla·

1184 2437 1326 2477 rabunt3
1360 2441 1392 2469 et
1424 2446 1461 2468 ea
1485 2436 1678 2480 praecipue,
1703 2446 1785 2479 quae
1810 2436 1850 2469 ad
1873 2446 1922 2470 sa-

1184 2491 1284 2524 lutem
1311 2495 1384 2523 sunt
1415 2489 1599 2523 necessaria
1629 2489 1825 2522 necessitate
1853 2500 1921 2523 me-

1185 2543 1240 2584 dii,
1259 2542 1424 2576 multoties
1448 2541 1590 2575 breviter
1608 2542 1788 2575 iterabant:
1812 2542 1920 2585 singu-
2174 2570 2182 2583 ‹

1183 2597 1222 2631 lis
1247 2597 1323 2630 item
1357 2595 1470 2630 diebus
1500 2595 1681 2639 apostolica
1709 2595 1920 2640 semplicitate
2175 2583 2182 2596 Δ
