2182 3137
0 0 65 64 ἓν,

9 2185 16 2209 ⁴⁴,

17 278 22 284 ,
39 250 86 281 ιιι,
100 248 132 275 e.
146 246 222 275 -1734

75 1215 223 1237 Calceamenta

41 1243 122 1264 clericis
166 1243 223 1263 tusce

41 1269 68 1291 Ab
105 1268 223 1290 Alexandro

41 1296 98 1322 Papa
116 1295 158 1317 V111
176 1302 224 1317 cun-

41 1328 108 1344 cesse.

79 2227 228 2251 inconveniens

47 2255 120 2281 videri,
132 2262 169 2277 eos
184 2258 229 2277 soto

47 2281 130 2303 indutus
162 2283 228 2310 pallio

48 2308 152 2331 lnemleru.

852 246 1012 272 =CLEMENS
1039 249 1056 272 X
1062 249 1085 273 11
1109 250 1159 274 PP-

228 295 385 339 cipiatur,
416 295 538 339 absque
564 306 602 329 eo
629 296 715 340 quod
753 296 792 329 de
829 296 971 339 epitogio

229 351 293 383 ulla
320 350 442 384 mentio
469 349 547 391 siat,
576 350 662 383 unde
699 350 731 382 in
758 351 820 382 vim
855 351 972 382 consti-

231 404 392 437 tutionum
418 404 606 437 huiusmodi
640 404 821 447 epitogium
847 404 972 446 praesa-

231 461 295 490 tum
323 457 454 491 minime
481 458 664 490 admittitur
689 468 749 490 nec
774 457 970 496 excluditur-3

229 510 299 550 sed,
320 516 491 554 postquam
510 511 595 544 dicta
614 510 829 554 Congregatio
853 510 884 542 in
905 510 972 542 eius

229 563 324 597 initio
351 564 498 597 instituta
525 565 630 597 suerat
655 564 686 597 in
713 570 797 597 statu
833 574 996 607 pauper-·

229 617 311 658 tatis,
338 617 424 651 illius
449 618 594 661 religiosi
627 618 766 661 pedibus
802 617 973 650 denudatis

230 669 454 712 incedebant,
482 677 512 704 et
539 677 685 714 tempore
712 670 874 715 hyemali,
908 675 972 702 tam

231 723 318 757 domi
337 735 433 767 quam
453 731 542 758 extra
557 735 637 763 eam,
654 723 813 757 eiusmodi
829 723 974 766 pallium,

232 786 303 809 cum
322 778 430 810 nullus
449 777 530 810 ordo
549 777 617 809 sive
637 782 791 809 statutum
815 779 850 809 ea
878 786 975 819 super

232 839 266 862 re
294 830 501 869 emanaverit,
521 830 561 863 ob
581 830 683 862 solam
702 830 974 863 consuetudinem

231 881 263 914 in
288 882 397 915 ltaliae
416 882 591 926 provinciis
609 882 825 916 introductam
845 888 975 925 gestare

232 941 480 974 consueverunt,
507 936 583 969 dum
611 935 642 968 in
668 936 740 969 aliis
766 937 999 969 ultramonta-¹

233 989 282 1021 nis
308 990 377 1023 sola
402 995 489 1022 veste
515 989 601 1023 domi
631 996 692 1022 tam
718 990 842 1023 aestivo
880 1001 976 1034 quam

232 1043 373 1087 hyemali
401 1048 547 1087 tempore
573 1049 716 1084 utuntur,
736 1054 773 1076 ae
799 1055 871 1077 eum
899 1044 977 1076 sub-

233 1096 399 1129 habitibus
424 1098 509 1140 pelle
534 1097 682 1137 substiti,
710 1103 742 1130 et
767 1097 977 1141 hypocaustis

233 1160 250 1183 a
276 1150 397 1193 frigore
423 1151 515 1184 valde
542 1152 712 1184 commode
739 1162 771 1184 se
799 1156 944 1184 tuentur.

279 1205 293 1248 ἓ
319 1204 349 1237 2.
371 1204 482 1245 Porro,
498 1210 670 1248 postquam
697 1205 769 1248 piae
797 1206 977 1239 memoriae

235 1258 419 1291 Alexander
437 1258 493 1291 Pr.
512 1258 576 1291 Vlll
601 1258 724 1302 pariter
746 1259 979 1303 praedecessor

234 1317 346 1345 noster
370 1323 430 1355 per
455 1322 529 1345 suas
556 1312 680 1345 litteras
707 1313 852 1355 desuper
881 1312 911 1345 in
939 1312 980 1345 si-

234 1365 303 1399 mili
321 1365 425 1399 sorma
442 1365 552 1399 Brevis
572 1365 622 1398 die
641 1376 678 1399 xx
696 1366 850 1399 februarii
872 1376 978 1400 1⁸11]ch

235 1419 403 1463 expeditas
425 1424 595 1460 statuerat,
611 1424 645 1452 ut
664 1419 810 1463 religiosi
830 1420 978 1453 eiusdem

234 1472 522 1516 Congregationis,
548 1484 585 1506 ex
612 1473 715 1506 causis
741 1473 772 1506 in
806 1474 980 1517 praedictis

234 1525 353 1559 litteris
390 1526 560 1567 adductis,
595 1527 726 1560 calceati
766 1527 977 1567 incederent,

233 1580 385 1613 nonnulli
411 1591 446 1613 ex
475 1580 538 1613 illis
565 1591 656 1613 usum
683 1581 854 1613 memorati
882 1581 980 1624 epito-

235 1633 301 1677 gii,
328 1634 604 1677 quemadmodum
630 1634 684 1667 alii
711 1634 904 1667 clericorum
930 1644 980 1666 re-

234 1687 396 1730 gularium
434 1686 574 1721 Ordines
610 1692 754 1727 utuntur,
780 1698 978 1731 promovere

235 1740 448 1783 cogitarunt·‚
475 1746 506 1774 et
531 1741 569 1774 de
597 1741 680 1774 sacto
707 1741 805 1784 aliqui
833 1752 869 1774 ex
897 1741 981 1774 eius·

236 1794 308 1827 dem
334 1793 444 1827 Italiae
471 1794 648 1838 provinciis
675 1795 705 1827 in
733 1795 864 1828 illorum
894 1795 981 1838 capi-

237 1847 333 1887 tulis,
361 1848 448 1882 inter
472 1848 552 1881 alias
577 1848 754 1891 petitiones
781 1849 811 1881 in
838 1848 980 1892 capitulo

236 1901 380 1944 generali
420 1901 606 1940 faciendas,
642 1902 740 1934 etiam
781 1902 979 1945 exposcendi

237 1954 416 1998 epitogium
452 1965 512 1997 pro
551 1956 615 1987 tota
642 1954 916 1997 Congregassone,
942 1955 980 1987 ad

237 2007 387 2041 effectum
425 2008 507 2041 illud
540 2008 712 2041 obtinendi
746 2020 819 2041 eum
849 2009 981 2041 decreto

236 2060 339 2106 ipsius
353 2062 484 2106 capituli
504 2062 675 2105 generali&
697 2063 979 2105 interposuerunt3

238 2114 337 2159 idque
364 2115 457 2149 facile
483 2116 652 2148 obtentum
679 2116 801 2155 suisset,
822 2115 848 2148 si
868 2116 898 2148 in
919 2116 982 2148 sus-

238 2169 377 2212 sragium
404 2169 644 2202 decernendum
669 2175 921 2213 proponeretur.

283 2224 298 2267 ἓ
323 2222 356 2257 3.
383 2222 544 2262 Quantum
571 2228 678 2256 autem
698 2223 930 2256 inconveniens
953 2228 984 2256 et

239 2277 433 2311 indecorum
458 2277 497 2310 sit
522 2277 609 2321 quod
632 2277 693 2320 ipsi
721 2276 864 2319 religiosi
881 2276 982 2309 Sello-

239 2331 344 2364 larum
378 2330 529 2371 Piarum,
557 2330 610 2373 qui
637 2329 738 2373 pullio
776 2330 982 2363 solummodo

240 2383 344 2417 induti
364 2384 450 2418 domi
469 2389 500 2417 et
519 2390 606 2417 extra
632 2384 720 2417 illam
739 2395 774 2416 ac
794 2394 852 2427 per
869 2394 983 2417 omnes

240 2437 387 2471 officinas
413 2438 577 2480 incedere,
597 2443 629 2470 et
648 2448 683 2470 ex
706 2437 869 2478 instituto,
897 2437 982 2481 quod

241 2497 407 2531 exercent,
422 2502 494 2524 cum
514 2491 665 2535 personis
683 2491 906 2525 saecularibus
926 2491 985 2523 sre-

241 2551 380 2590 quenter
405 2555 501 2588 agere
528 2544 677 2584 debeant,
696 2544 735 2577 ab
761 2544 830 2577 aliis
855 2544 984 2577 clericis

240 2597 446 2641 regularibus
472 2597 503 2629 in
530 2597 593 2631 hoe
628 2597 804 2630 dissimiles
843 2597 985 2631 habean-

242 2656 315 2684 tur:
344 2651 418 2684 hinc
444 2656 491 2684 est
515 2650 601 2694 quod
638 2661 720 2691 nos,
747 2650 856 2684 audita
886 2661 986 2696 super

1654 239 1719 272 565

1016 298 1202 340 praemissis
1239 298 1350 332 dilecti
1391 298 1447 332 filii
1490 297 1594 331 nostri
1631 296 1760 330 Ioannis

1018 353 1146 385 Antonii
1185 353 1216 386 S.
1244 353 1279 386 R.
1300 353 1336 386 E.
1367 353 1548 396 presbyteri
1586 351 1760 385 cardinalis

1016 405 1181 448 Cuadagni
1209 407 1395 449 nuncupati,
1423 407 1454 439 in
1481 407 1564 439 alma
1590 406 1676 439 Urbe
1704 416 1762 438 uo-

1017 461 1081 491 stra
1109 459 1216 492 vicarii
1256 460 1286 492 in
1325 460 1550 502 spiritualibus
1584 459 1760 502 generalis,

1018 517 1050 544 et
1075 512 1179 545 dictae
1206 512 1472 554 Congregationis
1510 513 1594 556 apud
1633 523 1692 545 nos
1730 517 1763 545 et

1018 565 1133 598 Sedem
1153 566 1374 608 Apostolicam
1400 567 1606 609 protectoris,
1631 566 1762 598 relatio-

1018 629 1075 656 ne,
1094 619 1125 651 in
1152 619 1267 651 iisdem
1296 619 1485 661 praemissis
1511 619 1684 662 providere
1706 629 1763 652 vo-

1020 672 1136 710 lentes,
1156 676 1242 704 motu
1263 672 1386 714 pariter
1403 672 1549 714 propri0,
1572 677 1600 704 et
1621 683 1656 704 ex
1676 673 1763 704 certa

1019 724 1154 756 scientia
1172 730 1202 756 et
1221 727 1346 757 matura
1364 724 1601 757 deliberatione
1627 725 1759 766 nostris,

1020 777 1124 820 deque
1145 777 1343 820 apostolicae
1364 778 1529 820 potestatis
1548 777 1762 821 plenitudiue,

1020 835 1054 862 ut
1076 830 1114 862 de
1142 836 1252 863 cetero
1280 841 1393 863 omnes
1426 836 1457 863 et
1489 830 1609 873 singuli
1641 841 1764 863 memo-
1801 841 1959 866 Epitnsiiwui

1022 889 1108 916 ratae
1133 883 1404 926 Congregationis
1429 882 1540 916 clerici
1575 883 1696 926 ubique
1722 868 1906 915 lo·⁰⁰¹'⁹⁰³'¹⁰¹²

1021 947 1131 970 corum
1159 936 1339 980 epitogium
1373 937 1498 977 serant,
1527 936 1570 969 ita
1598 942 1703 970 tamen
1730 942 1765 968 ut

1022 991 1053 1023 in
1073 1001 1111 1023 eo
1128 990 1284 1032 gestando
1305 991 1343 1023 ab
1363 989 1513 1023 omnibus
1535 990 1712 1023 similitudo
1732 996 1763 1023 et

1022 1045 1200 1088 aequalitas
1224 1050 1446 1085 conservetur,
1467 1050 1581 1077 tenore
1610 1055 1765 1087 praesen-

1023 1098 1100 1131 tium
1126 1098 1286 1141 perpetuo
1314 1098 1486 1131 statuimus
1506 1103 1538 1131 et
1556 1098 1759 1131 ordinamus.

1067 1152 1081 1195 g
1106 1151 1138 1184 4.
1159 1152 1393 1192 Deeernentes‚
1414 1152 1544 1185 easdem
1573 1157 1763 1195 praesentes
1803 1161 1925 1183 ‹tt-ummo.

1024 1206 1147 1239 litteras
1173 1216 1306 1249 semper
1331 1205 1457 1245 firmas,
1484 1205 1606 1238 validas
1640 1211 1671 1239 et
1696 1206 1763 1238 effi-

1023 1269 1115 1292 caces
1142 1258 1282 1291 existere
1309 1263 1340 1291 et
1365 1258 1445 1299 sore,
1463 1269 1498 1291 ac
1523 1258 1598 1298 illis,
1620 1258 1657 1291 ad
1685 1269 1765 1302 quos

1023 1318 1150 1356 spectat
1175 1317 1205 1345 et
1230 1322 1289 1355 pro
1324 1317 1467 1354 tempore
1494 1311 1675 1355 spectabit,
1701 1311 1767 1354 ple-

1024 1365 1158 1398 nissime
1184 1364 1362 1407 suffragari,
1390 1370 1421 1398 et
1446 1365 1485 1398 ab
1512 1365 1558 1397 eis
1585 1365 1766 1408 respective

1023 1418 1257 1451 inviolabiliter
1281 1418 1465 1458 observari,
1489 1418 1598 1461 sicque
1617 1418 1648 1451 in
1675 1428 1768 1461 prae—

1025 1471 1132 1504 missis
1165 1481 1222 1515 per
1248 1481 1466 1514 quoscumque
1493 1471 1616 1504 iudices
1641 1471 1768 1504 ordina-

1026 1525 1091 1558 rios
1118 1530 1148 1558 et
1177 1524 1363 1565 delegatos,
1391 1525 1486 1557 etiam
1514 1535 1685 1558 causarum
1711 1535 1766 1568 pa-

1025 1578 1094 1611 latii
1132 1578 1302 1622 apostolici
1340 1578 1529 1617 auditores,
1562 1577 1698 1611 iudicari
1736 1584 1768 1611 et

1025 1632 1154 1665 deliniri
1181 1632 1324 1672 debere,
1352 1642 1387 1664 ac
1413 1630 1540 1664 irritum
1567 1637 1598 1664 et
1622 1631 1719 1664 inane
1740 1631 1766 1664 si

1025 1696 1118 1719 secus
1144 1696 1243 1729 super
1269 1685 1318 1718 liis
1347 1696 1363 1718 a
1388 1696 1562 1729 quoquam,
1582 1685 1694 1730 quavis
1716 1697 1769 1718 au-

1025 1739 1187 1781 ctoritate,
1215 1739 1355 1772 scienter
1373 1740 1421 1772 vel
1440 1739 1639 1782 ignoranter,
1664 1739 1769 1772 conti—

1024 1793 1110 1837 gerit
1134 1793 1299 1826 attentari.

1069 1847 1083 1890 ἓ
1109 1847 1139 1880 5.
1167 1846 1236 1880 Non
1263 1847 1465 1880 obstantibus
1493 1847 1667 1891 praedictis
1688 1846 1767 1880 Gre-
1807 1855 1967 1895 ‹jagur-ariorum

1025 1901 1106 1943 gorii
1133 1906 1164 1934 et
1188 1901 1361 1933 Alexandri
1387 1901 1677 1944 praedecessorum
1715 1884 1898 1934 lit-dmm&

1027 1955 1113 1995 teris,
1136 1955 1274 1998 aliisque
1301 1955 1588 1988 constitutionibus
1613 1954 1770 1998 apostoli-

1026 2009 1080 2048 cis,
1100 2019 1227 2041 necnon
1247 2009 1351 2041 dictae
1369 2009 1653 2052 Congregationis‚
1673 2008 1770 2041 etiam

1027 2062 1222 2102 iuramento,
1243 2062 1491 2094 confirmatione
1510 2062 1702 2106 apostolica,
1719 2063 1770 2095 vel

1026 2116 1139 2159 quavis
1165 2115 1315 2148 firmitate
1341 2115 1404 2148 alia
1431 2115 1590 2149 roboratis
1607 2142 1614 2155 ,
1642 2115 1771 2148 statutis

1027 2174 1059 2201 et
1084 2168 1391 2210 consuctudinibus,
1418 2168 1598 2211 privilegiis
1624 2179 1768 2212 quoque,

1027 2221 1160 2254 indultis
1187 2227 1219 2254 ct
1245 2221 1360 2254 litteris
1378 2222 1564 2265 apostolicis
1584 2221 1616 2254 in
1643 2227 1770 2255 contra-

1028 2275 1110 2307 rium
1137 2275 1390 2318 praemissorum
1420 2275 1669 2318 quomodolibet
1694 2285 1771 2308 con·

1027 2329 1136 2368 cessis,
1164 2328 1362 2361 confirmatis
1389 2334 1420 2361 et
1446 2328 1768 2371 innovatis3quibus

1027 2381 1176 2415 omnibus
1215 2388 1246 2415 et
1281 2382 1430 2424 singulis,
1473 2381 1602 2414 illorum
1641 2387 1771 2415 tenores

1028 2435 1258 2479 praesentibus
1284 2446 1344 2479 pro
1370 2436 1467 2479 plene
1505 2440 1537 2468 et
1573 2435 1772 2468 sufficienter

1029 2490 1189 2533 expressis
1215 2500 1250 2522 ac
1287 2489 1326 2523 de
1352 2490 1451 2522 verbo
1486 2489 1525 2522 ad
1561 2490 1695 2523 verbum
1729 2489 1772 2522 in-

1029 2544 1124 2576 sertis
1148 2544 1317 2583 habentes,
1340 2543 1404 2576 illis
1430 2542 1508 2576 alias
1527 2543 1558 2576 in
1575 2554 1632 2577 suo
1651 2543 1771 2576 robore

1030 2597 1265 2640 permansuris,
1281 2596 1319 2629 ad
1339 2596 1594 2639 praemissorum
1609 2596 1770 2637 effectum,

1031 2650 1091 2685 bac
1110 2650 1177 2685 viee
1197 2651 1369 2693 dumtaxat,
1387 2649 1573 2694 specialiter
1591 2655 1621 2684 et
1640 2661 1771 2695 expres-

1767 250 1817 274 An.
1840 246 1956 275 c.1734
