2182 3137
411 211 477 243 254
957 219 1144 243 normarum
1170 219 1327 243 nomnen

176 223 227 247 An.
247 220 278 247 C.
295 220 359 247 173Ι
1900 220 1949 243 An.
1965 217 1994 244 C.
2016 217 2080 245 ¹731

204 1266 283 1286 Statuit
303 1268 325 1286 ut
341 1267 360 1286 in

178 1292 260 1312 rubrica

371 268 440 301 ciae
455 268 651 300 detrimento
669 268 822 311 antiquus
841 268 1034 310 disciplinae
1049 268 1110 299 cul-

371 326 476 352 torum
512 331 665 352 numerus
711 320 821 362 potius
862 320 1111 352 imminueretur

371 383 467 413 quain
494 378 690 413 augeretur3
718 372 836 414 quibus
854 372 952 404 etiarn
972 372 1109 412 accedit,

372 425 457 467 quod
484 431 633 457 enarrata
647 425 827 458 lnnocentii
848 425 1111 467 praedecessoris

372 477 541 519 dispositio
563 478 714 520 illiusque
740 478 889 511 executio
914 478 1016 519 magis
1035 489 1110 510 con-

372 530 483 561 formis
510 536 796 572 consentaneaque
832 531 978 564 videatur
1011 532 1109 564 menti

372 583 536 624 praefatae
555 583 824 625 Congregationis
842 585 1048 626 praepositae
1067 584 1111 616 ei-

372 635 444 666 dem
470 636 661 678 disciplinae
689 637 851 677 regulari,
876 642 987 679 utpote
1010 647 1109 679 quae,

372 688 411 720 ad
436 688 524 720 illam
542 688 793 727 instaurandam,
818 691 938 722 nullam
953 690 1108 732 aptiorem

371 740 709 783 opportunioreinque
735 742 893 774 rationem
923 753 958 773 ac
983 743 1110 774 metbo-

372 792 447 824 dmn
474 792 619 825 invenire
644 793 760 835 potuit.
791 805 887 836 quam
915 795 1108 826 destinando

372 845 499 887 aliquot
524 851 703 878 conventus
729 846 760 877 in
783 847 920 888 singulis
937 848 1109 889 provinciis

373 952 422 983 lae
459 953 583 993 puritas
620 963 656 983 ac
692 952 754 984 vita
791 953 972 984 communis
1001 959 1108 985 exacte

372 1003 593 1036 retinerentur
630 1010 661 1035 et
696 1010 926 1043 servarentur,
953 1015 989 1036 ac
1025 1006 1109 1036 unde

373 1056 516 1098 religiosi
554 1058 592 1088 ad
630 1057 709 1089 allos
734 1063 933 1096 conventus,
960 1058 1013 1089 ubi
1041 1058 1134 1089 talis*

373 1108 543 1151 disciplina
565 1119 630 1140 non
649 1109 782 1150 vigeret,
803 1109 940 1141 transire
959 1120 1021 1141 non
1041 1120 1112 1151 pos-

372 1167 458 1200 sent,
497 1162 588 1193 sicuti
627 1172 663 1194 ex
701 1162 840 1194 decretis
866 1173 925 1204 per
951 1163 1109 1194 eiusmodi

372 1213 668 1256 Congregationem
695 1215 773 1247 alias
798 1226 897 1257 super
913 1216 973 1247 liae.
992 1226 1025 1247 rc
1044 1216 1112 1247 edi-

373 1267 412 1300 tis
437 1273 596 1310 apparet:
625 1268 700 1300 binc
725 1274 774 1300 est
800 1269 885 1311 quod
913 1279 991 1306 nos,
1016 1279 1111 1310 prae-

371 1321 454 1352 satae
480 1320 750 1363 Congregationis
775 1321 805 1353 S.
834 1322 982 1358 Sabinae,
1009 1322 1110 1354 illius-

371 1384 435 1416 que
461 1380 678 1406 conventuum
705 1384 741 1405 ac
766 1375 898 1406 l'ratrurn
919 1375 1002 1406 felici
1024 1385 1111 1417 pros-

370 1436 515 1468 peroque
548 1426 641 1458 statui
670 1432 701 1458 et
726 1427 899 1469 regimini,
923 1427 1110 1469 religiosae-

372 1489 434 1521 que
461 1479 531 1522 paci
555 1485 587 1511 et
606 1480 842 1522 tranquillitati,
863 1487 1015 1523 quantum
1038 1492 1108 1512 cum

370 1531 508 1564 Domino
529 1542 708 1574 possumus,
736 1533 911 1565 salubriter
936 1533 1109 1575 providere

372 1585 551 1627 cupientes
579 1585 749 1627 dictosque
775 1585 890 1617 fratres
913 1586 1110 1628 specialibus

372 1636 540 1669 favoribus
570 1644 600 1669 et
625 1637 737 1679 gratiis
762 1638 916 1680 prosequi
944 1640 1107 1678 volentes,

372 1694 402 1720 et
428 1700 539 1721 eorum
565 1690 745 1731 singulares
771 1700 924 1732 personas
945 1701 961 1722 a
979 1691 1110 1733 quibus-

370 1741 418 1773 vis
443 1742 797 1780 excommunicationis,
827 1743 1053 1785 suspensionis
1079 1749 1111 1776 et

371 1794 549 1833 interdicti,
575 1795 710 1837 aliisque
732 1795 961 1827 ecclesiasticis
979 1801 1110 1828 senten-

371 1847 437 1886 tiis,
463 1847 611 1879 censuris
636 1853 668 1879 et
692 1848 830 1889 poenis,
857 1859 874 1880 a
899 1849 968 1881 iure
995 1851 1044 1882 vel
1070 1850 1109 1881 ab

370 1899 504 1931 homine
522 1899 632 1942 quavis
658 1900 829 1932 occasione
849 1901 897 1932 vel
916 1904 1010 1933 causa
1027 1902 1110 1939 latis,

371 1952 396 1983 si
422 1952 538 1995 quibus
563 1952 812 1994 quomodolibet
843 1953 1019 1986 innodatae
1045 1955 1111 1986 exi-

371 2011 471 2046 stunt,
497 2006 535 2038 ad
563 2005 710 2038 ell'ectum
736 2007 958 2048 praesentium
985 2008 1133 2040 dimna-¹

371 2064 424 2090 xat
450 2059 727 2101 consequendum,
755 2059 869 2090 harum
896 2060 979 2092 serie
1005 2061 1111 2093 absol-

372 2117 484 2143 ventes
502 2117 533 2143 et
553 2111 716 2143 absolutas
736 2113 803 2143 t'ore
818 2118 1001 2151 censentes,
1018 2124 1111 2155 prae-

372 2164 479 2196 missis
504 2165 642 2207 aliisque
669 2164 760 2196 iustis
798 2175 834 2196 ac
860 2165 1133 2198 rationabilibusl

372 2218 477 2250 causis
503 2218 644 2250 animum
664 2224 810 2250 nostrum
833 2218 1036 2251 moventibus
1060 2220 1112 2252 ad-

373 2271 486 2309 ducti,
523 2282 559 2303 ac
596 2277 682 2303 motu
721 2271 853 2313 proprio
892 2277 923 2302 et
955 2282 990 2303 ex
1023 2275 1111 2304 certa

372 2324 508 2356 scientia
529 2334 565 2355 ac
581 2325 705 2355 matura
723 2324 962 2356 deliberatione
981 2325 1110 2363 nostris,

374 2377 479 2420 deque
499 2377 697 2419 apostolicae
712 2376 881 2419 potestatis
894 2377 1111 2419 plenitudine,

373 2429 577 2472 supradictas
612 2429 776 2461 Benedicti
810 2429 955 2467 litteras,
981 2440 1052 2461 cum
1077 2441 1111 2462 o-

373 2481 502 2513 mnibus
527 2487 559 2513 et
582 2481 717 2522 singulis
736 2481 768 2513 in
794 2481 839 2513 eis
864 2481 1034 2521 contentis,
1053 2482 1110 2514 lia-

374 2544 444 2565 rum
470 2534 553 2565 serie
580 2544 776 2574 revocamus,
805 2534 994 2577 viribusque
1020 2541 1051 2566 et
1072 2535 1111 2567 el'-

373 2588 458 2619 fectu
483 2587 613 2630 penitus
639 2593 671 2619 et
693 2588 826 2620 omnino
841 2598 1023 2629 vacuamus3
1039 2588 1111 2621 illas

1154 278 1232 300 vero
1257 267 1440 301 Innocentii
1468 268 1770 311 praedeeessorum,
1797 278 1833 300 ac
1858 268 1891 300 in

1154 321 1199 353 eis
1224 321 1348 363 pariter
1373 327 1526 354 contenta
1543 331 1777 364 quaecumque,
1795 326 1893 363 prout

1155 374 1301 405 eamdem
1342 373 1635 415 Congregationem
1679 372 1711 405 S.
1753 373 1892 405 Sabinae

1155 431 1376 464 concernunt,
1401 426 1647 464 confirmamus,
1673 426 1892 468 approbamus

1155 490 1191 511 ac
1216 479 1417 517 innovamus,
1442 484 1537 520 atque
1563 478 1608 510 eis
1635 477 1834 510 inviolabilis
1861 483 1893 510 et

1156 531 1389 572 irrefragabilis
1415 531 1615 573 apostolicae
1641 530 1801 563 firmitatis
1818 530 1891 568 vim,

1155 584 1256 616 robur
1294 590 1325 615 et
1362 583 1535 616 efficaciam
1561 583 1789 625 adiungimus;
1816 593 1893 614 nec-

1156 647 1219 668 non
1247 636 1301 668 illa
1326 637 1364 668 ad
1391 647 1504 668 omnes
1531 642 1562 668 et
1587 636 1732 677 singulos
1753 645 1894 667 conven-

1156 695 1225 728 tus,
1263 690 1348 731 quod
1385 689 1470 721 dicta
1506 688 1597 730 regio
1622 688 1652 720 S.
1681 688 1820 720 Sabinae
1852 688 1892 720 de

1154 742 1317 784 praesenti
1344 742 1571 784 complectitur
1596 745 1626 774 et
1651 741 1784 779 obtinet,
1811 745 1843 773 et
1866 741 1891 773 si

1155 805 1236 836 quos
1263 795 1344 826 alios
1372 795 1410 826 ab
1430 795 1500 836 ipsa
1515 794 1774 836 Congregatione
1788 793 1820 826 S.
1839 792 1893 825 Sa-

1130 884 1132 892 ,
1155 848 1247 880 binae
1270 848 1301 879 in
1322 847 1466 880 futurum
1485 847 1625 879 obtineri
1641 846 1822 887 contigerit,
1841 856 1893 878 ex-

372 899 600 940 religiosorum
627 899 790 938 Ordinum,
813 900 843 932 in
871 901 989 942 quibus
1015 895 1132 942 regu-¹

1155 900 1319 932 tendimus
1341 905 1371 932 et
1392 900 1598 941 ampliamus.

1199 954 1212 995 ξ
1237 952 1269 985 3.
1296 952 1525 990 Decernentes,
1545 953 1674 984 easdem
1699 957 1891 993 praesentes

1155 1005 1302 1044 litteras,
1332 1005 1426 1036 etiam
1453 1016 1489 1037 ex
1517 1016 1555 1037 co
1581 1005 1668 1047 quod
1698 1005 1891 1048 quicumque

1155 1058 1186 1090 in
1209 1058 1392 1100 praemissis
1415 1058 1571 1090 interesse
1589 1059 1747 1091 habentes
1763 1069 1819 1091 sen
1839 1059 1892 1090 ha-

1155 1111 1231 1142 bere
1258 1111 1505 1153 quomodolibet
1527 1111 1800 1153 praetendentes,
1838 1122 1892 1143 eu-

1155 1163 1252 1195 iusvis
1277 1169 1390 1202 status,
1416 1164 1543 1204 gradus,
1568 1163 1691 1195 ordinis
1723 1169 1756 1195 et
1787 1163 1892 1205 digni-

1156 1217 1228 1248 tatis
1255 1217 1407 1254 existant,
1429 1216 1522 1248 aliive
1542 1216 1690 1258 quilibet,
1708 1217 1804 1248 etiam
1822 1227 1892 1259 spe-

1154 1268 1243 1301 cifica
1269 1275 1300 1301 et
1325 1269 1489 1301 individua
1514 1270 1680 1301 mentione
1707 1274 1738 1301 et
1763 1279 1892 1312 expres-

1154 1322 1245 1354 sione
1271 1323 1370 1364 digni,
1397 1322 1460 1354 illis
1485 1333 1549 1354 non
1577 1323 1811 1361 consenserint,
1831 1333 1892 1354 nec

1154 1376 1192 1407 ad
1230 1385 1266 1407 ea
1303 1375 1427 1413 vocati,
1465 1375 1552 1407 citati
1581 1381 1613 1406 et
1637 1375 1759 1414 auditi,
1784 1385 1891 1418 neque

1154 1438 1290 1466 causae,
1325 1432 1461 1470 propter
1487 1438 1564 1469 quas
1589 1427 1678 1468 ipsae
1703 1433 1891 1470 praesentes

1155 1481 1346 1518 emanarint,
1374 1480 1570 1513 sufficienter
1595 1481 1760 1520 adductae,
1786 1482 1892 1514 verifi—

1153 1538 1243 1565 catae
1270 1539 1301 1565 et
1327 1533 1517 1566 iustificatae
1542 1533 1673 1572 suerint,
1701 1539 1757 1565 aut
1774 1544 1810 1566 ex
1829 1534 1891 1567 alia

1154 1586 1356 1628 quantumvis
1382 1586 1535 1627 legitima,
1562 1586 1699 1619 iuridica
1738 1592 1770 1619 et
1793 1588 1891 1629 privi-

1153 1639 1270 1680 legiata
1297 1642 1400 1676 eausa,
1428 1640 1551 1678 colere,
1579 1645 1745 1681 praetextu
1783 1646 1816 1673 et
1840 1651 1892 1672 ca-

1153 1691 1242 1733 pite,
1270 1692 1364 1724 etiam
1402 1693 1432 1724 in
1470 1703 1608 1735 corpore
1642 1693 1721 1724 iuris
1754 1695 1889 1733 clauso,

1153 1746 1243 1777 nullo
1267 1755 1407 1787 unquam
1435 1750 1580 1787 tempore
1605 1746 1644 1777 de
1669 1746 1890 1788 subreptionis

1153 1798 1201 1830 vel
1228 1797 1430 1840 obreptionis
1455 1803 1510 1829 aut
1534 1798 1691 1830 nullitatis
1716 1799 1809 1839 vitio,
1835 1810 1890 1832 seu

1154 1850 1346 1882 intentionis
1365 1856 1495 1882 nostrae
1514 1857 1567 1882 aut
1588 1853 1746 1884 interesse
1768 1853 1892 1885 hahen-

1155 1903 1230 1935 tium
1264 1904 1446 1935 consensus
1478 1904 1582 1935 aliove
1616 1904 1762 1946 quolibet
1795 1905 1890 1938 etiam

1154 1955 1358 1999 quantumvis
1389 1966 1506 1997 magno
1543 1962 1574 1988 et
1607 1957 1809 1990 substantiali
1846 1958 1894 1990 in-

1155 2009 1380 2051 dividuamque
1421 2009 1666 2051 expressionem
1705 2010 1892 2052 requirente

1131 2089 1133 2092 .
1155 2061 1281 2093 del'eetu
1306 2060 1426 2099 notari,
1451 2061 1646 2103 impugnari,
1673 2062 1816 2104 infringi,
1841 2074 1893 2096 re-

1155 2115 1305 2151 tractari,
1332 2115 1363 2146 in
1401 2115 1656 2147 controversiam
1693 2115 1825 2155 vocari,
1852 2117 1892 2149 ad

1153 2168 1235 2199 viam
1261 2177 1318 2199 seu
1347 2166 1500 2199 terminos
1525 2166 1603 2199 iuris
1622 2169 1670 2199 vel
1689 2168 1893 2201 constitutio-

1154 2231 1230 2253 num
1257 2220 1332 2253 dieti
1357 2219 1486 2252 Ordinis
1511 2220 1632 2256 reduci,
1659 2227 1714 2253 aut
1739 2221 1892 2254 adversus

1154 2275 1226 2306 illas
1249 2272 1438 2315 aperitionis
1457 2273 1533 2311 oris,
1555 2273 1773 2306 restitutionis
1791 2275 1824 2306 in
1843 2275 1894 2307 in-

1155 2333 1291 2368 tegrum,
1310 2326 1436 2357 aliudve
1454 2326 1680 2368 quodcumque
1699 2326 1786 2366 iuris,
1807 2328 1893 2368 sacti,

1154 2381 1203 2412 vel
1230 2378 1352 2421 gratiae
1378 2378 1555 2410 remedium
1581 2379 1733 2412 intentari
1758 2381 1808 2413 vel
1833 2380 1893 2413 im-

1155 2431 1283 2474 petrari,
1312 2436 1364 2462 aut
1390 2430 1573 2472 impetrato,
1599 2442 1655 2463 seu
1674 2432 1769 2464 etiam
1787 2439 1892 2473 motu,

1155 2483 1288 2515 seientia
1324 2488 1356 2515 et
1381 2483 1551 2525 potestatis
1577 2484 1782 2526 plenitudine
1807 2485 1894 2527 pari-

1154 2536 1213 2568 bus
1244 2545 1398 2568 concesso
1422 2537 1471 2569 vel
1497 2542 1645 2569 emanato
1664 2563 1672 2577 ‚
1706 2538 1890 2580 quempiam

1155 2589 1186 2621 in
1212 2588 1333 2621 iudicio
1359 2589 1406 2621 vel
1445 2594 1534 2621 extra
1569 2589 1648 2621 illud
1682 2589 1726 2621 uti
1763 2599 1818 2622 seu
1856 2600 1893 2622 se

1941 958 2087 977 t’raeaeentium

1904 983 2016 1005 vatidauo.
