2182 3137
85 219 137 244 An.
158 219 187 244 C.
205 217 272 244 1732

79 2301 107 2321 De
119 2299 197 2320 edictis
207 2305 245 2326 pro

62 2327 138 2353 legans
155 2328 245 2351 nomine,

62 2359 89 2374 ac
129 2354 244 2373 Sternunt„

60 2380 179 2405 legatorum
209 2381 244 2401 im-

61 2407 184 2433 primondis.

891 217 1031 241 CLEMENS
1054 218 1099 242 ΧΠ
1124 220 1172 242 ΡΡ.

280 265 346 297 riae
371 265 543 304 Romanae,
570 275 607 297 ac
632 264 762 297 ditionis
783 264 1018 298 ecclesiasticae

279 318 436 351 officiales
449 325 480 350 et
496 318 676 356 ministros,
691 318 922 360 cuiuscumque
941 329 1015 360 qua-

279 372 401 411 litatis,
429 371 546 412 gradus
563 398 570 410 ‚
595 372 717 404 ordinis
753 377 784 404 et
819 371 1018 404 conditionis

279 424 409 463 fuerint,
437 425 510 457 illos
535 435 650 457 omnes
668 425 700 456 in
721 425 864 457 secunda
881 434 1017 466 congre-

277 477 409 519 gatione
444 477 566 519 pariter
603 477 748 519 generali
765 504 772 517 ,
799 477 914 509 eodem
940 487 1016 509 con-

278 535 374 569 textu,
401 541 438 562 ac
463 530 559 562 unico
583 541 684 562 urnae
709 531 774 562 sive
800 530 963 567 bussulae,
982 535 1016 561 ut

276 589 406 623 vocant,
432 593 511 626 gyro
527 611 534 623 ,
562 583 649 616 iuxta
675 594 795 616 morem
821 584 988 625 antiquum
1005 610 1012 623 ,

276 637 371 669 simul
390 643 419 669 et
437 637 538 669 semel
564 636 747 669 confirmari
774 636 1014 679 permittimus;

275 691 355 723 alias
380 701 440 733 pro
473 690 671 722 confirmatis
709 689 824 721 haberi
850 691 1010 722 volumus.

274 745 305 776 Si
327 749 434 776 tamen
460 743 578 786 aliquis
604 752 643 775 ex
661 742 754 774 dictis
772 743 964 775 officialibus
984 749 1014 775 et

273 797 429 829 ministris
454 797 536 829 adeo
561 796 701 837 graviter
734 796 766 827 in
792 806 928 828 munere
954 807 1012 829 suo

273 849 449 893 deliquisse
475 855 531 881 aut
555 849 723 887 defecisse,
752 860 807 881 seu
834 851 917 882 male
944 861 1013 882 ver-

272 908 360 936 satus
387 903 485 935 fnisse
507 903 667 942 credatur,
687 909 721 934 nt
740 904 835 946 plane
859 904 1010 945 indignus

271 961 451 999 reputetur,
478 955 533 998 qui
559 956 591 987 in
618 957 762 987 muneris
787 956 835 987 sni
855 957 1010 989 exercitio

270 1011 486 1053 relinquatur,
512 1009 683 1042 statuimus
709 1010 795 1052 qnod
825 1011 1009 1043 cardinales

270 1065 303 1096 in
329 1065 444 1097 ordine
469 1063 596 1106 priores
621 1074 688 1095 rem
716 1069 839 1102 totam,
867 1075 903 1096 ac
937 1076 1010 1106 pro-

269 1118 418 1150 bationes
441 1127 523 1160 qnae
542 1117 695 1149 adversus
724 1117 820 1149 talem
840 1117 1008 1151 officialem

269 1181 324 1204 seu
351 1171 531 1203 ministrum
559 1176 756 1212 suppetunt,
789 1170 940 1204 distincte
974 1183 1008 1204 ac

269 1225 384 1257 ordine
418 1230 582 1266 exponant
608 1224 639 1256 in
665 1226 727 1255 nna
753 1225 1007 1266 congregatione

268 1277 429 1320 generali,
456 1278 575 1310 adhoc
611 1283 646 1309 ut
681 1278 799 1319 singuli
825 1279 1006 1311 cardinales

267 1342 377 1363 earum
403 1330 646 1363 subsistentiam
673 1336 769 1373 atque
796 1332 1004 1364 relevantiam

267 1395 502 1427 recognoscere
527 1385 677 1427 possint:
705 1396 741 1416 ac
767 1390 838 1427 post
865 1391 928 1417 tres
954 1396 1005 1418 ex—

266 1439 341 1471 inde
373 1439 441 1471 dies
474 1438 505 1470 in
540 1439 602 1471 alia
638 1440 890 1480 congregatione
929 1440 1005 1472 item

265 1493 409 1535 generali
435 1492 574 1534 proponi
601 1497 633 1524 et
651 1492 762 1534 agitari
782 1493 906 1532 debeat,
927 1504 1003 1526 num

267 1546 370 1578 dietus
396 1545 543 1578 otlicialis
568 1556 625 1578 seu
644 1545 792 1578 minister
810 1548 1004 1580 confirman-

264 1600 336 1639 dus,
363 1601 411 1632 vel
437 1610 453 1631 a
478 1599 525 1631 sni
541 1599 683 1631 muneris
701 1600 854 1633 exercitio
873 1611 1005 1644 snspen-

264 1653 390 1686 dendus
417 1653 525 1685 veniat
549 1663 653 1694 usqne
679 1653 717 1685 ad
744 1653 938 1686 electionem
960 1655 1004 1687 fn-

263 1706 326 1739 tnri
362 1705 552 1738 Pontificis‘?
586 1706 732 1748 llludqne
766 1707 932 1747 obtineat,
967 1719 1002 1741 ac

261 1760 390 1793 firmum
416 1760 467 1800 sit,
495 1759 580 1802 qnod
606 1760 787 1791 resolutum
815 1761 910 1793 fuerit
936 1773 1002 1795 ma-

263 1814 323 1847 iori
349 1819 441 1856 parte
467 1812 696 1855 suffragiorum
722 1820 932 1848 secretorum.
954 1816 999 1853 Et,

262 1868 287 1900 si
314 1868 442 1900 decreta
467 1872 516 1899 est
541 1867 724 1909 suspensio,
750 1869 859 1909 plures
877 1869 916 1901 ad
936 1881 999 1902 mn-

261 1931 331 1960 nns,
358 1921 397 1953 dc
424 1931 488 1963 qno
506 1926 627 1961 agetur,
646 1923 864 1953 exercendum
888 1922 918 1953 in
938 1925 1000 1965 pri-

260 1977 322 2007 mis
360 1975 486 2006 habiles
522 1980 551 2006 et
589 1974 697 2006 idonei
735 1987 751 2007 a
778 1976 999 2010 cardinalibus

260 2035 496 2074 proponantur,
523 2034 553 2060 et
578 2039 614 2059 ex·
642 2028 700 2066 iis,
727 2029 780 2071 qui
809 2041 885 2071 prae
914 2040 1000 2067 cete-

259 2085 304 2117 ris
331 2083 438 2126 aptior
464 2082 551 2113 visus
577 2082 696 2121 fuerit,
725 2083 755 2114 in
784 2084 889 2117 locum
930 2089 999 2120 otti-

259 2137 349 2170 cialis
375 2147 429 2168 sen
456 2135 595 2166 ministri
621 2137 769 2176 suspensi
803 2139 998 2181 subrogetur

259 2201 319 2234 per
342 2189 563 2233 pluralitatem
590 2188 740 2221 similiter
757 2190 995 2235 suffragiorum,

260 2245 364 2277 donec
389 2243 527 2284 eligatur
553 2241 708 2273 Pontifex.

302 2298 316 2340 ἓ
341 2297 372 2329 9,
400 2295 557 2334 Quoniam
583 2305 670 2331 vere,
698 2303 847 2338 exempto
873 2301 911 2332 ab
937 2302 996 2334 lm-

257 2351 360 2383 manis
375 2348 540 2385 Pontifiee,
556 2348 735 2380 cardinales
756 2351 852 2391 legati
872 2353 902 2384 in
923 2365 996 2396 pm-

256 2403 368 2436 vinciis
394 2402 498 2435 Status
522 2402 738 2434 Ecclesiastici
769 2405 920 2446 protinus
953 2409 991 2441 ad

257 2456 387 2489 comitia
412 2455 598 2493 invitantur,
624 2455 768 2489 iniuncto
795 2459 840 2490 eis
865 2459 991 2495 interim

256 2520 331 2541 suae
350 2507 522 2549 legationis
537 2507 847 2544 administrationem
863 2515 991 2551 tradere

255 2560 471 2605 pro-legatis,
497 2560 614 2602 quibus
647 2562 819 2595 mandatur
854 2573 889 2598 nt
922 2580 989 2604 eam

255 2615 338 2648 sacri
363 2614 489 2657 collegii
516 2613 647 2646 nomine
672 2615 861 2659 suscipiant,
889 2632 991 2666 popu-

1063 275 1164 308 lorum
1191 279 1355 312 securitati
1381 280 1595 322 provideant,
1623 291 1661 313 ac
1685 281 1801 314 sedulo

1061 335 1176 362 curent
1194 341 1233 363 ne
1249 333 1402 365 tumultus
1420 335 1619 366 excitentur:
1638 335 1677 367 ad
1695 345 1801 377 quam-

1061 392 1199 424 cumque
1225 384 1439 419 dissensionis
1477 392 1508 419 et
1543 388 1799 428 controversiae,

1061 445 1141 476 quae
1160 435 1245 468 inter
1262 438 1443 472 cardinales
1463 440 1588 481 legatos
1621 452 1799 484 eorumque

1060 489 1266 529 pro-legatos
1293 490 1386 523 facile
1413 493 1518 524 enasci
1540 499 1685 535 possent,
1710 505 1799 527 occa-

1059 539 1184 572 sionem
1214 541 1488 581 snbmovendam,
1521 545 1730 579 decernimus
1765 553 1795 579 nt

1059 593 1173 632 edicta,
1192 605 1275 636 quae
1294 595 1326 627 in
1345 598 1522 638 provinciis
1538 600 1699 640 praefatis
1717 600 1798 633 Sede

1060 647 1244 688 Apostolica
1270 655 1400 681 vacante
1426 657 1456 682 et
1472 652 1693 686 cardinalibus
1711 654 1797 695 lega—

1060 700 1097 732 tis
1123 701 1311 734 absentibus
1328 728 1335 740 ‚
1363 704 1506 745 evulgari
1531 706 1705 747 contigerit
1724 735 1731 746 ‚
1757 707 1796 740 ab

1058 752 1135 795 ipsis
1162 756 1354 796 pro-legatis
1381 766 1454 788 cum
1480 759 1615 800 propria
1651 761 1796 793 subscri-

1057 807 1192 849 ptione,
1221 810 1374 851 apposito
1401 816 1507 843 tamen
1533 811 1656 844 eisdem
1683 814 1797 847 edictis

1057 862 1209 901 nomine,
1236 868 1290 902 et,
1316 874 1398 905 quae
1433 864 1514 907 typis
1540 865 1794 908 imprimentur,

1056 913 1150 946 etiam
1184 920 1355 948 stemmate
1388 917 1549 958 gentilitio
1583 919 1794 953 cardinalium

1056 968 1234 1009 legatorum
1269 969 1472 1010 absentium,
1499 971 1601 1004 libere
1632 974 1796 1014 publicen-

1056 1027 1114 1053 tur.
1141 1022 1329 1055 Cardinales
1361 1030 1467 1057 antem
1498 1026 1616 1068 legati.
1643 1029 1793 1070 quamdiu

1054 1086 1070 1106 a
1102 1076 1265 1117 legatione
1291 1077 1454 1110 abfuerint
1485 1089 1521 1111 ac
1553 1079 1643 1112 Sedis
1669 1082 1794 1115 vacatio

1054 1128 1238 1169 duraverit,
1267 1131 1346 1163 nulli
1381 1132 1569 1166 subalterno
1599 1134 1631 1165 in
1657 1135 1792 1177 legatio-

1054 1192 1092 1214 ne
1130 1183 1276 1216 ministro
1313 1195 1369 1217 seu
1406 1186 1563 1226 officiali,
1602 1193 1656 1219 aut
1693 1189 1792 1221 cnivis

1052 1236 1158 1276 alteri,
1179 1237 1363 1280 quicquam,
1387 1239 1495 1271 insciis
1513 1241 1714 1283 pro-legatis,
1733 1242 1792 1274 im-

1051 1296 1179 1332 perent,
1203 1291 1372 1333 minusque
1398 1293 1579 1326 executioni
1605 1295 1791 1329 demandari

1052 1343 1153 1375 facian
1162 1349 1182 1376 t.

1095 1398 1109 1439 ξ
1134 1397 1187 1430 10.
1216 1398 1389 1431 Praeterea
1406 1404 1472 1432 tres
1491 1400 1706 1443 imposterum
1724 1414 1790 1435 car·
1821 1418 1872 1438 rw:
1888 1419 1988 1438 car-tma-

1803 1445 1987 1471 leseltgeudi,qui

1803 1474 1901 1496 praesint
1928 1472 1987 1492 clau-

1051 1504 1188 1542 fnerint,
1219 1516 1235 1536 a
1267 1505 1410 1547 Collegio
1442 1507 1628 1549 eligendOS,
1657 1500 1920 1551 1)1‘aeliciifsl¹ii-¹1⁰s.⁰²⁰'
1936 1504 1986 1520 Μ’

1051 1451 1175 1483 dinales
1203 1462 1238 1483 ex
1266 1453 1320 1491 eis,
1347 1453 1401 1495 qui
1427 1454 1567 1486 comitiis
1594 1456 1673 1488 alias
1692 1456 1789 1489 inter-

1049 1559 1217 1590 clausnrae
1233 1585 1240 1598 ,
1265 1569 1302 1591 ac
1338 1570 1446 1592 curam
1473 1562 1633 1595 conclavis
1667 1564 1790 1597 habere

1049 1617 1080 1643 et
1104 1622 1242 1653 gerere,
1267 1613 1452 1653 statuimus,
1487 1615 1543 1657 qui
1579 1615 1735 1659 disposita
1772 1630 1788 1651 a

1048 1666 1367 1708 praedecessoribus
1381 1667 1466 1700 circa
1483 1669 1662 1702 clausuram
1681 1682 1718 1704 ac
1737 1682 1789 1703 cn-

1049 1729 1116 1751 ram
1144 1719 1330 1751 huiusmodi
1356 1720 1442 1752 omni
1469 1721 1641 1756 sedulitate
1667 1730 1700 1756 et
1717 1725 1788 1758 dili-

1047 1772 1155 1814 gentia
1180 1779 1401 1815 exequantur:
1440 1775 1539 1807 cellas
1574 1776 1786 1811 cardinalium

1046 1827 1094 1858 bis
1119 1827 1264 1869 qualibet
1290 1827 1505 1868 hebdomada,
1532 1829 1660 1872 aliaque
1686 1831 1786 1874 ipsius

1045 1879 1209 1911 conclavis
1247 1880 1338 1919 loca,
1365 1880 1481 1913 crebro
1517 1882 1665 1922 visitent,
1698 1885 1785 1918 illius

1045 1932 1223 1965 munditiae
1250 1933 1412 1976 praesint,
1438 1945 1473 1966 ac
1498 1935 1638 1968 solerter
1653 1940 1786 1980 perqui-

1044 1991 1116 2017 rant
1147 1996 1185 2017 nc
1223 1986 1255 2018 iu
1293 1987 1437 2019 eiusdem
1464 1989 1626 2021 conclavis
1664 1992 1782 2029 muris,

1045 2040 1202 2077 fenestris,
1225 2041 1435 2083 laquearibus
1453 2042 1502 2073 vel
1521 2043 1713 2084 pavimentis
1733 2056 1785 2078 ve-

1045 2093 1099 2125 tita
1126 2094 1282 2125 foramina
1308 2094 1401 2134 fiant,
1429 2097 1477 2127 vel
1511 2096 1672 2130 fenestrae
1709 2110 1783 2142 apc-

1043 2147 1167 2178 riantur
1193 2153 1247 2178 aut
1273 2147 1480 2190 amplientur,
1502 2150 1588 2181 unde
1607 2161 1679 2183 curn
1698 2158 1783 2185 exte-

1042 2199 1084 2231 ris
1112 2200 1321 2241 colloquendi
1348 2201 1414 2233 sive
1440 2203 1704 2237 communicandi
1730 2217 1781 2239 co-

1040 2254 1092 2296 pia
1118 2259 1150 2285 et
1176 2254 1310 2285 facultas
1338 2254 1448 2287 detur:
1472 2266 1523 2295 ac,
1543 2257 1567 2289 si
1587 2268 1668 2300 quae
1695 2260 1779 2293 fora-

1041 2307 1126 2339 mina
1153 2307 1246 2346 facta,
1274 2312 1329 2339 ant
1354 2308 1510 2341 fenestras
1535 2311 1580 2342 sic
1598 2318 1728 2354 apertas
1748 2321 1780 2346 et

1039 2360 1208 2402 ampliatas
1223 2361 1511 2403 deprehenderint,
1527 2365 1633 2396 statim
1651 2367 1778 2400 occludi

1038 2420 1069 2446 et
1093 2413 1251 2452 obturari,
1276 2413 1308 2446 in
1334 2414 1575 2458 pristinumque
1596 2423 1713 2452 statum
1733 2431 1778 2453 re—

1037 2467 1125 2499 stitui
1153 2473 1281 2499 curent:
1310 2468 1508 2509 prohibeant
1533 2481 1663 2514 qnoque
1689 2484 1776 2507 arma

1036 2531 1091 2552 sen
1118 2526 1287 2552 stemmata
1313 2521 1474 2562 gentilitia
1500 2523 1639 2557 cuiusvis
1673 2528 1776 2560 cardi-

1034 2573 1130 2613 nalis,
1150 2583 1357 2616 quocumque
1383 2575 1490 2608 ossicio
1516 2576 1691 2619 fungentis,
1711 2580 1774 2613 alio

1035 2636 1130 2668 quam
1156 2627 1307 2668 propriae
1332 2637 1408 2661 suae
1434 2628 1535 2662 cellae
1562 2631 1699 2674 imponi,
1721 2644 1775 2677 ap-

1703 214 1768 247 447
1814 225 1865 251 An.
1885 224 1915 251 c.
1932 225 2000 252 1732
