2182 3137
90 216 141 240 An.
157 214 188 240 C.
209 212 279 239 1730

922 210 1065 234 CLEMENS
1090 212 1105 233 X
1113 211 1134 233 11
1159 212 1210 234 ΓΡ.

1711 201 1770 235 131
1823 211 1875 237 An.
1895 211 1924 237 c,
1944 211 2014 238 1730

285 262 354 291 sidet
383 266 465 301 pater
494 261 650 300 generalis,
681 261 825 299 professas
857 261 957 287 existat
988 257 1033 287 vel
1052 258 1054 271 ¹
1074 263 1165 288 autem
1187 260 1222 288 ad
1242 260 1396 299 capitulum
1416 261 1544 299 generale
1571 270 1617 290 seu
1644 264 1753 300 patrem
1774 270 1821 298 9e-

284 311 425 345 resideat:
455 311 521 349 quia
549 314 615 339 tanc
642 308 715 338 solus
741 309 831 337 dictus
850 312 932 347 pater
952 317 1032 345 =qene-

284 359 354 389 ralis
377 359 533 388 huiusmodi
555 358 696 387 licentiam
717 357 784 386 dare
806 356 887 386 valet.
919 356 1008 385 Porro
1022 380 1029 393 ,

285 409 375 438 habito
407 408 486 437 electi
517 416 670 441 consensu,
694 411 719 434 et
751 407 841 444 facta,
875 406 899 434 si
930 405 1032 434 electus

281 466 415 496 praesens
436 457 535 494 fuerit,
551 455 784 484 inthronizatione
797 454 952 493 praediciti,
970 463 1031 483 con-

284 506 377 544 festim
398 505 601 543 confirmatores
624 503 693 540 illis,
717 505 764 542 qui
793 504 952 532 huiusmodi
977 503 1032 532 ele-

284 554 368 583 ctioni
389 552 548 592 specialiter
580 562 608 581 se
639 557 776 591 opponent
807 556 833 581 et
862 552 1031 590 yeneraliter

284 601 350 631 aliis
372 601 606 640 quibuscumque,
631 610 697 639 quos
725 602 817 640 ipsura
839 605 930 638 tanyet
952 609 1031 638 nego-

283 651 373 687 tium,
403 654 450 679 aut
472 651 520 689 qui
548 660 598 679 sua
616 651 779 689 putaverint
802 650 953 687 interesse,
979 658 1031 688 per

284 709 347 729 suas
369 700 451 728 edicti
483 699 589 728 litteras
620 700 783 737 persignent
811 699 1031 737 peremptoriam

284 749 433 777 terminum
448 751 643 786 competentem
657 748 691 776 ad
706 747 920 785 comparendum
939 756 1030 775 coram

283 799 334 834 eis,
357 801 382 826 et
404 797 606 836 opponendum,
630 797 654 825 si
676 795 780 833 volent,
804 800 900 824 contra
923 795 1031 825 electio-

284 848 328 876 nis
349 848 465 885 formam
481 849 528 874 aut
541 854 674 884 personas
690 844 851 882 eligentium
874 844 916 873 rel
939 844 1029 881 electi,

283 899 420 924 monentes
451 904 515 927 eos,
540 894 610 932 quod
641 895 666 923 si
698 904 752 923 non
775 895 959 932 comparuerit
984 895 1030 931 (ut

280 946 460 983 praefertur)
494 943 528 972 ad
560 943 794 972 examinationem
823 942 979 976 electionis,
1004 946 1030 971 et

282 993 517 1032 confirmationem
549 1002 596 1021 seu
624 992 841 1031 infirmationem
861 992 1027 1030 procedent,

283 1045 313 1071 in
346 1046 478 1080 quantum
510 1041 542 1070 dc
573 1042 635 1070 iure
664 1045 795 1080 poterunt
827 1044 851 1069 et
884 1041 1026 1070 debebunt.

284 1090 361 1126 Quae
391 1091 485 1129 utique
517 1089 626 1119 litterae
648 1090 856 1128 inpraesentia
885 1090 1030 1118 monacho-

283 1150 355 1174 rum,
379 1144 434 1169 tam
455 1141 485 1169 in
506 1139 593 1168 sacris
610 1139 820 1168 constitutorum
843 1148 925 1177 quam
946 1140 1028 1168 etiam

283 1189 417 1218 laicorum
439 1188 559 1217 eiusdem
581 1188 742 1216 monasterii
768 1187 980 1226 praelegantur,
1003 1192 1029 1217 et

283 1237 465 1266 nihilominus
488 1237 692 1274 inpraesentia
714 1236 838 1270 illorum,
871 1238 919 1274 qui
941 1236 1028 1265 eidem

282 1285 408 1315 electioni
439 1284 597 1324 specialiter
628 1295 655 1313 se
686 1289 848 1324 opponunt:
878 1285 976 1313 dei-nde
999 1285 1028 1313 in

283 1334 367 1363 valvis
398 1333 526 1363 ecclesiae
558 1343 605 1362 sea
637 1333 754 1362 claustri
775 1343 809 1362 ea:
827 1338 908 1372 parte
938 1334 1028 1372 ipsius

282 1382 411 1412 ccclesiae
433 1383 599 1422 affiqantar,
623 1382 715 1420 ibique
730 1383 829 1421 affixae
846 1387 1027 1421 permaneant

283 1433 412 1470 temporis
445 1433 542 1470 spatio,
567 1432 602 1460 ad
623 1432 847 1470 confirmatorum
879 1432 1027 1460 arbitrium

283 1480 456 1509 moderando.
488 1479 580 1513 Sane,
615 1480 731 1508 termino
763 1480 855 1509 taliter
889 1481 1027 1518 assignato

282 1530 413 1566 decurso,
444 1529 468 1558 si
502 1529 613 1567 quidem
647 1529 860 1558 contradictores
895 1529 1027 1568 speciales

281 1581 447 1616 appareant,
465 1577 538 1615 ipsos
550 1577 676 1615 praefati
690 1578 893 1615 confirmatores
911 1578 1027 1606 audiant

280 1625 446 1664 simpliciter
474 1630 499 1654 et
529 1626 561 1654 de
584 1625 678 1664 plano,
703 1626 848 1654 dilationes
869 1627 1027 1665 superfluas

281 1674 437 1713 repellendo
458 1678 483 1703 et
504 1673 718 1711 malignantium
743 1674 894 1704 calumniis
916 1675 1027 1704 obvian-

280 1724 336 1758 do,·
359 1727 384 1752 et
405 1725 482 1752 omni
503 1732 568 1752 casu
583 1746 591 1758 ‚
615 1724 672 1752 sice
694 1723 826 1762 speciales
858 1725 1025 1762 oppositores

280 1777 476 1812 compareant,
506 1772 562 1800 sine
584 1782 653 1804 non.
677 1772 817 1801 electionis
839 1773 938 1802 merita
960 1773 1026 1802 dili-

277 1826 374 1860 genter
397 1821 555 1850 emantinent
570 1844 577 1858 ‚
602 1821 678 1850 omni
699 1821 772 1855 odio,
796 1823 889 1860 facore
903 1846 909 1855 ,
933 1832 1025 1851 amore,

278 1870 445 1905 inordinato,
470 1880 517 1898 seu
539 1868 656 1907 quolibet
678 1869 732 1898 alio
755 1870 877 1899 iustitiae
910 1872 1025 1909 impedi-

278 1923 368 1948 mento
390 1919 508 1956 semotis,
536 1919 710 1957 eamdemque
732 1920 892 1958 confirment
914 1924 960 1948 aut
983 1921 1025 1948 in-

278 1968 408 2006 firment,
430 1972 512 2006 prout
544 1968 691 1996 seeundum
724 1967 812 1996 Deum
843 1969 959 1997 viderint
982 1971 1024 2007 fa-

277 2018 416 2047 ciendum.
441 2016 555 2046 Summa
578 2026 638 2045 vero
659 2026 721 2045 curn
749 2017 895 2054 diligentia
924 2019 1023 2057 confir-

277 2070 394 2094 matores
416 2065 570 2099 attendant,
597 2075 628 2094 ne
651 2065 808 2094 electionem
832 2066 1023 2105 insufficientis

274 2124 408 2154 personae
430 2115 465 2143 all
484 2115 641 2153 prioratum
663 2114 812 2151 regendum
840 2117 1023 2153 qrcoquoinotlo

277 2163 448 2202 confirment,
465 2172 549 2201 super
571 2172 623 2201 quo
645 2172 739 2191 eorum
758 2164 939 2193 conscientias
961 2174 1022 2193 one-

278 2222 383 2241 ramuS.
413 2212 448 2241 Et
474 2212 498 2240 si
519 2213 590 2250 s‘orte
619 2211 759 2249 viderint,
789 2212 858 2250 quod
884 2223 917 2241 ec
939 2213 1022 2252 culpa

277 2262 335 2290 sive
354 2261 520 2300 negligentia
542 2260 687 2289 electorum
709 2263 825 2298 potestas
848 2261 965 2298 eliyendi
987 2263 1022 2291 ad

275 2309 403 2347 ¹qenerale
424 2314 460 2338 set
481 2308 634 2347 capitulum
655 2309 790 2344 devoluta,
814 2320 842 2338 se
869 2311 901 2339 (le
923 2312 1022 2350 confir-

277 2358 375 2386 mando
398 2358 556 2387 nullatenus
578 2359 762 2387 intromittant
775 2370 786 2393 ,·
802 2359 848 2387 sed
866 2360 954 2397 ipsam
976 2360 1022 2389 de-

279 2407 443 2436 colationem
464 2407 556 2436 statim
582 2407 708 2444 generali
729 2408 850 2446 capitulo
880 2409 919 2437 vel
944 2411 1021 2448 patri

275 2454 401 2493 ⁴qenerali
423 2455 560 2493 notificent
573 2467 582 2488 ,·
603 2457 631 2484 in
650 2465 700 2494 quo
722 2466 786 2485 casn
806 2461 887 2496 poter
906 2468 1021 2495 genera-

277 2503 311 2533 lis
331 2504 473 2542 provideat
496 2503 539 2532 illi
559 2504 652 2533 domui
673 2505 704 2533 de
729 2507 891 2543 competenti
907 2508 1018 2544 priore,

278 2554 332 2582 nisi
354 2553 386 2581 de
398 2553 526 2591 pros-imo
541 2553 684 2582 immineat
706 2554 850 2582 tenendum
867 2555 1019 2593 capitulum

275 2601 411 2638 flcnercilc,
433 2602 496 2640 quia
512 2606 576 2631 tunc
591 2601 744 2640 capitulum
755 2603 921 2638 providebit.
943 2604 1018 2633 Tunc

1074 307 1197 337 neralem
1215 312 1334 347 potestas
1356 310 1507 339 devolvitur
1528 310 1658 348 eligendi,
1681 319 1742 339 cum
1765 309 1820 338 ele-

1073 360 1159 385 ctores
1181 361 1228 385 aut
1249 357 1354 395 eliyunt
1376 359 1492 387 scienter
1508 359 1661 397 indignum,
1679 363 1727 388 aut
1741 359 1819 398 infra

1075 408 1134 433 tres
1150 414 1254 434 menses
1276 415 1292 434 a
1314 407 1357 435 die
1378 408 1528 436 vacationis
1550 417 1602 436 non
1628 407 1743 445 eligunt.
1769 407 1820 437 Ca-

1073 457 1134 481 veat
1156 458 1246 482 autem
1269 455 1433 493 quicumque
1454 456 1687 494 confirmatorum,
1711 466 1745 486 ne
1766 457 1820 486 ali-

1075 511 1126 540 quo
1147 502 1224 530 modo
1256 503 1358 531 directe
1391 503 1432 531 cel
1465 504 1597 533 indirecte
1626 506 1661 533 ad
1689 505 1769 534 illum
1791 514 1819 534 se

1071 555 1203 589 procuret
1224 551 1291 589 eligi
1310 553 1479 590 prioratum,
1497 554 1576 582 cuius
1598 553 1739 582 electionis
1756 563 1818 582 con-

1073 598 1198 636 firmator
1213 600 1301 638 fuerit
1316 600 1462 638 deputatus
1474 610 1484 629 .·
1507 601 1631 639 alioquin
1647 602 1710 630 talis
1725 602 1819 631 electio

1071 657 1122 685 per
1144 657 1225 676 sunm
1247 648 1376 685 collegam
1398 653 1446 677 aut
1467 649 1583 687 collegas
1605 651 1713 679 omnino
1734 660 1820 679 casse-

1074 701 1132 731 tur,
1168 701 1193 725 et
1225 697 1408 726 nihilominus
1439 698 1614 736 confirmator
1647 700 1686 727 sic
1718 699 1819 728 electus

1071 747 1196 784 grai-iter
1216 746 1365 784 puniatur.
1399 746 1515 776 Praeter
1542 747 1606 776 haec
1628 752 1719 776 autem
1739 752 1820 786 pater

1071 794 1231 833 generalis,
1256 796 1280 823 si
1302 795 1401 824 viderit
1422 795 1552 834 expedire
1569 820 1575 829 ‚
1607 800 1695 834 potest
1714 806 1765 834 per
1792 807 1820 826 se

1073 843 1216 873 electiones
1232 844 1365 880 priorum
1387 844 1474 872 nostri
1497 842 1611 873 Ordinis
1634 845 1819 882 confirmando

1070 893 1223 931 perducere
1246 893 1280 921 ad
1302 893 1444 931 effectum,
1468 896 1515 921 aut
1537 902 1582 922 eas
1604 893 1758 932 infirmare,
1782 895 1820 923 si·-

1073 946 1118 970 cut
1141 941 1242 970 viderit
1263 941 1404 979 expedire.
1422 941 1555 970 Attendat
1571 946 1671 976 tamen,
1696 943 1766 980 quod
1790 943 1819 971 in

1073 990 1229 1019 huiusmodi
1253 989 1367 1019 Ordinis
1388 993 1490 1019 statuta
1517 990 1661 1019 custodiat.
1699 990 1819 1019 Tandem

1072 1041 1202 1079 quicquid
1224 1040 1255 1068 de
1276 1041 1404 1079 expensis
1425 1040 1563 1069 soli-endis
1592 1044 1617 1068 et
1646 1040 1754 1069 damnis
1775 1049 1821 1068 re-

1072 1089 1246 1126 sarciendis,
1270 1098 1302 1117 ac
1323 1088 1402 1117 donis
1422 1099 1470 1117 seu
1493 1089 1629 1127 beneficiis
1651 1098 1704 1117 non
1725 1091 1819 1127 peten-

1072 1137 1123 1171 dis,
1147 1147 1233 1176 supra
1256 1138 1284 1166 in
1307 1137 1428 1176 capitulo
1444 1138 1610 1167 visitationis
1632 1137 1819 1166 visitatoribus

1072 1187 1267 1225 descripsimus
1289 1196 1344 1215 esse
1366 1187 1522 1224 tenendum,
1547 1196 1594 1215 suo
1621 1187 1697 1215 modo
1720 1196 1735 1215 a
1757 1195 1819 1215 con-

1071 1236 1257 1274 firmatoribus
1276 1236 1399 1264 volumus
1417 1236 1568 1265 obserrari.

1313 1319 1575 1340 EXTRAYAGANTES.

1112 1391 1130 1411 1.
1155 1381 1192 1411 Ut
1215 1381 1372 1411 electiones
1389 1381 1460 1410 fiant
1478 1381 1571 1419 magis
1587 1381 1752 1411 conformes
1768 1391 1816 1412 vo·
1856 1398 1909 1419 Am,
1925 1399 2013 1420 electio-

1071 1430 1178 1460 luntati
1209 1430 1325 1460 divinae
1340 1454 1347 1467 ,
1372 1430 1464 1459 nostri
1485 1430 1724 1464 confirmatores,
1750 1436 1818 1461 ante
1830 1430 1876 1471 ἓξὲξ
1885 1428 2014 1473 {ffss‘f'effig'

1071 1478 1233 1518 quamlibet
1255 1478 1445 1515 electionem,
1468 1478 1688 1517 inquisitionem
1711 1479 2015 1526 saciaiitffisf){ffi¹¹ss⁰¹i⁰{¹

1071 1532 1213 1557 secretam
1237 1527 1482 1557 subornationum
1506 1532 1533 1557 et
1556 1528 2012 1562 concordationumconfirmatoribus

1071 1586 1146 1616 quae
1159 1577 1318 1615 aliquando
1335 1577 1363 1606 in
1381 1586 1449 1606 casu
1467 1577 1621 1606 electionis
1636 1577 1818 1607 intervenire
1828 1559 1963 1584 ³⁰⁰¹p¹⁹nd³'

1070 1626 1183 1659 solent,
1205 1635 1366 1664 severeque
1395 1626 1519 1664 puniant
1542 1635 1615 1664 quos
1645 1625 1818 1665 delinquen-

1071 1679 1113 1704 tes
1132 1675 1312 1704 invenerint.
1329 1675 1464 1704 Attamen
1487 1675 1723 1713 confirmatores,
1747 1675 1818 1705 alio-

1070 1733 1136 1753 rum
1159 1723 1348 1759 delictorum,
1373 1732 1447 1762 quae
1470 1722 1644 1752 electionem
1668 1733 1726 1752 non
1749 1733 1818 1753 eon-

1070 1776 1205 1809 cernunt,
1229 1771 1339 1801 nullam
1363 1771 1560 1809 cognitionem
1584 1776 1612 1801 et
1634 1772 1817 1802 informatio-

1069 1830 1136 1850 nem
1155 1824 1317 1849 assumant.
1341 1820 1496 1849 Praeterea
1519 1824 1575 1849 tam
1599 1820 1816 1859 praedictorum

1070 1870 1311 1900 confirmatorum
1334 1879 1420 1908 quam
1444 1873 1641 1899 scrutatorum
1660 1874 1687 1898 et
1707 1870 1815 1899 clecto-

1069 1929 1134 1948 rmn
1158 1918 1355 1948 conscientiae
1378 1918 1461 1947 valde
1485 1922 1657 1954 onerantur,
1675 1922 1705 1947 ut
1721 1927 1816 1948 secre-

1070 1968 1181 1998 tissime
1198 1977 1227 1997 se
1251 1966 1378 1996 habeant
1394 1967 1422 1995 in
1443 1971 1501 1996 toto
1517 1967 1633 2004 negotio
1648 1966 1812 1996 electionis.

1109 2027 1139 2046 ιι.
1164 2017 1284 2052 Quando
1302 2016 1409 2055 aliquis
1422 2016 1581 2046 monachus
1598 2016 1687 2045 suerit
1703 2026 1815 2046 assum·
1839 2034 1899 2054 pm„
1914 2039 1955 2055 „on
1966 2034 2009 2055 ‹ns-

1068 2070 1134 2105 ptus
1157 2066 1187 2094 in
1211 2065 1338 2104 priorem
1361 2065 1482 2094 alterius
1505 2064 1694 2099 monasterii,
1720 2065 1749 2093 in
1773 2066 1815 2094 su·
1825 2061 2008 2109 ξῖὲῑῇξοῐὲξῶξὲξξ

1068 2116 1135 2143 tura
1157 2114 1309 2143 vacatione
1332 2113 1463 2142 eiusdem
1480 2113 1514 2142 ab
1534 2113 1584 2142 illo
1603 2123 1659 2142 non
1684 2113 1908 2144 ‹liscerlatrrioris-

1067 2172 1160 2202 usquc
1183 2162 1218 2192 ad
1241 2162 1495 2192 confirmationem
1530 2162 1596 2191 novi
1630 2162 1757 2200 prioris,
1782 2168 1813 2192 ut

1066 2213 1120 2242 iste
1151 2212 1243 2251 possit
1274 2211 1310 2241 ab
1338 2212 1388 2241 illo
1421 2211 1571 2240 informari
1599 2211 1634 2240 (le
1661 2211 1705 2240 his
1738 2221 1812 2250 quae

1067 2262 1216 2301 pertinent
1238 2261 1273 2290 ad
1297 2261 1440 2298 regimen,
1461 2260 1604 2298 amboque
1627 2260 1712 2289 simul
1737 2261 1812 2290 uniti

1066 2320 1132 2340 cum
1156 2310 1304 2349 deputatis
1326 2313 1353 2338 et
1375 2309 1562 2347 depositoriis
1591 2313 1647 2337 tam
1678 2308 1713 2337 de
1736 2319 1812 2339 novo

1065 2360 1167 2391 electis
1196 2369 1283 2399 quam
1317 2359 1459 2388 absolutis
1492 2358 1660 2396 relinquant
1693 2359 1813 2397 propria.

1065 2419 1153 2439 manu
1185 2408 1382 2446 subscriptum
1416 2411 1523 2436 statum
1552 2407 1734 2436 monasterii.
1760 2407 1813 2437 Po-

1065 2462 1124 2487 stea
1147 2466 1215 2486 vero
1231 2457 1308 2486 (licto
1325 2455 1415 2494 priori
1438 2454 1572 2484 absoluto
1588 2455 1674 2484 detur
1692 2455 1809 2492 socius;

1064 2507 1220 2545 omniaque
1243 2505 1420 2539 necessaria,
1445 2508 1476 2534 ut
1500 2504 1534 2533 ad
1557 2514 1639 2533 snum
1664 2509 1810 2534 monaste-

1065 2556 1140 2585 rium
1159 2554 1255 2584 redire
1274 2553 1375 2592 possit,
1395 2552 1626 2592 provideantur3
1643 2557 1671 2582 et
1684 2553 1808 2582 nimium

1063 2607 1130 2633 sunt
1153 2602 1407 2642 reprehendendi,
1431 2601 1481 2641 qui
1505 2610 1563 2631 non
1587 2601 1659 2631 bene
1683 2605 1809 2631 tractant
