2182 3137
191 177 381 205 An.C.1730
425 169 492 202 174

249 239 378 260 Acadama„
434 227 606 257 Academiae
628 228 768 257 officiales
801 228 873 257 citra
897 225 1064 257 scholastici
1086 234 1134 256 ve-

193 266 378 312 ssffifffffffkbffifflffi
394 276 474 305 niam
506 275 608 306 abesse
640 285 697 306 non
721 275 855 315 possint,
885 274 992 315 quibus
1014 279 1131 313 tamen,

193 318 378 365 fjtggzpbossenox·
391 323 478 353 etiam
505 324 582 353 iusta
600 324 635 354 de
658 325 758 362 causa,
776 324 851 354 ultra
867 323 1016 353 octiduum
1033 323 1133 353 lectio-

391 382 461 401 num
494 377 627 412 tempore
659 382 716 403 non
749 373 947 411 concedatur,
972 382 1024 402 nec
1054 373 1131 402 ultra

392 430 526 450 mensem
550 426 681 461 tempore
705 422 819 451 feriato.
850 421 930 456 Quod
953 421 975 450 si
999 430 1056 451 non
1079 421 1133 451 im-

392 471 505 508 petrata
530 470 616 499 venia
639 469 797 508 abfuerint,
822 470 931 500 mulcta
954 469 1130 506 afficiantur;

390 527 423 548 ac
448 519 536 548 etiam
559 519 659 557 duplo,
684 519 707 548 si
731 519 857 549 revocati
880 518 976 548 redire
992 522 1131 548 cuncten-

391 570 459 603 tur,
483 576 552 596 mox
574 567 662 596 etiam
683 567 780 597 officio
795 567 978 605 abdicentur,
996 567 1019 596 si
1036 576 1131 596 moras

389 614 515 644 ulterius
538 619 654 645 nectere
677 616 739 645 ausi
762 615 883 645 fuerint.

407 689 469 719 ΤιΤ.
493 690 564 720 xvl.
587 708 621 711 ——
645 691 684 720 Dc
705 692 913 730 repetitionibus
929 694 1115 730 professorum

501 739 644 768 cathedras
663 744 812 778 perpetuas
834 740 1022 769 obtinentium.

227 826 377 851 nepetinonos
427 809 451 838 Α
474 809 546 838 festo
575 809 738 839 dominicae
770 810 1006 840 Resurrectionis
1038 810 1072 839 ad
1100 811 1132 839 fi-

191 852 376 904 {ffipossscffflffl
388 866 454 887 nem
479 867 571 897 usque
594 867 696 888 cursus
730 858 884 895 litterarii,
908 859 1011 888 dicbus
1044 859 1131 888 feria-

390 906 427 935 tis
449 907 687 944 occurrentibus,
711 916 812 936 omnes
835 908 1000 937 academiae
1024 909 1131 947 profes-

388 964 481 992 sores,
505 955 555 994 qui
578 955 732 985 cathedras
755 960 912 994 perpetuas
930 956 1128 993 moderantur,

386 1003 417 1033 in
442 1003 547 1032 maiori
569 1003 770 1033 universitatis
792 1004 904 1034 theatro
925 1005 1129 1043 repetitionem

386 1051 620 1081 anniversariam
644 1051 738 1090 pridie
762 1052 791 1080 in
816 1052 969 1090 gymnasio
996 1057 1130 1091 repeten-

388 1103 431 1128 tes
456 1098 680 1137 publicandam,
704 1108 740 1128 ex
764 1100 905 1139 materiaff,
930 1109 1016 1138 quam
1041 1109 1130 1130 unus-

389 1148 514 1186 quisque
537 1147 653 1187 publice
676 1152 803 1184 tractat,
827 1153 941 1178 erutam
957 1173 964 1186 ,
987 1150 1017 1179 in
1041 1150 1129 1179 horae

384 1196 514 1235 spatium
549 1206 583 1226 ex
616 1197 796 1236 praescripto
828 1198 995 1227 academico
1022 1198 1128 1228 habere

385 1248 552 1274 teneantur.
577 1245 608 1274 ln
636 1255 685 1274 eos
715 1246 765 1284 qui
796 1246 823 1275 id
858 1247 1127 1285 praetermiserint,

389 1292 529 1322 mulctam
553 1293 652 1323 decem
676 1294 849 1325 ducatorum
873 1295 1066 1325 cancellarius
1089 1296 1128 1325 ir-

384 1341 524 1380 rogabit,
549 1351 623 1381 quae
646 1342 841 1373 bibliothecae
864 1345 1036 1383 compendio
1059 1345 1129 1374 assi-

384 1394 501 1427 gnetur.

425 1438 564 1477 Theologi
594 1439 761 1469 huiusmodi
793 1441 983 1480 repetitiones
1006 1441 1127 1478 ineant,

386 1487 528 1518 nimirum
551 1489 683 1528 primarii
705 1493 764 1520 tres
791 1491 984 1529 professores,
1009 1491 1062 1520 hac
1085 1501 1129 1521 ra-

384 1536 465 1565 tione
499 1541 530 1566 ut
566 1537 715 1576 antiquior
751 1538 954 1577 praeferatur3
991 1539 1128 1569 similiter

386 1585 568 1624 vespertini3
608 1595 758 1615 sacrorum
794 1587 934 1626 deinceps
968 1587 1126 1617 bibliorum

385 1634 533 1673 professor
566 1639 594 1664 et
625 1635 745 1665 moralis
771 1635 951 1674 theologiae3
977 1641 1127 1676 praeterea

386 1683 581 1718 canonistae,
617 1688 731 1713 servato
763 1685 967 1714 cathedrarum
1003 1685 1126 1723 ordine;

384 1740 455 1760 mox
477 1730 598 1761 iuristae
613 1755 620 1768 ‚
644 1732 771 1767 medici,
796 1733 960 1762 matheseos
983 1738 1011 1763 et
1033 1734 1128 1772 philo-

381 1780 505 1819 sophiae
527 1780 657 1810 moralis.
682 1781 858 1810 Litterarum
882 1790 951 1810 vero
973 1781 1128 1812 humanio-

383 1838 449 1858 rum
474 1833 657 1868 praeceptor,
681 1830 730 1869 qui
753 1830 787 1859 ad
810 1830 952 1860 eiusmodi
979 1832 1127 1870 repetitio-

381 1887 449 1908 nem
466 1888 524 1908 non
541 1878 699 1917 obligatur,
717 1879 880 1909 orationem
895 1889 946 1919 pro
961 1880 1126 1910 studiorum

381 1926 597 1956 instauratione
613 1936 711 1956 coram
723 1927 891 1957 academiae
907 1932 990 1958 coetu
1006 1928 1036 1957 in
1053 1929 1126 1958 festo

382 1974 411 2005 S.
437 1975 532 2005 Lucae
554 1976 584 2005 in
607 1976 783 2005 semihoram
807 1976 937 2006 habebit.

423 2023 527 2054 Bidelli
542 2028 571 2053 et
593 2024 843 2054 caeremoniarum
863 2025 1002 2062 magister
1018 2026 1127 2064 profes-

383 2077 464 2098 sores
480 2072 658 2107 repetentes,
672 2069 707 2097 ad
720 2069 820 2098 domos
833 2070 966 2108 proprias
982 2074 1085 2100 euntes
1098 2074 1126 2099 et

383 2116 551 2153 redeuntes,
569 2121 600 2147 ut
618 2117 706 2146 moris
728 2121 787 2155 est,
806 2117 835 2146 in
855 2118 1056 2149 functionibus
1075 2129 1127 2158 pu—

384 2164 470 2195 blicis
486 2166 675 2195 comitentur.
692 2166 774 2201 Quod
796 2166 820 2195 si
837 2176 893 2195 non
911 2168 1124 2206 praestiterint,

383 2214 483 2244 ducati
496 2214 649 2244 dimidium
667 2214 775 2252 singuli
790 2215 959 2254 persolvant
971 2216 1005 2245 ad
1022 2215 1127 2246 biblio-

384 2267 465 2292 tecae
478 2263 695 2301 compendium.
707 2263 923 2293 Professoribus
936 2265 1126 2303 repetitiones

383 2321 451 2341 suas
469 2312 546 2350 typis
566 2311 719 2342 mandatas
741 2312 828 2342 edere
846 2313 1036 2351 concedatur,
1053 2324 1126 2353 quas

383 2360 470 2390 ctiam
490 2361 520 2390 in
539 2360 748 2391 bibliothecam
771 2361 871 2391 licebit
893 2362 1014 2392 inferre.

216 1451 290 1472 Sernes
312 1457 372 1478 repe-

189 1478 294 1499 titionum.

222 2032 371 2058 Repatentium

188 2061 309 2080 comitatus.

412 2436 473 2465 Tir.
498 2436 582 2466 XVlI.
606 2453 645 2458 —
666 2436 706 2466 De
728 2437 887 2466 tractatibus
909 2447 955 2466 seu
977 2439 1101 2467 materiis

469 2488 658 2524 professorum
680 2485 854 2515 bibliothecae
875 2486 1039 2515 inserendis.

426 2555 657 2587 Lucubrationes
671 2580 678 2594 ,
703 2566 775 2596 quas
798 2566 851 2596 pro
873 2557 1032 2595 magisterii
1063 2566 1126 2586 mu-

975 176 1160 203 BULLAMUM
1184 178 1338 203 ROMANUM

1176 235 1246 256 nere
1269 226 1448 266 professores
1478 228 1513 257 dc
1546 227 1654 267 scripto
1677 237 1729 267 per
1750 231 1842 257 totum
1866 236 1918 257 an-

1178 282 1247 303 num
1271 275 1454 305 scholaribus
1480 279 1658 315 proponunt,
1682 275 1718 305 ab
1741 275 1843 305 iisdem
1866 285 1917 305 no-

1176 322 1255 352 mine
1277 327 1306 353 et
1327 332 1404 353 anno
1427 325 1480 353 sua.
1512 333 1600 353 manu
1623 323 1804 363 subscriptas
1834 324 1918 354 scho-

1175 368 1280 400 lastico
1294 395 1301 409 ,
1326 376 1480 410 praesente
1502 372 1703 403 universitatis
1725 372 1820 402 scriba
1835 395 1842 408 ‚
1866 371 1916 411 qui

1175 428 1236 449 rem
1261 420 1290 448 in
1314 424 1377 449 acta
1399 421 1516 457 referat,
1541 421 1587 451 die
1610 422 1706 461 prima
1727 421 1836 451 mensis
1851 420 1917 451 iulii

1176 467 1383 507 exhibeantur,
1407 473 1439 499 ut
1462 469 1492 499 in
1508 470 1628 500 scriniis
1641 471 1734 510 ipsius
1750 470 1917 501 academiae

1176 521 1341 547 serventur.
1364 517 1393 548 Si
1415 518 1481 557 quis
1504 528 1572 548 vero
1594 529 1631 549 ex
1653 520 1868 558 professoribus
1888 520 1917 550 id

1177 566 1272 595 facere
1295 567 1486 605 recusaverit,
1510 567 1649 597 mulctam
1672 568 1773 597 decem
1796 568 1916 598 ducato-

1176 623 1241 644 rum
1275 614 1389 652 subeat,
1422 614 1617 645 bibliothecae
1639 616 1822 656 compendiis
1844 617 1916 647 assi-

1175 663 1334 700 guandam.

1215 712 1275 742 Hoc
1297 712 1366 742 item
1390 713 1580 752 praestabunt
1599 722 1700 742 omnes
1716 713 1915 752 proprietarii,

1175 763 1297 797 excepto
1310 758 1472 788 rhetorices
1485 759 1660 798 professore.
1674 760 1819 797 Regentes
1835 769 1917 799 prae-

1176 811 1254 836 terea
1279 808 1362 837 Sexti
1385 812 1414 837 et
1436 807 1704 845 Clementinarum,
1734 808 1839 846 digesti
1868 817 1916 838 ve-

1176 856 1247 885 teris
1280 860 1308 886 et
1334 856 1514 895 voluminis,
1538 857 1689 893 methodi,
1718 857 1915 896 simplicium,

1175 905 1347 934 anathemes
1370 909 1397 934 et
1419 905 1598 943 chirurgiae.
1622 906 1738 945 Septem
1762 915 1830 935 vero
1849 915 1916 946 pro-

1175 954 1300 983 fessores
1332 955 1441 984 artium
1463 959 1567 984 exacto
1591 955 1731 991 triennio,
1756 955 1841 984 sicuti
1865 955 1915 994 qui

1175 1006 1330 1032 tractatum
1363 1012 1416 1032 seu
1448 1003 1599 1032 materiam
1632 1004 1708 1033 ultra
1739 1013 1860 1041 annum,
1883 1009 1915 1034 ut

1174 1060 1226 1089 per
1258 1055 1365 1081 statuta
1400 1051 1488 1088 licet,
1523 1052 1729 1087 extenderint,
1765 1062 1828 1082 eam
1856 1063 1915 1083 non

1174 1099 1231 1128 nisi
1253 1099 1416 1129 absolutam
1438 1100 1571 1137 afferant,
1595 1100 1672 1139 quod
1693 1105 1722 1130 et
1739 1101 1916 1132 cancellario

1173 1148 1357 1178 innotescere
1390 1153 1418 1178 et
1450 1150 1628 1179 secretarius
1662 1149 1691 1178 in
1719 1154 1782 1179 acta
1805 1150 1915 1180 referre

1172 1196 1286 1226 debeat.

1213 1244 1412 1275 Cancellarius
1435 1255 1535 1275 curam
1558 1250 1650 1284 gerat,
1675 1251 1706 1276 ut
1729 1251 1871 1278 tractatus
1886 1258 1916 1278 e-

1172 1293 1297 1323 iusmodi
1317 1294 1512 1324 bibliothecae
1528 1296 1676 1334 quamcito
1692 1296 1866 1335 inferantur,
1883 1297 1915 1327 in

1173 1342 1267 1381 iisque
1289 1343 1486 1372 custodiendis
1509 1344 1591 1380 ordo,
1616 1344 1691 1374 ratio
1721 1348 1749 1373 et
1772 1344 1915 1384 quidquid

1173 1400 1225 1428 pro
1242 1390 1364 1430 reliquis
1381 1390 1576 1421 bibliothecae
1599 1391 1682 1421 libris
1699 1396 1838 1422 statutum
1858 1396 1914 1432 est,

1173 1440 1292 1469 omnino
1315 1445 1459 1470 servetur.

1210 1515 1272 1545 T1r.
1300 1515 1398 1545 XVllI.
1427 1534 1461 1537 ——
1488 1516 1529 1545 De
1553 1516 1656 1546 salario
1680 1518 1869 1555 professorum

1284 1564 1426 1593 cathedras
1445 1568 1594 1603 perpetuas
1615 1565 1804 1594 obtinentium.

1212 1633 1396 1663 Professores
1412 1634 1461 1672 qui
1478 1634 1649 1664 cathedram
1666 1639 1838 1673 perpetuam
1854 1635 1913 1665 sint

1171 1681 1289 1720 adepti,
1313 1682 1391 1712 infra
1422 1686 1562 1712 semestre
1588 1683 1754 1713 doctoratus
1783 1684 1913 1714 lauream

1171 1731 1311 1769 consequi
1335 1731 1476 1766 debeant,
1501 1735 1588 1770 atque
1610 1731 1730 1761 interim
1757 1732 1915 1762 cathedrae

1170 1779 1309 1809 salarium
1346 1780 1418 1819 ipsis
1455 1790 1513 1809 non
1549 1780 1743 1819 persolvatur.
1775 1780 1856 1816 Quod
1888 1781 1913 1811 si

1170 1828 1337 1857 huiusmodi
1361 1833 1475 1867 tempus
1499 1829 1575 1858 elabi
1599 1829 1765 1868 patiantur,
1790 1834 1818 1859 et
1846 1839 1915 1868 gra-

1170 1875 1258 1914 dum,
1283 1880 1315 1906 ut
1345 1876 1575 1915 praescribitur,
1599 1878 1748 1916 suscipere
1777 1878 1914 1916 neglexe-

1170 1925 1251 1963 rint,
1276 1925 1338 1964 ipsa
1362 1934 1478 1965 quoque
1499 1925 1637 1955 cathedra
1660 1926 1824 1965 priventur.

1209 1973 1239 2004 Si
1262 1975 1339 2005 intra
1359 1983 1409 2004 sex
1429 1983 1544 2003 menses
1559 1974 1651 2012 gradu
1668 1974 1798 2004 nondum
1814 1984 1917 2005 susce-

1170 2027 1236 2061 pto,
1260 2026 1309 2051 aut
1332 2031 1347 2051 e
1369 2022 1430 2052 vita
1453 2023 1646 2057 excesserint,
1672 2027 1720 2052 aut
1742 2022 1912 2053 cathedram

1170 2071 1242 2100 alias
1264 2071 1460 2109 deseruerint,
1484 2080 1585 2100 eorum
1609 2071 1748 2100 salarium
1764 2071 1794 2100 in
1811 2071 1912 2101 acade-

1169 2121 1237 2150 mici
1260 2121 1351 2150 orarii
1374 2121 1579 2160 compendium
1603 2121 1696 2150 cedat.

1208 2168 1237 2198 Si
1261 2168 1429 2206 contigerit,
1453 2168 1580 2207 aliquem
1604 2177 1638 2197 ex
1661 2168 1828 2198 huiusmodi
1845 2177 1912 2208 pro-

1169 2217 1350 2255 fessoribus,
1374 2217 1496 2247 dimidio
1530 2222 1626 2247 tamen
1659 2226 1747 2247 cursu
1780 2217 1839 2246 iam
1862 2227 1911 2256 pe-

1169 2270 1259 2300 racto,
1283 2276 1298 2295 e
1322 2266 1382 2295 vita
1406 2266 1545 2303 migrare,
1578 2265 1634 2303 ipsi
1657 2266 1797 2295 salarium
1820 2266 1915 2296 totius

1168 2315 1237 2343 anni
1259 2314 1447 2352 exsolvatur3
1471 2314 1714 2353 quemadmodum
1742 2318 1770 2345 et
1800 2315 1911 2354 profes-

1168 2362 1284 2391 soribus
1316 2362 1351 2392 ob
1384 2363 1536 2392 vicennale
1558 2363 1740 2392 curriculum
1763 2363 1908 2393 emeritis.

1168 2411 1205 2440 Iis
1229 2421 1298 2441 vero
1318 2411 1368 2450 qui
1391 2411 1436 2440 vel
1460 2411 1584 2450 promoti
1614 2411 1741 2449 fuerint,
1770 2412 1816 2441 vel
1843 2412 1909 2442 aliis

1168 2459 1203 2489 de
1225 2459 1321 2489 causis
1343 2460 1485 2489 cathedra
1502 2469 1532 2489 se
1548 2459 1761 2497 abdicaverint,
1779 2460 1813 2489 ad
1829 2460 1908 2490 diem

1168 2508 1328 2545 dumtaxat,
1349 2518 1406 2547 quo
1420 2508 1519 2546 legere
1536 2517 1587 2547 per
1602 2517 1633 2538 se
1649 2509 1840 2546 cessaverint,
1855 2517 1911 2548 pro

1167 2558 1232 2586 rata
1254 2556 1393 2586 salarium
1416 2556 1609 2596 dependatur.

1924 178 1976 205 Au.
1994 177 2023 204 C.
2041 176 2117 206 1730
