2182 3137
46 203 94 229 ΑΙΙ.
110 200 139 228 G.
161 200 229 227 1730

76 2499 163 2520 t’artttio
178 2499 216 2520 ho·

35 2529 112 2545 rarum.

865 199 1006 222 CLEMENS
1030 200 1074 222 ΧΠ
1098 201 1146 223 Pr.

237 248 279 277 cis
302 248 336 277 de
359 247 614 283 accusationibus;
649 247 834 286 vespertinus
867 246 977 275 codicis

237 296 271 325 de
289 297 390 326 mortis
413 298 499 326 causa
523 295 747 331 donationibus;
766 294 924 324 voluminis
942 294 977 323 de

237 344 341 374 studiis
363 344 529 374 liberalium
553 345 670 379 artium,
694 344 755 372 sive
777 343 811 372 de
828 343 891 372 iure
913 351 979 371 aca-

236 393 367 422 demico:
391 393 496 430 digesti
518 392 636 427 veteris,
661 395 692 420 111
714 400 815 430 supra.

276 441 329 476 Qui
356 441 533 480 temporales
566 440 785 470 institutionum
822 438 977 469 Iustiniani

237 490 389 519 cathedras
411 494 530 527 regunt,
554 489 757 518 institutiones
790 489 904 517 easdem
943 487 978 516 ad

237 537 369 575 singulos
401 542 498 567 textus
531 547 582 567 seu
616 538 816 576 paragraphos
850 537 978 566 triennio

236 585 296 615 suis
329 586 512 615 auditoribus
535 586 788 625 interpretentur,
820 589 851 614 ut
886 585 977 623 prima

234 634 308 664 iuris
331 635 473 664 elementa
509 635 584 664 facili
619 639 647 664 et
679 634 807 673 simplici
830 634 878 663 vict
911 643 978 662 mox

234 683 346 712 felicius
369 687 397 712 et
419 683 521 713 utilius
544 683 714 719 addiscant,
739 683 843 721 inquo
864 687 977 721 tempus

234 732 322 760 etiam
346 736 373 761 et
396 732 485 761 forma
509 731 545 761 ab
564 731 713 760 academia
737 730 903 769 praefinita,
923 739 976 759 nec

233 780 311 809 lente
334 789 387 809 nec
412 780 552 815 remisse,
577 780 627 809 sed
657 780 773 809 naviter
796 783 824 809 et
847 779 977 809 studiose

233 833 400 858 serventur.

273 877 380 907 Omnes
403 878 556 917 utriusque
580 878 652 907 iuris
681 878 879 916 professores,
914 877 976 906 sive

233 926 367 965 perpetui
390 926 450 955 sive
484 926 675 965 temporales,
701 926 729 955 in
755 926 882 964 primum
905 934 976 964 qna-

232 974 397 1004 driennium
423 980 562 1005 tractatus
589 985 657 1005 suos
686 980 714 1004 et
736 974 973 1009 commentarios,

232 1033 304 1062 quos
327 1024 355 1052 in
380 1024 511 1062 singulos
533 1034 624 1054 annos
655 1024 690 1053 de
719 1024 829 1062 scripto
859 1023 974 1052 schola-

231 1071 312 1101 ribus
336 1072 451 1102 tradere
473 1072 590 1110 dehent,
615 1082 650 1101 ex
668 1072 734 1102 albo
753 1072 907 1101 desument
923 1081 974 1101 seu

231 1121 327 1150 edicto
360 1122 545 1158 academico,
570 1122 600 1150 in
629 1122 753 1151 alterum
778 1131 847 1150 vero
871 1121 906 1150 ad
929 1130 974 1149 ar-

230 1170 370 1200 bitratum
393 1180 478 1200 suum
494 1194 501 1207 ,
526 1170 683 1199 dummodo
717 1170 842 1207 singulis
877 1169 974 1199 cathe-

229 1219 290 1248 dris
323 1219 538 1258 respondeant,
572 1219 702 1256 deligere
725 1223 882 1257 poterunt,
919 1228 973 1247 nec

230 1267 305 1297 intra
329 1268 401 1297 illud
424 1272 488 1298 octo
511 1277 655 1297 annorum
686 1268 814 1307 spatium
837 1267 972 1297 eumdem

230 1321 386 1346 tractatum
424 1322 580 1356 reponant.
605 1317 757 1346 Eiusmodi
794 1321 972 1346 tractatuum

229 1365 361 1395 delectus
383 1365 526 1396 habeatur
548 1366 669 1396 ineunte
693 1366 768 1395 maio
791 1375 889 1395 coram
906 1375 972 1395 can<

229 1415 350 1444 cellario
386 1415 415 1444 in
453 1415 584 1452 singulos
627 1415 749 1444 alterius
782 1415 971 1454 quadriennii

228 1472 321 1492 annos
343 1462 424 1492 iuxta
453 1473 587 1492 normam
610 1473 685 1502 quae
716 1463 859 1500 theologis
889 1472 973 1502 prae-

229 1511 338 1550 scripta
361 1515 415 1541 est.

268 1559 364 1589 Cuivis
387 1561 415 1589 in
439 1564 564 1599 utroque
597 1561 661 1589 inre
696 1560 853 1599 professori
886 1560 972 1591 liceat

229 1613 396 1647 tractatum,
420 1619 434 1638 a
458 1618 488 1638 50
510 1610 669 1648 quotannis
692 1609 861 1647 ceteroquin
885 1609 972 1638 eden-

227 1658 318 1695 dnm,
342 1659 377 1688 ad
411 1658 578 1697 proximum
616 1658 660 1687 vel
687 1658 858 1688 ulteriorem
882 1659 970 1688 etiam

227 1716 337 1736 annum
363 1707 544 1746 protrahere,
565 1707 588 1736 si
604 1707 633 1736 id
658 1708 775 1736 ubertas
798 1707 970 1746 utilitasque

227 1756 367 1786 materiae
399 1756 611 1795 postulaverit:
643 1761 672 1786 et
699 1766 714 1786 e
736 1761 837 1786 contra
872 1757 970 1796 plnres

227 1814 344 1844 quoque
367 1805 469 1834 eodem
493 1814 569 1835 anno
592 1808 735 1835 tractatus
766 1806 913 1844 proferre,
946 1805 970 1835 si

225 1851 267 1881 ita
291 1851 417 1881 breviter
439 1852 609 1882 eorumdem
626 1853 748 1882 materia
765 1851 970 1882 circumscribi

227 1904 255 1930 et
277 1899 387 1930 absolvi
410 1901 512 1939 possit.

267 1949 450 1979 Professores
475 1959 621 1979 canonum
644 1950 674 1979 in
697 1950 888 1980 contexendis
912 1955 970 1980 tra-

227 1998 356 2028 ctatibus
390 1998 533 2038 quidquid
566 1999 596 2028 in
619 1998 726 2037 Sexto,
764 1999 967 2037 Clemenssnis,

226 2047 502 2085 Extramgantibus,
528 2048 660 2078 Concili0
675 2048 849 2079 Tridentino
871 2053 899 2079 et
918 2059 969 2088 po-

226 2096 400 2126 sterioribus
436 2096 597 2135 pontificiis
635 2098 895 2128 constitutionibus
932 2108 967 2128 ex

225 2144 290 2175 iure
313 2145 434 2184 antiquo
456 2145 626 2183 derogatum
657 2151 880 2186 correctumque
903 2147 968 2177 dili-

225 2198 328 2232 genter
351 2194 598 2224 animadvertant.
623 2195 689 2224 Pari
712 2196 807 2225 studio
822 2196 850 2225 id
870 2196 967 2235 ipsum

225 2247 374 2281 praestent
396 2243 574 2282 professores
596 2244 671 2273 iuris
693 2244 801 2282 civilis,
818 2249 860 2283 ut,
879 2245 967 2275 colla-

225 2292 303 2320 tione
326 2291 422 2329 legum
446 2301 635 2322 romanarum
657 2302 723 2323 cum
746 2294 856 2323 nostris
879 2294 966 2331 facta,

226 2340 295 2378 quid
318 2340 409 2376 olim,
444 2341 550 2380 quidve
584 2342 669 2371 hodie
697 2342 725 2371 in
750 2343 810 2372 foro
833 2346 862 2372 et
885 2344 967 2382 praxi

226 2388 369 2426 obtineat,
393 2390 544 2420 auditores
566 2391 698 2421 funditus
720 2392 857 2422 hauriant
875 2397 903 2422 et
925 2393 969 2422 lu-

226 2437 373 2467 culentius
396 2438 583 2477 perspiciant.

268 2486 450 2515 Professores
472 2487 605 2525 primarii
628 2497 786 2524 canonum,
810 2490 968 2529 pandecta-

226 2544 291 2564 rum
315 2539 344 2564 ct
366 2535 475 2565 codicis
498 2536 569 2565 hora.
585 2538 660 2565 nona
680 2538 916 2568 antemeridiana
932 2539 966 2568 ad

227 2583 368 2613 decimam
393 2585 533 2614 lectiones
551 2595 618 2614 suas
642 2586 773 2622 tradent3
797 2588 967 2617 earumdem

298 2642 377 2668 Ball.
398 2642 481 2668 Rom.
504 2658 536 2662 -
560 2643 620 2670 Vol.
644 2643 752 2670 XXIII.
914 2644 948 2671 92

1659 193 1722 227 1119

1021 246 1159 276 classium
1184 250 1342 287 vespertini
1368 250 1443 280 110111
1473 251 1602 280 secundat
1636 251 1761 290 pomeri-

1021 295 1108 324 diana
1143 297 1177 326 ad
1211 298 1349 336 tertiam3
1380 300 1558 338 professores
1591 300 1705 330 Decrett
1734 304 1763 330 et

1021 344 1141 374 Concilii
1165 346 1236 375 hora
1259 347 1373 376 decima
1395 349 1627 378 antemeridiana
1652 349 1686 378 ad
1709 359 1763 378 un-

1021 392 1182 429 decimam;
1209 395 1288 424 Sexti
1318 401 1346 426 et
1369 396 1618 427 Clementinarnm
1653 398 1763 437 profes-

1022 450 1101 470 sores
1125 441 1196 471 11010
1219 444 1379 483 quaeipsis
1403 446 1597 484 praefigetur,
1616 447 1763 485 professor

1022 489 1178 519 voluminis
1202 492 1290 521 1011151
1323 495 1521 532 pomeridiana
1546 496 1581 525 ad
1607 500 1761 534 quartam3

1024 539 1170 576 professor
1206 540 1310 577 digesti
1346 543 1472 578 veteris,
1507 543 1576 572 hora
1612 549 1641 573 ut
1674 554 1762 583 supra

1022 588 1189 617 statuenda..

1074 638 1208 673 tegentes
1230 637 1424 669 decretalium
1448 640 1572 678 singulis
1588 641 1762 671 lectionibus

1022 684 1082 713 suis
1106 685 1236 723 praesint
1258 687 1293 715 ad
1315 688 1505 726 sesquihorae
1528 689 1653 727 spatium
1676 689 1763 719 alter-

1022 733 1077 769 nis,
1102 733 1138 763 ab
1161 735 1234 763 liora
1257 736 1387 765 secunda
1409 736 1442 765 ad
1467 737 1599 776 quintam
1623 743 1686 776 post
1704 748 1763 767 me-

1021 781 1142 811 ridiem:
1178 783 1208 811 in
1242 784 1358 813 tertiam
1381 794 1449 814 vero
1473 786 1663 824 sesquihorae
1696 796 1762 825 par-

1022 830 1078 857 tem
1102 829 1166 858 viva
1190 839 1259 859 voce
1282 834 1309 859 et
1332 831 1473 860 continuit
1496 831 1628 860 oratione
1662 832 1762 862 lectio-

1021 886 1072 905 nes
1112 878 1276 916 propositas
1317 879 1529 918 explicabunt:
1575 880 1644 909 liora
1686 890 1761 920 quae

1019 929 1170 964 superest,
1201 926 1237 956 ad
1269 927 1373 956 thesim
1407 937 1442 957 ex
1476 928 1638 958 visceribus
1671 930 1714 958 rei
1746 939 1761 959 a

1020 979 1208 1013 praeceptore
1244 976 1394 1014 expositae
1423 977 1559 1006 eductam
1595 978 1762 1008 (3111Χο1115-

1020 1023 1175 1060 putandam
1200 1028 1228 1054 et
1251 1024 1467 1055 discutiendam
1488 1031 1546 1056 tota
1563 1027 1761 1065 impendatur.

1019 1071 1099 1100 L'nus
1122 1082 1157 1101 ex
1179 1073 1364 1103 auditoribus
1398 1080 1644 1114 propugnatorem
1678 1081 1759 1114 agat:

1019 1125 1076 1150 tres
1099 1128 1270 1157 argumenta
1304 1123 1460 1153 adiiciant:
1494 1125 1640 1163 professor
1670 1125 1760 1155 nodos

1017 1172 1282 1201 controversiarum
1306 1172 1445 1202 dissolvet
1466 1177 1494 1202 et
1517 1173 1683 1203 extricabit.
1702 1175 1760 1204 Ilu-

1017 1219 1142 1249 iusmodi
1156 1221 1336 1259 quotidianis
1348 1222 1610 1252 exercitationibus
1622 1222 1761 1262 discipuli

1016 1277 1117 1297 omnes
1132 1269 1298 1298 alternatim
1315 1275 1428 1300 vacent.
1444 1270 1549 1301 Eadem
1566 1271 1685 1301 omnino
1702 1281 1761 1301 1110-

1017 1316 1121 1346 111011115
1134 1321 1162 1347 01
1175 1318 1313 1357 temporis
1326 1320 1444 1357 partitio
1457 1320 1677 1350 institutionum
1691 1322 1761 1351 civi—

1015 1365 1086 1394 lium
1095 1366 1267 1403 rcgentibus
1277 1367 1454 1397 adamussim
1466 1369 1607 1399 servanda
1618 1372 1760 1408 praescri-

1016 1414 1113 1452 bitur,
1135 1415 1173 1445 ita
1196 1420 1290 1445 tamen
1309 1421 1340 1446 ut
1356 1427 1456 1447 omnes
1471 1418 1615 1457 incipiant
1634 1424 1697 1458 post
1715 1430 1760 1450 se-

1016 1465 1135 1502 ptimam
1150 1470 1177 1494 et
1191 1465 1293 1494 horam
1309 1465 1460 1495 dimidiam
1481 1469 1754 1499 antemeridianam.

1054 1512 1122 1542 Tam
1147 1514 1335 1552 proprietarii
1364 1524 1451 1553 quam
1481 1522 1615 1554 regentes
1647 1518 1758 1556 profes-

1015 1571 1107 1599 sores,
1132 1572 1206 1600 qnae
1229 1563 1373 1592 hactenus
1397 1565 1508 1593 censita
1532 1570 1600 1595 sunt
1624 1575 1675 1604 pro
1694 1567 1758 1597 iure

1014 1610 1155 1639 canonico
1182 1615 1211 1640 et
1234 1611 1313 1640 civili
1336 1611 1466 1641 docendo
1499 1617 1526 1642 et
1559 1614 1756 1653 addiscendo,

1014 1658 1239 1696 diligentissime
1261 1665 1399 1696 servent,
1424 1666 1451 1690 ct
1474 1662 1647 1699 provideant
1679 1668 1710 1693 ut
1742 1674 1756 1693 a

1014 1707 1167 1746 discipulis
1190 1707 1401 1745 observentnr3
1432 1709 1596 1749 horumque
1630 1712 1756 1742 maxime

1015 1756 1156 1786 habeatur
1170 1758 1244 1786 ratio
1258 1758 1287 1786 in
1301 1766 1405 1787 cursus
1419 1759 1555 1788 litterarii
1572 1760 1756 1799 probatione,

1013 1814 1100 1843 qnam
1124 1806 1292 1836 nullatenus
1310 1807 1473 1837 concedant
1491 1808 1686 1847 auditoribus,
1707 1811 1757 1849 qui

1013 1854 1189 1884 lectionibus
1212 1855 1352 1893 siugulis,
1377 1861 1408 1885 111
1440 1857 1557 1886 statutis
1591 1858 1757 1889 academiae

1014 1904 1199 1942 praefinitur,
1224 1914 1283 1933 non
1306 1904 1506 1934 interfuerint.
1533 1906 1563 1934 In
1581 1906 1635 1936 hoc
1657 1911 1755 1937 autem

1013 1953 1166 1982 severitate
1203 1953 1300 1992 potius
1329 1954 1460 1983 omnium
1494 1959 1601 1985 acuant
1634 1956 1756 1994 diligen-

1013 2001 1094 2038 tiam,
1108 2011 1194 2040 quam
1208 2001 1391 2040 indulgentia
1406 2003 1617 2041 negligentium
1639 2005 1756 2035 foveant

1011 2050 1164 2080 desidiam.

1051 2100 1197 2137 neg-entes
1219 2099 1410 2129 decretalium
1435 2105 1463 2130 et
1478 2101 1698 2131 institutionum
1715 2103 1756 2132 ci-

1011 2149 1111 2178 vilium
1136 2148 1301 2188 quibusque
1323 2149 1479 2179 dominicis
1508 2149 1611 2180 diebus
1645 2155 1755 2190 tempo-

1010 2197 1051 2226 ris
1073 2197 1171 2227 lectivi
1196 2208 1247 2237 pro
1270 2203 1409 2236 suggestu
1432 2199 1610 2237 discipulum
1632 2199 1755 2229 alternis

1012 2246 1193 2284 producant,
1217 2246 1267 2286 qui
1291 2247 1395 2277 thesim
1410 2270 1418 2284 ‚
1443 2257 1480 2277 ex
1503 2247 1577 2277 libro
1600 2257 1687 2286 quem
1720 2258 1754 2278 00

1011 2305 1088 2325 011110
1112 2296 1348 2335 interpretantur
1380 2296 1615 2334 decerpendam,
1651 2297 1754 2335 hyeme

1011 2343 1047 2373 ab
1070 2344 1143 2374 horst
1165 2346 1267 2373 octavii
1285 2345 1320 2373 ad
1337 2344 1491 2382 decimam,
1514 2354 1579 2374 vere
1595 2354 1609 2373 a
1629 2346 1755 2384 septima.

1011 2393 1047 2422 ad
1069 2402 1177 2422 nonam
1201 2393 1448 2422 antemeridianas
1473 2398 1647 2432 propugnet.

1052 2442 1201 2471 Adversus
1223 2442 1303 2471 illam
1327 2446 1384 2471 tam
1402 2442 1430 2471 in
1449 2442 1598 2472 canonicis
1622 2442 1754 2473 thesibus

1011 2500 1099 2530 quam
1135 2491 1163 2520 in
1201 2490 1338 2519 civilibus
1371 2496 1537 2529 proponant
1579 2496 1751 2528 argumenta

1011 2544 1136 2578 quatuor
1164 2539 1287 2569 studiosi
1323 2548 1360 2568 ex
1393 2544 1519 2577 quatuor
1550 2540 1755 2579 iurisprudcn-

1012 2589 1068 2618 tiae
1092 2588 1249 2618 classibus:
1284 2588 1419 2618 videlicet
1442 2589 1568 2628 primum
1604 2589 1753 2620 studiosus

1770 206 1818 229 An.
1835 203 1863 230 C.
1883 202 1957 230 ’1730

1811 655 1891 675 Theca:
1909 660 1956 680 prm

1773 682 1892 707 ponendae.
