2182 3137
14 247 61 282 μ.
79 243 109 270 c.
130 242 198 270 ¹733

43 677 140 700 Far-ibas
151 681 199 696 con-

19 707 100 728 ceditur
129 706 150 724 ut
178 704 199 723 in

19 734 110 756 rubrica.

58 2280 177 2302 clausulae.

835 243 977 267 CLEMENS
1002 243 1048 267 xl!
1072 244 1123 268 PP.

206 292 343 333 laboret,
362 303 397 326 ac
421 293 623 326 multo'aere
650 293 757 326 alieno
784 297 947 334 gravetur,

207 350 303 389 atque
337 357 374 379 ex
407 346 522 379 annuis
548 345 844 379 contributiouibus
870 345 949 378 reli-
973 380 974 402 Χ

207 409 345 441 quorum
374 400 649 433 monasteriorum
683 399 830 432 eiusdem
861 398 949 432 Con-

208 454 409 495 gregationis
427 454 664 487 substentetur:
684 453 859 496 cupiatque
878 463 953 495 pro-

208 512 320 549 pterea
344 513 538 550 procurator
574 507 737 550 generalis
767 506 953 549 praedictus

210 566 393 602 opportune
420 560 450 592 in
479 561 665 604 praemissis
682 571 698 592 a
724 560 819 593 nobis
846 559 952 602 prori-

210 611 278 644 deri
305 619 334 645 et
361 619 390 644 ut
418 613 501 646 infra
528 613 716 656 indulgeri:

254 666 269 708 ἓ
301 665 332 699 3.
368 665 449 705 Nos,
481 667 586 709 ipsum
619 671 866 709 procuratorem
900 677 953 708 ge-

212 721 355 752 neralem
389 720 586 763 specialibus
622 720 785 753 favoribus
817 726 848 752 et
882 730 954 762 grav

213 771 263 804 tiis
291 773 445 816 prosequi
480 774 650 813 volentes,
686 779 716 806 et
746 785 762 806 a
790 773 954 816 quibusvis

213 826 577 866 excommunicationis,
600 827 824 869 suspensionis
851 832 882 859 et
909 827 955 859 in-
976 822 978 851 ἶ

215 879 360 918 terdicti,
394 879 530 923 aliisque
565 880 794 913 ecclesiasticis
827 886 979 913 senten-¹

213 931 281 971 tiis,
308 932 452 965 censuris
478 938 509 965 et
533 933 669 976 poenis,
695 944 712 966 a
738 934 807 966 iure
834 935 885 967 vel
916 934 955 966 ab

214 985 372 1025 bomine,
409 986 520 1029 quavis
561 987 730 1020 occasione
771 987 818 1020 vel
861 989 957 1020 eausa

214 1039 308 1079 latis,
336 1039 360 1072 si
392 1039 511 1083 quibus
543 1040 792 1084 quomodolibet
824 1041 957 1074 innoda-

214 1098 264 1125 tus
300 1093 434 1133 existit,
474 1093 512 1125 ad
548 1093 694 1127 ellectum
736 1090 980 1139 praesentium}

216 1152 337 1178 tantum
364 1147 643 1190 consequendum,
663 1148 777 1180 barum
803 1148 886 1181 serie
909 1148 958 1181 ab·
979 1143 980 1146 ¹

215 1201 379 1233 solventes
406 1206 437 1233 ct
461 1201 648 1233 absolutum
676 1202 744 1234 fore
771 1207 957 1242 censentes,
980 1220 981 1233 l

216 1253 512 1297 supplicationibus
534 1254 604 1286 eius
631 1255 763 1287 nomine
791 1255 885 1287 nobis
911 1246 981 1290 sii-i

215 1317 275 1350 per
313 1307 374 1340 lioc
401 1307 569 1340 humiliter
605 1309 765 1350 porrectis
792 1308 958 1348 inclinati,
980 1314 982 1320 ’

217 1360 344 1393 dilectis
370 1359 443 1393 filiis
469 1361 576 1394 abbati
603 1363 762 1404 generali,
789 1373 825 1394 ac
850 1361 960 1395 delini-

219 1414 345 1447 toribus
364 1415 529 1458 praefatae
548 1414 818 1458 Congregationis
837 1416 867 1448 in
887 1426 961 1459 pro·
981 1418 982 1427 ¹

218 1467 302 1500 xima
328 1467 415 1500 illius
441 1467 539 1500 dicta*
563 1468 692 1501 annuali
721 1469 852 1502 insimul
878 1479 957 1502 cou-

218 1521 406 1564 gregandis,
421 1521 506 1565 quod
535 1521 689 1565 deinceps
715 1522 891 1566 capitulum
912 1533 961 1565 ge·

218 1577 328 1609 ncrale
356 1575 500 1608 eiusdem
519 1575 788 1618 Congregationis
811 1576 882 1620 ipsa
904 1577 961 1609 do-

218 1629 335 1662 minica
355 1629 447 1662 tertia
465 1635 541 1673 post
559 1629 683 1663 Pascha
701 1630 961 1663 Resurrectionis
982 1641 983 1647 ¹

219 1682 411 1723 dominicae,
431 1682 541 1726 sicque
568 1688 634 1716 tres
653 1683 721 1716 dies
743 1683 847 1716 serius
865 1694 959 1727 quam

219 1737 377 1770 hactenus
403 1736 470 1769 lieri
508 1737 696 1777 consuevit,
721 1737 880 1770 celebrari
907 1738 962 1770 de-

219 1790 318 1830 heat,
355 1790 457 1830 itaut,
486 1790 679 1824 durantibus
707 1791 810 1824 tribus
847 1791 984 1825 diebus*

219 1844 420 1885 huiusmodi,
435 1844 582 1885 abbates,
603 1844 766 1887 generalis
793 1850 824 1877 ct
841 1844 962 1878 locales

220 1909 256 1930 ae
275 1898 457 1931 visitatores
484 1897 586 1930 dictae
612 1898 878 1941 Cougregationis
904 1909 962 1941 pro

222 1958 369 1996 tempore
395 1957 539 1984 extantes
555 1952 587 1984 in
605 1952 670 1984 suis
696 1951 877 1995 respective
896 1963 964 1984 mu-

220 2005 359 2046 neribus,
382 2011 480 2049 prout
504 2011 612 2046 antea,
632 2005 824 2038 continuare
850 2005 962 2045 libere,

221 2060 307 2093 licite
333 2064 365 2093 et
388 2059 493 2093 valide
519 2059 648 2102 possint
672 2065 703 2092 et
728 2060 874 2100 valeant,
901 2065 965 2092 sta-

222 2113 334 2147 tuendi
360 2119 392 2146 ct
416 2113 588 2146 ordinandi
609 2114 804 2152 facultatem,
824 2113 963 2146 auetori-

223 2172 286 2200 tate
312 2167 503 2210 apostoliea,
522 2172 635 2200 tenore
655 2166 891 2211 praesentium,
912 2167 965 2199 tri-

222 2220 353 2253 buimus
379 2226 410 2254 et
435 2219 652 2263 impartimur.

267 2274 337 2317 §la
376 2272 617 2314 Decernentes,
651 2274 738 2317 ipsas
775 2279 966 2317 praesentes

224 2328 349 2361 litteras
376 2327 504 2368 firmas,
530 2327 649 2361 validas
676 2333 706 2360 et
731 2327 876 2360 efficaces
901 2327 966 2360 exi-

224 2387 310 2415 stere
332 2387 364 2414 et
388 2382 455 2415 fore
471 2409 479 2422 ,
504 2392 645 2425 suosque
671 2381 840 2425 plenarios
865 2387 896 2414 et
920 2381 968 2414 iu-

226 2441 336 2479 tegros
361 2435 494 2469 effectus
528 2436 638 2469 sortiri
672 2442 703 2469 et
727 2435 878 2469 obtinere
895 2462 902 2476 ‚
932 2446 968 2468 ac

226 2488 310 2528 illis,
337 2489 376 2521 ad
413 2499 496 2532 quos
528 2493 653 2532 spectat
678 2494 709 2521 et
734 2499 793 2532 pro
820 2494 968 2532 tempore

226 2542 394 2585 spectabit,
410 2542 598 2584 plenissime
613 2540 797 2584 suffragari,
815 2547 846 2575 et
864 2542 903 2574 ab
923 2542 969 2574 eis

228 2596 406 2639 respectIve
432 2595 664 2628 inviolabiliter
696 2594 881 2635 observari,
914 2595 970 2627 sic·

263 2659 274 2686 1
298 2658 401 2686 Forsan
423 2658 501 2686 dieta
523 2666 571 2694 pro
591 2658 665 2686 dicta
688 2657 833 2694 legendum
855 2658 956 2694 (antu).

995 303 1057 334 que
1085 293 1115 325 iu
1143 293 1331 336 praemissis
1360 303 1419 336 per
1444 302 1667 337 quoscumque
1695 291 1741 324 iu-

995 345 1082 378 dices
1118 346 1303 379 ordinarios
1341 353 1372 378 et
1413 347 1607 389 delegatos,
1641 344 1739 378 etiam

995 409 1166 431 causarum
1193 399 1302 442 palatii
1341 399 1512 442 apostolici
1549 398 1738 437 auditores,

996 451 1132 484 iudicari
1161 458 1191 485 et
1220 452 1347 485 deliniri
1383 453 1527 492 debere,
1554 464 1589 485 ac
1614 451 1741 484 irritum

997 511 1029 537 et
1046 505 1139 538 inane
1165 506 1189 538 si
1212 517 1305 538 secus
1331 517 1428 549 super
1454 507 1503 539 liis
1525 518 1539 538 a
1563 516 1740 549 quoquam,

998 559 1109 601 quavis
1135 559 1337 598 auctoritate,
1356 560 1495 592 scienter
1521 561 1568 592 vel
1591 560 1743 602 ignoran-

975 608 976 637 ἰ
999 616 1058 650 ter,
1083 612 1257 654 contigerit
1281 612 1444 644 attentari.

1042 663 1105 707 35.
1129 663 1197 697 Non
1225 663 1430 697 obstantibus
1457 664 1743 697 constitutionibus

999 722 1027 750 et
1066 717 1329 750 ordinationilms
1365 718 1580 759 apostolicis,
1615 727 1743 750 necnon

976 770 1292 819 γ(ἶοῃςιπῑςιιιῑοηὶς,
1324 770 1452 804 Ordinis
1489 777 1519 804 et
1556 771 1745 804 monasterii

1000 825 1241 868 praefatorum,
1270 825 1365 857 etiam
1392 824 1577 858 iuramento
1595 852 1603 864 ,
1629 824 1746 857 coufir-

1001 878 1141 911 matione
1167 878 1361 921 apostolica,
1384 878 1431 911 vel
1457 878 1568 922 quavis
1597 877 1745 910 firmitate

978 947 979 958 κ
1001 932 1063 964 alia
1088 931 1264 970 roboratis,
1294 932 1422 964 statutis
1450 937 1481 964 ct
1506 931 1747 964 consuetudini-

1001 984 1073 1025 bus,
1088 984 1268 1028 privilegiis
1282 996 1425 1028 quoque,
1441 985 1574 1018 indultis
1586 991 1617 1017 et
1631 984 1746 1017 litteris

979 1078 980 1086 ἵ
1002 1038 1201 1082 apostolicis,
1222 1038 1252 1071 in
1272 1038 1469 1071 contrarium
1492 1038 1745 1082 praemissorum

1003 1093 1249 1136 quomodolibet
1280 1093 1444 1126 concessis
1461 1119 1468 1132 ‚
1489 1093 1689 1126 confirmatis
1717 1099 1748 1125 et

1003 1147 1184 1186 innovatis;
1211 1147 1329 1190 quibus
1354 1147 1505 1180 omuibus
1532 1153 1564 1180 ct
1588 1147 1746 1189 singulis,

980 1235 981 1240 ,
1003 1202 1133 1234 illorum
1161 1208 1291 1233 tenores
1310 1201 1536 1244 praesentibus
1563 1211 1622 1243 pro
1649 1202 1746 1243 plene

1004 1260 1034 1287 et
1052 1254 1252 1287 sufficienter
1278 1254 1440 1297 expressis
1467 1265 1503 1286 ac
1524 1253 1563 1285 de
1591 1253 1688 1286 verbo
1708 1253 1747 1285 ad

1003 1307 1138 1340 verbum
1165 1307 1294 1340 insertis
1323 1307 1494 1345 habentes,
1521 1307 1584 1340 illis
1611 1307 1689 1339 alias
1716 1306 1748 1338 in

1004 1371 1060 1394 suo
1086 1362 1208 1393 robore
1234 1360 1469 1404 permansuris,
1487 1361 1526 1393 ad
1553 1360 1750 1403 praemisso-

1004 1425 1076 1447 rum
1103 1413 1266 1453 ell‘ectum,
1294 1414 1352 1447 bac
1379 1414 1446 1447 rice
1474 1414 1649 1454 dumtaxat,
1675 1424 1750 1457 spe-

1005 1468 1129 1502 cialiter
1150 1474 1180 1501 et
1197 1478 1350 1511 expresse
1377 1468 1594 1510 derogamus,
1618 1468 1751 1501 ceteris-

1005 1532 1068 1566 que
1095 1521 1267 1555 contrariis
1293 1521 1562 1565 quilmscumque.

1048 1577 1162 1609 Datum
1190 1576 1323 1615 Romae,
1347 1576 1431 1619 apud
1459 1576 1490 1609 S.
1512 1576 1639 1609 Mariam
1658 1575 1751 1608 lllaio-

1005 1640 1084 1670 rem,
1103 1629 1161 1662 sub
1187 1629 1308 1662 annulo
1335 1628 1516 1668 piscatoris,
1544 1629 1596 1661 die
1619 1639 1677 1662 xxx
1701 1639 1752 1662 se-

1005 1682 1162 1726 ptembris
1188 1692 1387 1723 moecxxxut,
1413 1681 1625 1726 pontificatus
1648 1682 1750 1715 nostri

1006 1747 1090 1770 anno
1116 1747 1157 1769 ιν.

1043 1799 1102 1826 bai.
1119 1800 1164 1826 «lie
1181 1799 1215 1826 30
1229 1799 1396 1835 septembris
1415 1799 1497 1833 1733,
1515 1799 1611 1834 pontif.
1630 1808 1699 1827 anno
1715 1807 1750 1827 tv.

1341 1853 1373 1886 1³.
1404 1854 1492 1887 eard.
1521 1852 1704 1887 (iuvemus.

1331 2004 1431 2037 CXlll.

1010 2075 1221 2118 Praeci'pitm·
1255 2086 1294 2108 ne
1327 2075 1403 2119 quis
1428 2079 1538 2108 notam.
1564 2083 1621 2109 aut
1646 2086 1756 2108 censu-

1052 2139 1125 2161 ram
1150 2129 1256 2161 ullam
1283 2129 1496 2172 lltcoloqicam
1520 2129 1755 2162 catholicorum

1053 2183 1170 2215 scholis
1195 2183 1323 2215 <Inversa
1347 2183 1383 2215 ‘in
1408 2183 1605 2226 eoeplicamlti
1625 2183 1756 2215 divinae

1053 2238 1180 2280 oratioe
1204 2236 1348 2279 efficacit&
1372 2236 1585 2269 sentientibus
1610 2237 1753 2276 inurere,

1055 2295 1111 2323 aut
1136 2301 1248 2323 earam
1275 2291 1452 2324 sententias
1477 2290 1684 2323 contumeliis
1709 2290 1755 2322 in-

1055 2355 1170 2378 cessere
1194 2344 1326 2377 audeat.

1225 2425 1360 2452 clemens
1382 2425 1461 2458 Papa
1480 2425 1547 2455 XII.

1162 2469 1198 2496 ad
1218 2469 1352 2496 futuram
1373 2469 1417 2496 rei
1439 2469 1623 2497 memoriam.

1059 2541 1262 2584 Apostolicae
1278 2540 1498 2584 providentiae
1518 2540 1625 2573 officio
1641 2553 1657 2576 a
1672 2552 1760 2584 prae-

1016 2595 1243 2628 decessoribus
1259 2595 1378 2627 nostris
1398 2594 1500 2628 felicis
1522 2595 1759 2628 recordationis

1015 2648 1179 2682 Clemente
1200 2648 1235 2679 Xl
1256 2648 1478 2682 ‹=tl³‹;÷110ttict0
1504 2648 1569 2681 Xlll
1596 2649 1761 2693 sapienter

1632 232 1696 267 541
1746 240 1797 265 An.
1817 240 1844 266 c.
1871 238 1936 267 1733

1755 703 1835 721 contrat
1843 708 1868 721 toi
1876 708 1914 720 ιιιιι.

1797 2549 1847 2570 Em,
1854 2547 1920 2567 «tium.
