2182 3137
149 211 186 234 Λη
216 209 246 235 C.
267 208 334 234 ¹732

149 276 184 290 sus
223 257 454 296 requam-neralis
486 265 630 286 consensu
665 256 709 285 vel
741 264 877 295 expresso
911 254 955 284 vel
980 254 1087 290 tacito,

155 612 232 631 λωίιιι
248 611 274 631 aa
290 617 335 630 nut-

154 640 195 657 lum
207 638 335 658 ecrltsiasti·

241 663 336 683 ordinem

154 690 288 710 admittendi.

175 1876 205 1896 De
222 1876 342 1902 frequentia

156 1905 344 1924 sacramentorum.

190 2588 220 2609 De
236 2589 328 2609 silentio.

381 200 448 233 3:34

346 314 432 344 quem
456 305 505 334 ille
527 305 591 334 sine
624 305 754 342 legitima
785 305 872 333 causa
903 312 1008 341 negare
1032 312 1089 332 non

347 354 453 391 debet·,
478 358 526 391 et,
553 354 610 383 nisi
633 362 767 393 expresse
789 357 817 382 et
841 352 1014 382 nominatim
1038 360 1090 381 ne-

346 403 471 440 gaverit,
495 403 564 431 dare
589 410 765 431 consensum
788 400 950 430 censendus
973 404 1026 429 est.

386 459 456 480 xxn.
481 450 550 480 Cum
569 454 684 489 ternpus
700 449 879 489 probationis
896 448 1022 477 novitius
1041 457 1091 477 ex-

347 499 482 538 pleverit,
507 503 534 529 et
559 500 706 538 professus
728 498 824 533 fuerit,
839 497 929 527 abbas
948 497 981 526 ad
1004 506 1091 536 gene-

347 548 438 578 ralem
461 547 597 578 abbatem
620 548 654 578 de
677 547 780 577 eodem
802 547 921 576 referat.

388 603 467 623 xxm.
492 594 553 624 Non
579 594 774 633 permittenda
791 597 834 623 est
850 593 960 622 novitio
976 601 1091 632 promo-

350 642 388 672 tio
408 642 443 671 ad
460 643 550 671 ullum
579 642 710 672 ordinem
733 642 977 675 ecclesiasticum,
997 649 1091 679 neque

347 690 445 720 abbati
468 691 554 720 liceat
576 691 711 720 eumdem
734 691 769 720 ad
794 699 907 719 sacram
931 689 1090 719 ordinatio-

348 748 414 768 nem
438 739 553 768 offerre.
585 739 638 774 Qui
671 739 813 768 novitium
836 738 870 767 ad
893 746 993 767 sacros
1016 736 1093 765 ordi-

348 797 400 817 nes
422 788 545 827 provebi
567 788 762 823 concesserit,
790 796 804 816 a
830 786 918 821 gradu
943 795 995 815 suo
1017 785 1092 814 exci-

350 836 421 872 dat,
446 841 474 866 et
507 837 636 866 novitius
670 836 706 866 ad
737 835 852 866 babitus
875 835 1091 874 susceptionem

349 884 489 914 inhabilis
512 889 678 914 censeatur.

390 942 468 963 xxiv.
503 933 637 963 Novitius
672 942 738 963 cum
771 933 923 962 monachis
955 932 1094 971 professis

350 982 523 1020 suffragium
546 991 605 1011 non
630 982 724 1019 serat,
748 991 843 1020 neque
873 982 908 1010 de
940 981 1027 1019 rebus
1059 980 1093 1009 ad

349 1031 487 1061 Ordinem
521 1030 722 1070 spectantibus
755 1030 974 1067 interrogetur:
1000 1038 1094 1067 neque

351 1080 439 1109 ullam
473 1080 645 1117 dignitatem
679 1079 708 1108 in
732 1078 839 1108 Ordine
872 1078 1000 1115 balneat,
1024 1078 1092 1107 dum

352 1128 514 1167 probatur,
539 1128 589 1157 sed
616 1127 789 1157 ministeriis
812 1131 925 1157 tantum
951 1131 1095 1156 monaste-

352 1176 388 1206 rii
411 1176 510 1206 addici
545 1181 651 1216 potest.
676 1176 863 1206 Probationis
886 1185 1001 1214 quoque
1025 1178 1095 1204 tem-

352 1233 421 1263 pore
444 1224 573 1254 novitius
595 1234 610 1253 a
634 1224 820 1258 monasterio,
846 1225 874 1253 in
898 1233 954 1262 quo
971 1223 1004 1253 ad
1023 1228 1096 1262 tyro-

352 1273 462 1302 cinium
486 1274 632 1303 admissus
662 1274 769 1309 suerit,
793 1273 826 1302 ad
850 1273 928 1303 aliud
952 1276 1096 1302 monaste—

352 1320 427 1350 rium
451 1331 508 1351 non
531 1322 725 1351 transferatur
740 1321 804 1350 sine
827 1321 905 1351 iusta
927 1323 1024 1358 causa,
1042 1330 1095 1350 nec

351 1370 413 1399 sine
438 1371 561 1400 consilio
583 1369 818 1409 congregationis
841 1369 1021 1405 monasterii,
1046 1369 1095 1399 ubi

353 1424 485 1450 moratur
499 1443 506 1456 ,
526 1423 554 1448 et
575 1418 811 1456 congregationis
833 1418 1014 1455 monasterii,
1038 1427 1095 1456 quo

354 1468 576 1497 transferendus
599 1472 659 1505 est,
683 1472 712 1497 et
734 1476 769 1505 ex
792 1467 986 1506 permissione
1008 1466 1096 1496 ahba-

353 1516 390 1545 tis
412 1516 569 1554 generalis
604 1516 651 1546 Sic
684 1520 782 1546 autem
817 1516 998 1553 translatuS,
1028 1524 1094 1545 cum

353 1569 469 1603 tempus
492 1564 673 1603 probationis
697 1564 869 1603 expleverit,
887 1573 938 1603 pro
964 1564 1026 1593 eius
1048 1563 1095 1593 ad-

352 1613 510 1652 missione,
534 1623 634 1643 eorum
659 1614 869 1643 monachorum
893 1612 1030 1651 sutfragia
1050 1607 1108 1642 ro—⁴

352 1667 460 1700 gentur
483 1662 532 1692 ubi
556 1667 696 1692 moratur.

393 1720 462 1741 xxv.
486 1712 620 1741 Novitius
653 1711 785 1741 habitum
818 1716 899 1749 gerat
930 1711 965 1740 al)
994 1711 1094 1740 babitu

353 1761 566 1790 monachorum
606 1761 805 1800 professorum
842 1760 1010 1798 diversum3
1042 1770 1095 1789 nec

354 1811 422 1838 ante
447 1809 656 1848 professionem
679 1808 813 1838 habitum
841 1809 959 1838 illorum
982 1809 1093 1838 induat.

392 1867 470 1888 xxvr.
495 1859 682 1888 Sacramenta
706 1858 905 1887 Poenitentiae
932 1862 960 1888 et
983 1857 1096 1887 Eucha-

353 1907 454 1937 ristiae
487 1907 613 1937 novitius
653 1907 754 1946 quavis
790 1906 972 1936 hebdomada
1005 1906 1094 1936 semel

353 1956 456 1986 saltem
480 1956 662 1995 frequentet;
686 1965 781 1995 neque
808 1965 822 1985 a
846 1955 1012 1985 divinorum
1035 1965 1095 1994 my-

353 2005 512 2034 steriorum
528 2004 752 2044 participatione
767 2004 964 2043 prohibendus
979 2005 1096 2034 estsine

355 2053 479 2083 consilio
502 2053 592 2092 patris
615 2053 775 2093 spiritualis
803 2052 838 2082 ab
871 2052 975 2082 abbate
1002 2053 1096 2082 eidem

355 2102 507 2140 assignati.
533 2103 566 2132 Et
589 2103 612 2132 si
636 2102 752 2141 quidem
783 2102 919 2132 sacerdos
949 2102 1058 2140 fuerit,
1082 2111 1097 2131 a

354 2152 439 2179 sacra.
465 2150 612 2180 oblatione
635 2150 765 2189 quotidie
788 2150 956 2189 peragenda
977 2160 1099 2189 suspen-

354 2198 468 2228 dendus
492 2209 548 2228 non
575 2202 640 2233 est,
665 2199 721 2228 nisi
744 2208 780 2228 ex
803 2201 892 2228 causa
914 2203 941 2228 et
964 2199 1098 2228 consulto

354 2248 469 2278 abbate.

395 2305 485 2326 xxvu.
523 2296 552 2326 Si
591 2296 741 2334 contingat
776 2297 918 2326 novitium
958 2297 1098 2326 clericum

356 2346 462 2375 missae
482 2346 627 2375 inservire
649 2355 716 2375 cum
739 2345 830 2375 altero
853 2346 1015 2384 superioris
1037 2355 1100 2383 gra-

355 2394 409 2423 dus
432 2398 459 2424 et
483 2394 550 2430 loci,
575 2395 636 2424 sive
658 2394 807 2433 professus
829 2394 878 2423 ille
900 2394 947 2430 sit,
971 2394 1032 2423 sive
1049 2404 1099 2423 no-

357 2442 457 2480 vitius,
476 2443 701 2482 epitraclielion‚
719 2443 773 2472 hoc
791 2447 845 2479 est,
862 2442 1028 2472 clericalem
1044 2447 1100 2472 sto-

357 2490 414 2520 lam
437 2500 494 2520 non
518 2491 631 2529 induat,
655 2491 712 2521 nisi
735 2491 859 2521 clericus
881 2491 942 2529 ille,
967 2492 1016 2530 qui
1037 2491 1099 2521 loco

357 2539 509 2578 graduque
524 2540 662 2578 superior
677 2543 732 2577 est,
750 2539 822 2569 illud
835 2539 943 2578 pariter
958 2539 1098 2569 induerit.

398 2588 668 2618 xxv111.N0vitium
701 2588 784 2618 decet.
817 2587 965 2618 silentium
1000 2592 1099 2618 tenere

930 206 1114 230 BULLARIUM
1140 206 1249 230 noum·
1257 207 1298 230 UM

1133 255 1336 294 praesentibus
1360 255 1463 285 abbate
1485 259 1572 294 atque
1595 255 1755 292 magistro,
1779 262 1874 293 neque

1132 303 1212 342 loqui
1236 303 1291 333 nisi
1315 303 1533 342 interpellatur,
1552 307 1602 333 aut
1620 312 1658 332 ex
1679 302 1758 332 iusta
1779 302 1876 340 legiti-

1132 353 1238 391 maque
1265 353 1375 381 causa:
1401 360 1495 390 neque
1528 360 1594 380 cum
1627 350 1793 386 saeculari,
1817 350 1875 380 nisi

1133 400 1236 430 abbate
1259 406 1287 430 et
1310 401 1448 437 magistro
1472 399 1680 436 annuentibus,
1698 403 1726 429 et
1742 399 1797 429 alio
1814 408 1876 429 mo-

1134 449 1226 478 nacho
1250 452 1412 488 praesente.

1174 506 1252 526 xxix.
1276 497 1408 526 Novitius
1431 505 1548 536 mensae
1570 505 1629 525 non
1651 495 1793 533 assideat,
1819 495 1876 525 nisi

1134 546 1230 576 iussus
1246 545 1281 575 ab
1298 545 1414 583 abbate,
1431 549 1480 574 aut
1495 554 1510 574 a
1526 544 1641 574 seniore
1663 545 1741 575 inter
1756 544 1873 574 fratres.

1134 594 1162 624 Si
1185 593 1337 632 contingat
1359 593 1423 632 ipso
1455 593 1574 622 sedente
1605 593 1766 632 praeterire
1788 592 1876 623 abba—

1136 647 1193 672 tem
1216 647 1265 677 aut
1298 641 1504 678 sacerdotem,
1529 641 1626 671 statim
1659 645 1817 680 assurgat,
1848 646 1877 671 et

1135 690 1242 719 iunctis
1266 690 1293 719 in
1317 690 1412 719 crucis
1438 689 1553 719 modum
1583 699 1670 728 supra
1694 694 1794 728 pectus
1817 699 1876 719 ma-

1135 738 1234 776 nibus,
1249 738 1393 768 submissa
1415 739 1539 775 cervice,
1559 738 1710 777 oculisque
1724 738 1753 767 in
1770 742 1876 768 terram

1135 787 1250 825 defixis,
1268 792 1388 826 perstet,
1406 787 1498 817 donec
1517 787 1565 816 ille
1582 787 1793 826 pertransierit.
1812 787 1878 816 Pari

1136 836 1330 865 submissione
1353 836 1578 874 reverentiaque
1600 845 1629 865 se
1652 840 1755 873 gerat,
1775 834 1878 865 abbate

1136 889 1185 914 aut
1207 885 1263 914 alio
1285 885 1436 914 sacerdote
1469 885 1564 923 ipsum
1598 884 1781 923 alloquente,
1806 893 1877 922 nec,

1137 934 1193 964 nisi
1217 935 1324 970 iussus,
1349 934 1484 963 assideat.

1178 991 1246 1011 xxx.
1273 983 1405 1012 Novitius
1435 983 1470 1011 ab
1501 982 1606 1012 abbate
1628 986 1678 1012 aut
1699 992 1713 1011 a
1739 982 1878 1020 magistro

1138 1032 1345 1070 reprehensus,
1369 1032 1468 1061 statim
1498 1032 1525 1061 in
1556 1041 1651 1069 genua
1675 1031 1814 1070 procidat,
1837 1035 1878 1060 ta-

1138 1080 1271 1118 citusque
1294 1080 1392 1109 audiat
1415 1084 1597 1117 arguentem,
1615 1089 1679 1115 nec,
1697 1079 1753 1108 nisi
1769 1079 1876 1114 iussus,

1140 1137 1191 1166 pro
1207 1137 1236 1156 se
1261 1127 1345 1157 verba
1370 1128 1466 1164 faciat,
1483 1132 1532 1157 aut
1548 1127 1603 1156 sibi
1619 1127 1731 1156 obiecta
1753 1127 1878 1156 refellat:

1139 1185 1192 1205 nec
1215 1176 1271 1205 nisi
1294 1176 1343 1205 illo
1365 1176 1484 1206 iubente
1507 1181 1652 1214 assurgat.

1212 1225 1281 1255 CAP.
1306 1225 1341 1255 ll.
1370 1244 1395 1246 —
1415 1225 1454 1255 De
1476 1226 1605 1262 magistro
1626 1226 1804 1265 novitiorum.

1179 1283 1197 1303 1.
1222 1274 1359 1312 Magister
1375 1275 1551 1304 novitiorum
1566 1273 1721 1312 intelligat,
1735 1283 1797 1303 rem
1814 1282 1878 1303 esse

1140 1323 1237 1361 magni
1266 1323 1404 1352 momenti
1437 1322 1493 1351 sibi
1524 1322 1728 1359 commissam,
1751 1322 1881 1361 quando-

1139 1371 1256 1410 quidem
1279 1381 1314 1401 ex
1338 1372 1431 1410 prima
1448 1371 1631 1401 institutione
1648 1371 1754 1410 pendet
1770 1371 1880 1400 maiore

1139 1429 1173 1448 ex
1191 1424 1271 1458 parte
1294 1420 1463 1449 eorumdem
1481 1420 1626 1458 profectus
1648 1423 1675 1448 et
1697 1428 1762 1458 spes
1785 1419 1880 1448 nostri

1139 1468 1268 1498 Ordinis.
1287 1471 1378 1499 Curet
1393 1469 1482 1507 igitur
1498 1473 1530 1498 ut
1545 1469 1575 1498 in
1591 1469 1653 1498 dies
1675 1478 1727 1507 per
1749 1468 1879 1498 studium

1140 1517 1275 1557 propriae
1308 1517 1496 1556 perfectionis
1529 1517 1758 1547 instrumentum
1784 1517 1880 1556 aptius

1139 1566 1174 1596 ad
1197 1575 1246 1596 eos
1268 1566 1408 1595 iuvandos
1430 1566 1579 1596 reddatur.

1179 1624 1208 1644 11.
1233 1614 1396 1644 Amabilem
1420 1624 1451 1645 se
1482 1617 1631 1654 praestet,
1655 1618 1683 1644 et
1707 1614 1782 1644 vitae
1805 1613 1881 1644 inte-

1139 1664 1244 1701 gritate
1269 1674 1302 1693 ac
1324 1663 1502 1693 discretione
1518 1663 1558 1692 ita
1576 1673 1606 1693 se
1624 1667 1716 1701 gerat,
1731 1667 1763 1692 ut
1778 1671 1880 1692 omnes

1140 1711 1242 1741 novitii
1266 1712 1300 1741 ad
1323 1712 1418 1750 ipsum
1442 1712 1470 1741 in
1493 1712 1554 1741 suis
1581 1710 1791 1741 tentationibus
1813 1719 1880 1740 eon-

1140 1760 1263 1789 fidenter
1297 1760 1486 1797 confugiant,
1510 1760 1596 1798 eique
1629 1769 1675 1788 res
1698 1769 1766 1789 suas
1788 1759 1881 1788 libere

1140 1809 1285 1848 aperiant,
1302 1813 1330 1838 et
1346 1808 1380 1838 ab
1397 1818 1430 1838 eo
1447 1809 1677 1838 consolationem
1697 1812 1724 1838 et
1739 1807 1880 1838 auxilium

1140 1858 1169 1887 in
1192 1858 1328 1887 omnibus
1350 1862 1478 1897 sperent.

1181 1916 1221 1936 111.
1247 1906 1278 1936 ln
1301 1907 1386 1936 domo
1406 1906 1598 1945 probati0uis,
1614 1906 1791 1936 monasterio
1813 1914 1882 1935 con-

1140 1956 1248 1993 iuncta,
1271 1955 1315 1984 vel
1339 1955 1368 1985 in
1393 1956 1568 1984 monasterio
1592 1955 1654 1994 ipso
1673 1955 1763 1993 (nam
1783 1955 1878 1984 locum

1141 2004 1318 2034 novitiorum
1334 2007 1499 2043 separatum
1520 2013 1582 2033 esse
1598 2004 1691 2041 magis
1716 2004 1881 2043 expediret)

1141 2053 1328 2083 refectorium
1341 2052 1457 2092 quidem
1475 2053 1512 2082 sit
1528 2061 1694 2089 commune,
1714 2052 1764 2082 sed
1781 2061 1879 2081 mensa

1141 2102 1238 2141 aliqua
1261 2102 1379 2132 novitiis
1408 2102 1578 2140 designetur
1607 2106 1672 2141 post
1694 2110 1795 2131 omnes
1816 2110 1883 2141 pro·

1140 2151 1241 2180 fessos

1181 2208 1219 2228 1v.
1244 2199 1382 2237 Magister
1403 2198 1580 2228 novitiorum
1604 2197 1733 2236 privatas
1766 2201 1880 2228 tantum

1143 2248 1339 2288 poenitentias
1362 2247 1422 2276 suis
1446 2247 1562 2276 novitiis
1589 2247 1740 2285 imponere
1764 2247 1881 2286 poterit,

1143 2297 1275 2336 publicas
1298 2306 1367 2326 vero
1390 2296 1508 2325 nonnisi
1530 2296 1663 2325 consulto
1686 2295 1802 2325 abbate.

1182 2354 1209 2375 v.
1235 2345 1345 2374 Habeat
1368 2345 1414 2374 bie
1437 2345 1513 2373 idem
1538 2344 1675 2382 magister
1705 2343 1882 2373 novitiorum

1144 2398 1318 2433 potestatem
1342 2393 1520 2423 ordinariam
1543 2402 1558 2422 a
1578 2393 1716 2432 praelatis
1733 2392 1885 2423 absolven-

1142 2442 1170 2471 di
1193 2452 1208 2471 a
1230 2442 1349 2471 casibus
1372 2442 1528 2471 reservatis
1551 2441 1677 2471 novitios
1707 2451 1797 2478 suos;
1827 2441 1884 2472 nisi

1143 2490 1241 2520 abbati
1257 2490 1328 2519 baec
1345 2490 1466 2519 facultas
1482 2489 1578 2529 aliqua
1594 2490 1628 2519 de
1651 2491 1741 2520 causa
1762 2489 1884 2520 restrin-

1142 2538 1235 2577 genda
1259 2538 1418 2576 videretur,
1439 2538 1483 2567 vel
1506 2538 1590 2568 alteri
1612 2538 1817 2577 concedenda3
1833 2538 1883 2568 sed

1142 2588 1260 2617 statutis
1282 2588 1351 2617 anni
1369 2587 1562 2626 temporibus,
1585 2587 1690 2618 saltem
1712 2586 1757 2617 bis
1778 2587 1809 2616 in
1832 2596 1884 2617 an-

1878 206 1927 231 Αιι.
1949 207 1979 232 C.
2001 205 2070 233 ¹732

1907 504 1935 524 De
1953 506 2074 526 reverentia

1888 530 2013 553 senioribus.

1946 2390 1949 2393 Ι
1959 2363 2084 2393 Facultates

1895 2392 1990 2420 magistri
2019 2395 2080 2410 novi-

1896 2419 1979 2437 tiorum.

2158 2206 2182 2250 Ξῖ.

2155 2258 2178 2350 ἑ
