2182 3137
79 195 129 223 An.
151 196 179 222 C.
205 197 267 224 ¹731

893 198 1035 222 CLEMENS
1062 199 1103 222 xlt
1129 200 1177 222 ΡΡ.

274 246 305 279 S.
326 246 483 290 Stephani
506 247 605 280 abbas
627 257 685 290 pro
705 251 851 289 tempore
874 246 1016 278 existens

274 299 547 340 administrabat,
578 301 779 343 perlustrare
817 304 848 331 et
888 298 1016 331 visitare

274 353 378 396 possit
398 358 429 386 et
447 353 558 391 valeat,
581 358 689 395 prout,
709 352 781 384 dum
802 352 832 384 in
853 351 1014 394 praedicta

274 406 411 439 eeclesia
426 405 621 448 Lingonensi
637 416 726 437 suam
743 405 882 436 hahebat
896 404 1015 444 sedem,

273 460 468 502 perlustrare
494 463 525 490 et
552 458 678 490 visitare
711 457 835 490 solebat
861 462 892 490 et
918 458 1014 490 debe-

272 510 365 553 bat¹)‚
382 511 466 544 dicta
483 510 657 553 apostolica
673 511 863 543 auctoritate
883 510 1016 542 transse-

273 565 381 603 rimus,
394 563 519 607 ipsique
533 565 638 596 locum
653 563 683 595 in
700 564 843 596 eiusdem
858 563 1014 596 infrascri-

272 622 345 660 ptae
371 617 567 649 cathedralis
593 617 749 649 ecclesiae
775 616 919 659 capitulo
944 621 1014 660 post

271 670 356 703 illius
375 670 534 703 decanum
553 670 765 711 assignamus,
785 669 958 712 omniaque
984 674 1014 702 et

271 723 396 766 singula
416 724 592 760 facultates,
613 723 767 762 honores,
784 722 851 755 iura
872 728 903 755 et
920 722 1014 765 privi-

271 776 366 818 legia,
388 776 504 819 quibus
523 776 640 818 singuli
661 776 832 818 dignitates
850 776 881 807 in
902 776 1012 809 eadem

270 829 477 872 infrascripta
503 829 682 862 cathedrali
709 828 846 861 ecclesia
864 829 1013 862 obtinen-

271 889 331 922 tes,
356 882 421 916 sive
447 882 644 915 coniunctim
671 883 755 915 inter
780 893 826 923 se,
847 882 910 915 sive
937 893 1012 925 erga

269 936 354 969 illins
380 935 562 975 canonicos
590 936 763 976 fruuntur,
789 936 957 979 potiuntur
982 941 1013 969 et

269 989 433 1031 gaudent,
461 999 686 1032 quaecumque
724 1000 760 1021 ea
800 989 886 1029 sint,
921 989 1011 1032 quasi

268 1052 351 1074 unus
369 1052 406 1074 ex
425 1041 489 1075 illis
505 1047 591 1074 esset
613 1046 644 1074 et
662 1041 739 1074 olim
758 1041 884 1082 fnisset,
906 1042 1010 1075 eidem

268 1095 453 1128 communia
490 1105 558 1128 esse
593 1095 821 1135 decernimus,
851 1101 881 1128 et
911 1107 927 1128 a
953 1107 1010 1139 pro

269 1154 415 1191 tempore
441 1147 607 1181 existentis
633 1149 778 1192 episcopi
797 1148 1011 1191 Lingonensis

267 1202 520 1245 superioritate,
548 1201 793 1242 iurisdictione,
821 1207 981 1246 potestate
1001 1231 1008 1244 ,

267 1254 493 1295 subiectione,
518 1255 703 1288 visitatione
729 1261 760 1287 et
792 1256 1008 1297 correctione,

267 1318 302 1341 ae
327 1308 493 1351 quibusvis
522 1309 592 1342 aliis
619 1309 742 1341 iuribus
770 1309 1009 1352 episcopalibus

266 1372 401 1405 prorsus
427 1366 458 1394 et
482 1361 614 1395 omnino
640 1361 808 1395 eximimus
835 1368 867 1395 et
892 1363 1009 1396 libera-

266 1425 354 1447 mus:
379 1425 416 1447 ac
440 1414 595 1458 oppidum
622 1415 823 1458 praedictum
850 1416 1007 1455 civitatis,

266 1467 416 1510 illitisque
442 1467 567 1501 incolas
605 1468 720 1500 civium
760 1469 891 1502 nomine
917 1481 954 1502 ae
976 1470 1009 1502 ti-

267 1522 332 1554 tulo
360 1526 390 1554 et
417 1521 540 1554 honore
568 1521 758 1554 decoramus
775 1549 782 1562 ,
806 1522 953 1566 illudque
976 1523 1006 1555 in

265 1573 425 1607 civitatem
444 1574 670 1608 Divioncnsem
691 1576 950 1618 nuncupandam,
973 1588 1008 1608 ae

264 1627 462 1671 praedictam
496 1627 700 1670 collegiatam
734 1628 764 1661 S.
792 1628 948 1672 Stephani
975 1629 1005 1661 in

264 1681 485 1714 cathedralem
522 1681 691 1714 ecclesiam
718 1682 776 1714 sub
803 1681 1006 1716 invocatione

263 1734 407 1768 eiusdem
432 1734 463 1767 S.
491 1734 647 1777 Stephani
675 1734 837 1778 erigimus,
859 1746 918 1778 pro
943 1747 1006 1769 uno

264 1788 420 1832 episcopo
459 1788 647 1821 Divionensi
686 1789 904 1832 nuncupando
931 1790 1005 1832 (qui

263 1842 309 1876 illi
325 1841 471 1886 praesiff,
490 1852 619 1875 necnon
639 1843 861 1886 episcopatem
882 1843 1007 1877 iurisdi-

263 1895 415 1935 ctionem,
435 1896 660 1928 auctoritatem
688 1901 718 1929 et
745 1901 952 1939 potestatem,
975 1909 1004 1931 o⁴

263 1949 415 1992 mniaqne
440 1949 503 1981 alia
529 1954 560 1981 ct
584 1949 726 1992 singula,
754 1960 836 1993 quae
863 1950 1005 1991 ordinis,

262 2002 496 2036 iurisdictionis
510 2007 541 2035 et
555 2003 694 2036 cuiusvis
713 2004 846 2036 alterius
865 2005 1005 2038 muneris

263 2057 458 2100 episcopalis
492 2061 578 2096 sunt,
607 2062 637 2089 et
668 2057 706 2089 ad
739 2057 794 2090 illa
823 2068 859 2091 ac
891 2059 1004 2102 synodi

262 2111 476 2144 dioecesanae
511 2111 776 2144 convocationem
803 2117 834 2145 et
859 2113 1005 2145 celebra-

262 2164 383 2198 tionem
409 2168 558 2208 spectant
582 2169 611 2196 et
638 2164 813 2207 pertinent,
833 2176 1002 2206 exercere,

260 2228 404 2259 necnon,
423 2228 504 2262 quae
523 2217 576 2250 alii
601 2217 746 2261 episcopi
765 2218 797 2250 in
819 2219 883 2251 suis
902 2221 1004 2252 ecele-

261 2271 328 2312 siis,
357 2271 538 2305 civitatibus
566 2276 597 2304 et
623 2271 828 2304 dioecesibus
856 2272 894 2305 de
921 2273 1001 2313 inre,

262 2336 339 2366 usu,
364 2324 616 2364 consuetudine,
644 2330 699 2357 aut
723 2325 801 2358 alias
828 2327 1003 2369 quomodo-

261 2379 385 2413 dolibet
411 2378 533 2417 facere,
563 2383 595 2411 et
623 2378 741 2421 quibus
767 2378 812 2411 uti
839 2379 946 2412 solent
973 2385 1003 2413 et

260 2437 404 2476 possunt,
424 2431 644 2475 parisormiter
669 2437 701 2465 et
721 2433 822 2475 aeque
841 2432 1003 2477 principa-

260 2486 334 2520 liter
359 2495 394 2518 ac
419 2485 542 2528 absque
569 2486 633 2518 ulla
664 2495 797 2528 prorsus
823 2485 1002 2519 differentia

297 2558 306 2584 1
330 2556 480 2588 Quisnam?
500 2555 608 2591 Aliquid
626 2555 758 2583 excidisse
776 2556 880 2584 videtur
899 2559 940 2593 (n.
953 2559 999 2594 T.).

293 2602 309 2628 2
331 2601 400 2628 Edit.
418 2600 500 2628 Main.
524 2600 588 2636 legit
605 2604 719 2636 praeest
735 2602 775 2635 (n.
791 2604 840 2637 T.).

346 2656 429 2686 Ball.
445 2657 528 2688 Rom.
547 2671 582 2678 —
602 2656 664 2686 Vol.
681 2656 790 2685 XXIII.
936 2657 969 2686 35

1698 189 1762 223 ⁶273

1061 247 1093 279 in
1120 247 1184 279 suis
1212 248 1361 287 ecclesia,
1386 247 1512 281 civitate
1539 252 1569 280 et
1596 247 1734 281 dioecesi
1755 247 1805 279 Di-

1060 300 1207 332 vionensi
1244 301 1339 333 etiam
1368 301 1492 340 faeere,
1517 312 1631 344 gerere
1657 307 1687 333 ct
1713 312 1804 334 exer-

1060 363 1145 392 cere,
1174 364 1210 386 ac
1236 354 1292 391 uti,
1319 354 1391 394 frui,
1417 354 1515 398 potiri
1543 360 1574 387 et
1599 355 1740 396 gaudere
1768 354 1804 387 li-

1060 406 1139 437 bere
1165 412 1195 438 et
1220 406 1309 439 licite
1336 407 1437 449 possit
1463 412 1494 440 et
1524 407 1656 446 debeat,
1684 418 1719 440 ac
1745 418 1802 450 pro

1062 463 1207 501 tempore
1234 459 1386 492 existenti
1408 460 1658 503 archiepiscopo
1678 461 1804 503 Lugdu-

1059 510 1152 543 nensi
1180 511 1248 543 iure
1274 513 1526 554 metropolitico,
1547 520 1642 556 prout
1659 519 1733 546 ante
1752 526 1803 546 se-

1059 563 1261 606 parationem
1294 569 1324 596 et
1354 564 1680 599 dismemlnafionem
1707 567 1803 599 sube-

1060 621 1116 655 rat,
1143 616 1334 659 subiaceat),
1362 628 1433 649 cum
1460 621 1581 658 mensa,
1608 620 1694 659 sede,
1717 620 1799 652 aliis-

1059 680 1119 712 que
1152 669 1335 711 insignibus
1373 670 1638 714 episcopalibus,
1673 684 1800 706 necnon

1058 723 1345 765 praeeminemus,
1370 723 1570 761 honoribus,
1596 725 1799 768 privilegiis,

1058 775 1340 816 immunitatibus,
1369 776 1481 818 gratiis
1515 777 1739 820 spiritualibus
1768 786 1800 812 et

1059 829 1303 872 temporalibus,
1329 830 1574 873 personalibus,
1602 832 1743 864 realibus
1770 838 1802 865 et

1057 882 1175 921 mixtis,
1194 883 1312 925 quibus
1338 889 1464 916 ceterae
1483 884 1689 917 cathedrales
1714 885 1800 918 simi-

1057 935 1132 968 liter
1165 941 1196 969 et
1227 936 1447 980 parisormiter
1482 942 1639 979 utuntur,
1673 938 1801 981 potiun-

1058 994 1108 1021 tur
1133 995 1163 1022 et
1188 990 1349 1032 gaudent,
1375 1001 1411 1023 ac
1446 991 1512 1031 uti,
1539 990 1616 1032 frui,
1642 992 1741 1034 potiri
1768 998 1801 1025 ct

1055 1043 1198 1083 gaudere
1225 1048 1361 1086 possunt
1386 1049 1417 1076 et
1444 1049 1596 1086 poterunt
1620 1045 1800 1088 quomodo-

1055 1095 1133 1128 libet
1159 1095 1191 1128 in
1218 1097 1382 1136 futurum,
1410 1097 1449 1129 de
1484 1097 1623 1130 consilio
1651 1102 1683 1130 et
1708 1104 1799 1141 pote-

1055 1148 1143 1181 statis
1170 1150 1374 1192 plenitudine
1407 1150 1566 1183 similibus
1592 1151 1742 1193 erigimus
1769 1157 1800 1184 et

1055 1201 1265 1235 instituimus.
1283 1204 1325 1236 Ac
1343 1203 1446 1236 eidem
1462 1204 1506 1236 sic
1521 1209 1648 1237 erectae
1663 1210 1693 1236 et
1711 1204 1799 1237 insti-

1056 1259 1142 1288 tutae
1169 1256 1325 1289 ecclesiae
1350 1256 1535 1290 Divionensi
1566 1257 1670 1300 ipsum
1705 1258 1799 1301 oppi-

1055 1308 1129 1340 dum
1147 1308 1240 1341 sicin
1254 1309 1415 1342 civitatem
1431 1316 1573 1342 erectum
1587 1321 1646 1354 pro
1659 1310 1796 1350 civitate,

1054 1372 1183 1394 necnon
1209 1362 1373 1395 districtus
1394 1369 1424 1396 et
1451 1363 1611 1397 territoria
1636 1365 1798 1397 archidia-

1054 1417 1188 1448 conatus
1208 1415 1423 1456 Divionensis,
1444 1416 1617 1460 ipsumque
1636 1418 1797 1451 archidia-

1053 1474 1203 1501 conatum
1230 1468 1426 1509 huiusmodi,
1445 1475 1477 1502 ut
1497 1480 1594 1513 supra
1619 1482 1636 1503 a
1655 1471 1796 1504 dioecesi

1053 1521 1251 1565 Lingoncnsi
1278 1529 1439 1566 separata,
1460 1534 1520 1566 pro
1547 1523 1703 1563 dioecesi,
1723 1535 1797 1557 nec-

1053 1585 1117 1607 non
1136 1575 1301 1608 ecclesias¹
1323 1586 1379 1618 pro
1398 1575 1495 1616 clero,
1511 1581 1542 1609 et
1560 1587 1714 1619 personas
1733 1588 1796 1610 sae-

1052 1629 1178 1661 culares
1195 1639 1254 1672 pro
1272 1630 1406 1673 populo,
1421 1630 1461 1662 de
1475 1629 1621 1671 consilio,
1637 1636 1795 1673 potestate

1052 1686 1082 1714 et
1107 1681 1298 1715 auctoritate
1331 1682 1481 1726 paribus,
1509 1683 1603 1716 etiam
1637 1689 1794 1727 perpetuo

1051 1735 1269 1775 concedimus,
1288 1735 1492 1770 attribuimus
1519 1741 1549 1769 et
1576 1737 1791 1779 assignamus.

1051 1787 1292 1832 Civitatemque,
1312 1790 1435 1822 clerum
1453 1796 1483 1822 et
1501 1791 1658 1833 populum
1685 1790 1795 1823 huius-
1833 1800 1989 1826 metrop-navo

1051 1841 1137 1874 modi
1176 1842 1330 1886 episcopo
1362 1842 1544 1876 Divionensi
1583 1844 1686 1886 quoad
1720 1827 1990 1886 epi-{sli'filJSIZ-*Rfihili}

1051 1895 1235 1938 scopalem,
1258 1901 1285 1928 et
1313 1896 1563 1939 archiepiscopo
1586 1882 1923 1938 ngdfflmffiisummitur.

1051 1959 1109 1991 pro
1148 1954 1293 1992 tempore
1320 1949 1470 1983 existenti
1497 1951 1603 1993 quoad
1631 1956 1793 1994 metropo-

1050 2002 1170 2035 liticam
1196 2003 1449 2044 ordinationem,
1476 2003 1738 2037 iurisdictionem
1762 2010 1793 2037 et

1050 2056 1323 2099 superioritatem,
1346 2057 1384 2090 dc
1412 2057 1572 2090 similibus
1598 2058 1734 2091 consilio
1761 2063 1793 2091 ct

1050 2110 1255 2153 plenitudine
1275 2110 1477 2143 subiicimus.

1093 2163 1107 2206 ξ
1132 2163 1164 2196 4.
1191 2164 1228 2196 Et
1252 2164 1388 2208 insuper
1419 2163 1591 2197 abbatiae‘3
1615 2166 1812 2213 saecularis¹
1856 2175 1914 2195 nous
1930 2176 1986 2197 assi-

1049 2217 1153 2251 dietae
1180 2218 1368 2261 collegiatae
1396 2219 1553 2252 ecclesiae
1572 2218 1604 2251 S.
1621 2204 1884 2262 Stephanifnm'

1048 2271 1078 2303 in
1102 2271 1322 2305 cathedralem
1348 2276 1381 2304 ut
1406 2282 1503 2315 snpra
1529 2277 1667 2312 erectae,
1689 2272 1791 2315 digui-

1049 2325 1122 2358 tatis
1146 2325 1226 2358 inibi
1248 2326 1439 2370 principalis
1466 2325 1640 2366 existentis,
1661 2336 1790 2359 necnon

1048 2379 1235 2411 monasterii
1262 2379 1293 2411 S.
1322 2379 1405 2411 Petri
1437 2378 1628 2411 Bessuensis
1661 2378 1790 2412 Ordinis

1047 2433 1149 2465 sancti
1166 2432 1332 2466 Benedicti
1350 2432 1617 2475 Congregationis
1633 2431 1662 2465 S.
1678 2432 1789 2473 Mauri,

1046 2485 1149 2519 dictae
1174 2485 1388 2529 Lingonensis
1415 2485 1573 2518 dioecesis
1601 2486 1663 2528 (ad
1689 2496 1790 2529 quac,

1809 197 1861 224 An.
1879 197 1907 224 C.
1935 197 1996 225 1731

1082 2558 1090 2583 1
1115 2557 1218 2583 Forsan
1238 2556 1446 2584 ecclesiasticas
1464 2557 1504 2588 (n.
1525 2557 1574 2589 T.).

1080 2601 1096 2628 2
1115 2601 1180 2629 Male
1197 2600 1262 2629 ertit.
1283 2600 1366 2629 Main.
1384 2600 1449 2637 legit
1469 2601 1587 2630 abbatia
1607 2601 1647 2638 (a.
1665 2602 1716 2637 r.)-
