2182 3137
70 236 127 262 Aa.
140 234 172 262 C.
193 234 258 262 ¹731

899 230 1042 253 CLEMENS

270 293 289 315 a
308 282 477 325 quibusvis
500 277 861 317 excommunicationis,
885 287 1019 318 suspen-

273 336 374 367 sionis
400 340 432 367 et
457 333 632 370 interdicti,
653 331 791 373 aliisque
818 329 1018 362 ecclesiasti-

273 388 319 419 cis
338 386 525 421 sententiis,
543 384 694 417 censuris
715 389 747 415 et
771 382 897 426 poenis,
914 393 931 414 a
949 382 1018 413 iure

272 441 323 472 vel
355 440 394 471 ab
425 437 581 475 bomine,
619 436 730 479 quavis
768 435 938 467 occasione
969 435 1017 466 vel

273 494 368 524 causa
395 492 481 527 latis,
503 490 527 521 si
554 490 670 532 quibus
697 488 947 532 quomodolibet
972 487 1018 519 in-

272 545 411 577 nodatae
436 543 593 580 existunt,
626 543 665 574 ad
691 541 839 574 effectum
866 551 1018 584 praesen-

272 597 351 628 tium
386 596 551 628 dumtaxat
583 595 876 637 consequendum,
903 594 1016 625 barum

273 650 358 682 serie
380 650 587 682 absolventes
614 654 645 679 et
670 648 837 680 absolutas
861 646 927 678 l'ore
947 657 1019 678 cen-

274 707 391 740 sentes,
410 700 705 744 supplicationibus
733 700 863 732 illorum
887 699 1017 730 nomine

272 754 369 786 nobis
394 764 492 796 super
514 754 577 785 hoc
598 753 766 784 humiliter
783 751 945 794 porrectis
973 751 1018 782 in-

274 807 398 846 clinati,
422 807 653 839 resolutionem
679 805 858 847 supradicti
886 804 1016 847 capituli

275 860 445 901 generalis,
465 860 697 901 expeditusque
723 868 820 900 super
840 858 925 890 illius
944 867 1018 889 con-

272 912 457 945 firmatione
483 912 649 944 Benedicti
677 910 941 954 praedecessoris
966 910 1017 942 lit-

274 972 359 998 teras
380 965 554 1008 praefatas,
573 975 644 996 cum
665 964 816 996 omnibus
836 970 866 996 et
882 964 1017 1006 singulis
1039 1001 1040 1011 2

272 1018 304 1050 in
330 1018 377 1050 eis
402 1018 580 1055 contentis,
603 1017 794 1049 auctoritate
820 1017 1014 1059 apostoliCa,
1039 1014 1040 1052 ἶ

274 1076 387 1102 tenore
412 1070 641 1113 praesentium,
659 1070 878 1112 approbamus
892 1076 923 1101 et
940 1081 1017 1101 cou-

272 1122 459 1162 firmamus,
486 1123 598 1165 illique
633 1122 830 1154 inviolabilis
863 1123 1016 1165 apostoli-

271 1185 326 1208 cae
344 1175 504 1208 firmitatis
524 1177 624 1207 robur
645 1175 825 1207 adiicimus.
845 1175 1015 1207 Decretum

272 1239 348 1261 vero
375 1239 433 1271 per
457 1229 639 1261 auditorem
674 1229 820 1260 eiusdem
847 1229 1014 1261 Benedicti

271 1281 533 1324 praedecessoris
559 1282 704 1320 editum,
729 1281 810 1313 sicut
834 1282 1014 1324 praemitti-

271 1339 342 1373 tur,
368 1344 557 1367 revocamus
577 1360 584 1373 ,
611 1344 647 1366 ac
674 1345 690 1366 e
716 1333 824 1366 medio
861 1334 1014 1366 tollimus.

270 1387 477 1420 Declarantes
514 1392 621 1419 tamen
658 1388 893 1420 resolutionem
930 1387 1015 1430 capi-

270 1440 330 1472 tuli
347 1440 508 1481 generalis
527 1446 558 1472 et
583 1440 706 1472 litteras
732 1441 893 1482 praefatas
912 1440 954 1472 ita
972 1440 1016 1472 iu-
1035 1452 1038 1480 ς

270 1498 323 1526 xta
340 1493 416 1525 dicti
436 1492 565 1525 Ordinis
587 1493 836 1526 constitutiones
856 1493 1015 1535 accipien-
1036 1514 1037 1518 ,

270 1547 327 1578 das
346 1551 440 1588 atque
466 1545 695 1587 intelligendas
717 1546 785 1578 sore
809 1551 842 1577 ut
863 1545 1014 1577 omnibus

268 1598 372 1642 ipsius
396 1598 525 1631 Ordinis
553 1598 704 1630 fratribus
730 1608 922 1631 communes
949 1598 1014 1630 sint

268 1662 304 1683 ac
330 1662 401 1684 esse
424 1657 631 1689 censeantur,
651 1656 682 1683 et
701 1656 763 1683 tam
783 1651 944 1691 chorales,
964 1662 1014 1683 cu-

267 1704 366 1736 iusvis
391 1709 503 1743 status,
526 1704 644 1745 gradus
670 1709 701 1736 et
726 1704 921 1736 conditionis
947 1704 1013 1736 exi-
1034 1709 1036 1740 1⁴

267 1761 364 1795 stant,
391 1767 485 1798 quam
513 1756 650 1788 donatos
677 1757 944 1798 complectantur,
967 1753 1035 1788 at-¹

267 1818 345 1852 que·
363 1807 524 1841 munera¹
562 1808 754 1841 humilitatis
790 1809 931 1841 exerceri
959 1809 1012 1841 de·
1033 1804 1034 1839 l

266 1862 366 1894 beant
390 1862 429 1893 ab
452 1861 502 1900 iis,
530 1872 610 1903 quos
637 1872 654 1893 a
679 1861 744 1893 suis
771 1861 1008 1904 superioribus,
1032 1898 1033 1912 ¹

265 1925 468 1957 quacumque
491 1924 550 1956 pro
577 1919 726 1956 tempore
745 1920 938 1946 occurrente
955 1925 1011 1947 ne-
1032 1913 1033 1920 ¹

266 1968 418 2000 cessitate
443 1969 494 1999 vel
520 1967 703 2006 occasione,
722 1967 760 1999 ad
787 1968 842 2000 illa
866 1968 1011 2010 gerenda
1031 1989 1033 2012 ‚1

266 2020 424 2063 deputari,
447 2021 495 2052 vel
522 2020 554 2052 in
581 2021 701 2052 tabella
727 2030 787 2062 per
807 2021 1009 2063 superiorem
1031 2013 1032 2052 f

264 2074 440 2106 secundum
478 2073 641 2105 rubricam
679 2072 808 2105 Ordinis
850 2073 1008 2116 praedicti
1030 2075 1032 2105 5

263 2126 335 2160 ficri
361 2126 466 2166 solita,
485 2127 625 2159 describi
648 2127 842 2169 contigerit:
864 2127 1009 2169 ipsisque
1030 2118 1031 2139 ¹

263 2186 440 2223 propterea
464 2180 688 2223 superioribus
717 2191 753 2211 ac
779 2180 1008 2222 subprioribus
1028 2165 1030 2207 l

261 2233 380 2266 harum
405 2232 490 2265 serie
515 2232 745 2275 praecipimus,
763 2238 797 2264 ut
817 2233 850 2264 in
877 2233 1008 2265 deman-

261 2286 378 2320 dandis
404 2285 565 2318 eiusmodi
586 2285 777 2318 muneribus
803 2285 1004 2325 humilitatis,

263 2345 293 2372 et
316 2339 351 2372 in
376 2338 577 2372 conficienda
602 2340 721 2371 tabella
747 2339 909 2381 praefata,
936 2339 1004 2381 pari

262 2391 461 2425 discretione
487 2397 518 2424 et
544 2391 704 2424 charitate
725 2402 799 2434 erga
818 2393 932 2424 fratres
952 2393 1006 2425 do-

260 2451 352 2478 natos
379 2449 533 2483 utantur,
565 2455 627 2486 qua
652 2450 784 2477 utuntur
809 2445 841 2477 iu
867 2446 1004 2478 clericos

261 2510 318 2532 seu
343 2498 516 2531 chorales:
544 2503 575 2529 et
608 2497 701 2529 sicuti
739 2498 790 2530 liis
823 2498 910 2530 dicta
934 2510 1004 2531 mu-

261 2562 342 2585 nera
366 2551 536 2593 iniungere
563 2560 659 2582 eosve
685 2550 716 2582 in
743 2551 862 2584 tabella
888 2552 1002 2584 descri-

297 2617 307 2641 ¹
331 2613 403 2641 Edit.
421 2613 506 2641 Mein.
522 2612 590 2648 legit
605 2620 725 2640 munere
739 2614 780 2647 (u.
797 2614 849 2647 T.)-

1065 230 1109 252 xu
1135 230 1186 252 1³1³.

1059 277 1137 309 bere
1176 288 1243 309 non
1280 282 1546 317 consueverunt,
1574 277 1705 320 quando
1735 276 1806 309 aliis

1060 330 1235 362 laboriosis
1261 341 1296 362 ac
1322 331 1586 364 extraordinariis
1621 330 1809 373 occupatio-

1061 382 1156 414 nibus
1177 383 1395 423 destinentur,
1413 383 1457 415 ita
1475 394 1603 427 quoque
1622 388 1718 425 agant
1735 393 1809 415 cum

1062 434 1200 474 donatis,
1222 435 1275 477 qui
1302 436 1330 467 id
1359 447 1459 478 genus
1479 437 1722 479 occupationes,
1743 436 1807 468 sive

1062 487 1188 519 ratione
1215 488 1339 530 proprii
1373 489 1467 520 officii
1501 489 1567 521 sire
1594 490 1725 522 alterius
1750 500 1808 522 ne-

1060 540 1140 581 gotii
1166 546 1219 572 aut
1251 540 1420 572 ministerii
1453 541 1513 573 sibi
1543 542 1704 574 commissi
1732 543 1808 574 sub-

1061 593 1109 624 ire
1133 593 1340 625 debuerunt:
1368 594 1511 626 volentes
1545 601 1573 626 et
1605 600 1807 632 statuentes,

1061 646 1149 688 quod
1167 673 1174 685 ‚
1202 646 1476 688 quemadmodum
1511 648 1668 689 obligatio
1695 659 1806 681 omnes

1062 704 1171 737 tenet,
1198 710 1234 731 ac
1260 709 1360 742 aeque
1394 698 1521 731 clericis
1556 710 1650 742 quam
1677 700 1805 732 donatis

1060 751 1213 794 imposita
1238 750 1412 794 reperitur,
1430 762 1532 794 aequa
1557 763 1688 795 quoque
1715 753 1755 785 sit
1776 759 1808 785 et

1039 810 1208 837 'servetur
1234 804 1319 837 inter
1345 815 1457 837 omues
1484 805 1688 838 discretionis
1714 806 1804 844 ratio,

1060 857 1129 889 sine
1156 856 1340 889 differentia
1359 857 1442 889 inter
1467 858 1601 890 clericos
1619 863 1650 889 et
1669 859 1805 890 donatos

1039 910 1040 917 ¹
1061 910 1261 943 huiusmodi.
1275 911 1318 942 Ac
1334 911 1561 952 decernentes,
1574 911 1701 944 easdem
1717 922 1807 954 prae-

1060 969 1168 995 sentes
1190 963 1315 996 litteras
1342 974 1474 1006 semper
1495 964 1613 1004 summ,
1634 965 1756 996 validas
1775 970 1807 997 et

1060 1017 1207 1049 efficaces
1224 1017 1363 1049 existere
1386 1023 1418 1049 et
1436 1018 1515 1057 sore,
1536 1028 1678 1061 suosque
1694 1019 1807 1060 plena-

1061 1069 1126 1102 rios
1151 1075 1182 1102 et
1207 1070 1353 1112 integros
1375 1070 1510 1103 ell'eetus
1537 1071 1644 1104 sortiri
1672 1077 1702 1104 et
1724 1072 1806 1104 obti-

1060 1133 1160 1161 nere,
1186 1133 1222 1155 ac
1254 1125 1293 1155 ab
1330 1124 1479 1156 omnibus
1514 1130 1545 1157 et
1577 1125 1737 1167 siugulis,
1766 1125 1806 1157 ad

1060 1186 1142 1218 quos
1174 1182 1299 1219 spectat
1325 1183 1357 1209 et
1381 1188 1441 1220 pro
1475 1183 1623 1220 tempore
1659 1180 1808 1221 quando-

1059 1240 1197 1272 cumque
1213 1230 1383 1273 spectabit,
1402 1231 1596 1264 inconcusse
1618 1233 1805 1271 observari,

1059 1283 1169 1325 sicque
1203 1283 1234 1314 in
1269 1283 1459 1325 praemissis
1494 1295 1552 1326 per
1584 1295 1804 1328 quoscumque

1058 1335 1184 1367 iudices
1218 1336 1401 1369 ordinarios
1435 1343 1465 1369 et
1491 1338 1678 1379 delegatos,
1707 1339 1803 1370 etiam

1059 1398 1229 1420 cauis-arun]
1257 1389 1368 1431 palatii
1407 1390 1578 1432 apostolici
1612 1390 1801 1431 auditores,

1058 1450 1094 1472 ac
1119 1440 1149 1472 S.
1170 1441 1206 1473 R.
1230 1441 1264 1473 E.
1285 1442 1481 1481 cardinales,
1510 1443 1606 1475 etiam
1631 1443 1669 1475 de
1699 1444 1803 1476 latere

1057 1493 1182 1535 legatos
1216 1499 1247 1526 et
1273 1495 1479 1536 Apostolicae
1512 1496 1604 1528 Sedis
1642 1496 1800 1533 nuncios,

1057 1546 1184 1578 sublata
1221 1547 1266 1578 eis
1302 1553 1333 1579 et
1370 1558 1481 1580 eorum
1518 1548 1653 1580 cuilibet
1689 1549 1801 1591 quavis

1056 1599 1153 1631 aliter
1166 1599 1330 1631 iudicandi
1351 1606 1381 1632 ct
1399 1600 1637 1643 interpretandi
1653 1602 1803 1634 facultate

1057 1657 1087 1683 et
1101 1652 1306 1691 auctoritate,
1321 1652 1457 1685 iudicari
1475 1660 1508 1686 et
1522 1654 1649 1686 deliniri
1670 1654 1801 1694 debere,

1057 1714 1091 1735 ac
1116 1704 1245 1736 irritum
1272 1711 1302 1737 ct
1334 1706 1431 1738 inane
1458 1705 1482 1737 si
1510 1716 1602 1738 secus
1627 1717 1724 1750 super
1749 1706 1801 1738 his

1055 1767 1072 1788 a
1091 1767 1272 1800 quoquam,
1293 1759 1405 1801 quavis
1432 1760 1635 1800 auctoritate,
1657 1760 1802 1792 scienter

1054 1811 1103 1841 vel
1128 1810 1335 1851 ignoranter,
1362 1812 1539 1854 contigerit
1563 1813 1729 1845 attentari.

1098 1864 1112 1905 ἓ
1137 1863 1169 1896 3.
1198 1863 1266 1896 Non
1293 1864 1499 1898 obstantibus
1530 1867 1737 1908 praemissis,
1765 1875 1839 1900 acm:
1862 1877 1996 1900 obstantibus

1032 1916 1343 1948 'constitutionibus
1379 1923 1411 1949 et
1432 1918 1692 1951 ordinationibus
1724 1908 1995 1963 apo-fffflsssiiiiffimqne

1053 1968 1202 2008 stolicis,
1236 1980 1365 2002 necnon
1399 1971 1566 2014 quibusvis
1603 1972 1733 2005 Ordinis
1767 1979 1798 2006 et

1052 2021 1292 2063 provinciarum
1320 2023 1489 2064 eiusmodi,
1516 2025 1713 2069 illorumque
1741 2027 1798 2059 do-

1053 2085 1178 2106 morum
1195 2080 1226 2107 et
1240 2082 1471 2115 conventuum,
1488 2079 1584 2111 etiam
1601 2079 1795 2119 iuramento,

1051 2127 1300 2161 confirmatione
1327 2131 1515 2172 apostolica,
1535 2138 1590 2164 aut
1609 2133 1719 2176 quavis
1745 2134 1798 2165 fir-

1052 2180 1162 2213 mitate
1182 2181 1243 2213 alia
1268 2183 1439 2223 roboratis,
1461 2185 1595 2224 statutis,
1614 2186 1712 2228 stylis,
1731 2188 1798 2218 usi-

1051 2234 1110 2266 bus
1127 2239 1158 2266 et
1175 2235 1482 2276 consuetudinibus,
1507 2238 1602 2269 etiaui
1630 2239 1797 2272 immemo-

1052 2286 1220 2325 rabilibus,
1246 2288 1423 2330 privilegiis
1449 2300 1592 2333 quoque,
1611 2291 1744 2324 indultis
1764 2298 1796 2325 et

1050 2339 1166 2372 litteriS
1201 2341 1390 2382 apostolicis
1416 2341 1448 2373 in
1475 2344 1674 2375 contrarium
1701 2355 1795 2387 prae-

1049 2393 1224 2425 missorum
1251 2394 1499 2436 quomodolibet
1523 2397 1696 2436 concessis,
1717 2408 1796 2429 con-

1048 2446 1182 2479 firmatis
1216 2452 1247 2478 et
1278 2447 1458 2486 innovatis;
1487 2448 1603 2491 quibus
1639 2450 1792 2482 omnibus

1048 2503 1078 2532 et
1094 2499 1238 2542 singulis,
1258 2500 1388 2532 illorum
1417 2506 1548 2533 tenores
1566 2503 1791 2544 praesentibus

1046 2563 1106 2595 pro
1140 2555 1235 2595 plene
1269 2559 1299 2586 et
1331 2554 1532 2587 sufficienter
1562 2556 1722 2598 expressis
1753 2569 1791 2589 ac

1045 2605 1084 2638 ad
1110 2607 1243 2640 verbum
1269 2607 1399 2640 insertis
1426 2607 1594 2647 habentes,
1620 2609 1684 2642 illis
1710 2610 1790 2643 alias

1703 218 1767 252 243
1813 227 1867 253 An.
1883 224 1911 252 c.
1932 223 2000 252 1731
