2182 3137
58 242 96 268 An
124 240 153 266 C.
177 239 243 266 1734

125 301 239 325 nerngauo

57 332 218 349 contrariorum.

883 242 1026 267 CLEMENS
1052 243 1094 267 xil
1119 245 1166 268 PP.

295 289 310 333 ξ
333 288 364 321 4.
389 288 458 322 Non
484 289 690 323 obstantibus
718 290 926 333 praemissiS,
950 301 986 324 ac

250 341 536 376 constitutionibus
563 347 595 375 et
619 342 881 376 ordinationibus
915 353 986 387 apo-

250 395 385 435 stolicis,
411 406 541 428 necnon
565 396 757 439 provinciae
783 396 932 430 Baeticae
955 403 986 430 et

249 448 379 481 Ordinis
402 448 639 491 praefatorum,
665 449 778 482 aliisve
804 449 985 493 quibusvis,

249 501 351 539 etiamr
362 501 555 540 iuramento,
570 501 817 535 confirmatione
835 504 987 546 apostoli-

249 556 296 594 ca,
309 554 358 588 vel
373 554 485 598 quavis
498 554 650 588 firmitate
667 554 728 588 alia
741 555 913 595 roboratis,
927 561 986 589 sta—

249 608 323 642 tutis
342 614 374 642 et
391 608 695 648 consuetudinibus,
714 608 889 652 privilegiis
907 620 987 653 quo—

249 673 333 707 que,
361 661 494 695 indultis
523 667 556 695 et
580 661 696 694 litteris
722 663 923 706 apostolicis,
953 663 984 696 in

250 715 450 751 contrarium
463 715 718 760 praemissorum
738 716 987 759 quomodolibet

250 769 422 810 concessis,
440 768 636 803 confirmatis
662 774 694 803 et
717 768 891 810 innovatis;
919 770 987 814 qui-

249 825 309 857 bus
326 823 476 857 omnibus
492 828 525 857 et
541 822 688 867 singulis,
706 822 834 857 illorum
857 829 987 857 tenores

249 877 475 925 praesentibus
508 887 568 921 pro
604 877 700 921 plene
734 882 765 911 et
789 877 988 912 sufficienter

1679 237 1742 271 639
1789 249 1882 275 Aac.
1903 249 1967 276 1734

1037 293 1199 336 expressis
1215 305 1251 327 ae
1276 296 1316 328 de
1330 296 1428 329 verbo
1444 296 1482 329 ad
1498 297 1629 329 verbum
1645 296 1775 331 insertis

1037 345 1213 388 hahentes,
1233 347 1296 381 illis
1321 349 1399 381 alias
1424 349 1456 382 in
1482 360 1541 382 suo
1566 350 1685 384 robore
1707 362 1777 395 per-

1037 400 1207 440 mansuris,
1246 401 1284 434 ad
1319 402 1578 444 praemissorum
1612 403 1773 445 effectum,

1038 451 1100 485 hac
1116 453 1185 486 vice
1197 454 1371 495 dumtaxat,
1387 455 1572 498 specialiter
1583 462 1612 490 et
1623 467 1775 501 expresse

1038 504 1254 548 derogamus3
1287 509 1468 552 ceterisque
1504 510 1676 544 contrariis
1701 513 1774 555 qui-

1038 558 1248 603 buscumque.

1080 611 1194 644 natum
1221 613 1360 655 Romae,
1387 616 1473 658 apud
1499 616 1528 649 S.
1557 616 1686 650 Mariam
1712 618 1773 652 Ma-

1037 663 1163 706 iorem‘,
1190 666 1248 699 sub
1273 669 1393 701 annulo
1419 669 1589 703 Piscatoris
1604 698 1612 711 ,
1633 671 1684 704 die
1698 663 1773 706 xxv}

1036 717 1116 750 iunii
1165 729 1346 754 nnccxxxiv
1374 748 1381 761 ,
1422 722 1627 765 pontificatus
1671 725 1773 758 nostri

1038 781 1122 805 anno
1155 783 1196 806 lv.

1073 833 1132 863 Dat.
1154 834 1197 863 die
1217 835 1250 863 26
1271 836 1335 863 iunii
1360 837 1436 871 1734,
1458 838 1553 873 pontif.
1576 847 1645 867 anno
1665 847 1702 867 iv.

1368 891 1402 924 F.
1430 892 1517 926 card.
1544 892 1728 928 Omvmuus.
