2182 3137
66 239 118 266 An.
138 239 168 266 C.
185 237 254 265 1732

261 285 375 315 abbatis
407 284 553 323 generalis
585 288 613 314 et
644 283 877 322 hegumenorum
913 281 1004 311 suncti

261 338 340 371 sunt,
364 334 481 363 etiamsi
504 333 576 363 tales
599 342 656 362 non
679 332 788 361 fuerint
808 339 874 360 cum
897 330 1004 359 mortui

261 383 331 412 sint.
361 382 447 412 Hunc
473 385 570 412 autem
601 381 757 410 missarum
780 383 808 408 et
840 379 1004 408 orationum

261 441 415 462 numerum
433 455 440 467 ,
464 439 551 470 quem
579 439 666 469 supra
698 428 896 468 expressimus
913 451 921 465 ‚
955 437 1005 457 au-

261 489 331 518 gere
353 480 396 509 vel
420 480 585 509 diminuere
612 478 720 517 poterit
741 476 929 515 congregatio
957 486 1005 514 ge-

261 529 370 558 neralis
393 538 444 568 pro
469 528 572 558 maiori
595 528 639 558 vel
663 527 769 556 minori
794 525 1003 555 monachorum

261 587 394 607 numero.

299 635 359 656 wn.
384 626 491 656 Audita
513 630 605 655 morte
627 625 734 655 summi
758 623 883 654 Romani
904 623 1006 653 Ponti-

261 675 323 704 ficis
347 675 390 705 vel
414 674 652 704 reverendissimi
677 673 787 703 domini
821 672 1004 711 patriarchae

94 641 202 667 exequiae
213 646 251 666 pro

68 668 164 689 Romano
179 667 250 687 Ponti-

68 700 92 716 το
102 710 108 719 ‚
127 694 249 720 patriarcha

69 723 90 742 et
104 721 212 747 episcopa.

261 772 447 802 monasteriis
464 795 471 809 ‚
495 775 527 800 ut
550 771 742 809 unisquisque
764 770 899 799 sacerdos
927 770 1005 799 dicat

261 829 347 850 unam
373 820 501 854 missam,
519 824 547 848 et
564 828 620 848 non
639 818 773 848 sacerdos
789 822 905 847 centum
920 818 1006 857 quin-

261 869 399 907 quaginta
422 868 506 897 Pater
534 872 624 896 noster
647 872 674 897 et
696 867 754 896 :ire
776 866 867 896 Maria
886 891 893 904 ,
928 867 1005 906 quod

261 921 304 946 est
327 917 478 954 integrum
502 915 673 955 psalterium
697 924 830 954 precum.
854 915 933 944 Idem
957 916 1006 945 fiat

261 974 312 1004 pro
334 965 472 1004 episeopo
495 965 523 994 in
548 965 757 1002 monasteriis,
782 974 856 1004 quae
879 965 908 994 in
943 965 1005 994 eius

259 1013 385 1043 dioecesi
409 1017 478 1043 sunt
496 1037 503 1051 ‚
527 1018 555 1043 et
583 1022 634 1052 pro
668 1003 903 1043 benefactoribus
936 1013 1006 1042 insi„

259 1062 365 1100 gnihus
388 1062 416 1091 in
440 1062 618 1092 monasterio
640 1063 687 1091 cui
710 1062 928 1092 benefecerunt.

301 1119 340 1140 lx.
366 1110 396 1140 ln
420 1111 558 1141 omuibus
581 1111 768 1141 coemeteriis
786 1112 892 1140 nostris
909 1120 1006 1141 mona-

261 1159 307 1189 chi
330 1169 345 1189 a
370 1160 570 1190 saecularibus
589 1160 691 1190 semoti
709 1160 889 1199 sepeliantur
907 1160 936 1189 in
956 1160 1006 1189 lia-

262 1208 322 1238 bitu
342 1232 349 1246 ‚
374 1218 461 1248 quem
485 1218 612 1247 gessere,
637 1209 698 1238 sive
726 1210 926 1248 professorum
962 1209 1005 1238 vel

263 1257 451 1287 novitiorum.

304 1316 332 1335 x.
356 1306 404 1336 Bis
427 1307 457 1336 in
479 1315 556 1335 anno
579 1306 627 1335 siat
650 1307 888 1337 commemoratio
911 1316 963 1345 pro
978 1316 1006 1335 o-

263 1355 381 1385 mnibus
406 1355 556 1385 monacbis
578 1355 726 1385 defunctis
749 1355 840 1384 nostri
862 1356 980 1385 (irdinis
999 1365 1004 1383 :

263 1404 308 1434 bis
331 1414 447 1443 quoque
471 1413 522 1443 pro
541 1403 722 1442 parentibus,
738 1403 874 1433 aftinibus
891 1409 919 1433 et
935 1404 1007 1432 aini-

264 1453 306 1483 cis
329 1453 539 1482 monachorum
558 1476 565 1490 ,
590 1457 618 1482 et
642 1462 692 1491 pro
715 1452 873 1489 onmibus,
898 1452 947 1491 qui
977 1452 1006 1481 in

264 1502 448 1532 coemeteriis
471 1503 562 1530 nostri
586 1501 704 1531 Ordinis
727 1501 836 1539 sepulti
859 1506 928 1530 sunt
947 1512 953 1538 3
979 1505 1007 1530 et

264 1551 308 1580 bis
342 1560 393 1589 pro
427 1549 687 1586 benefactoribus,
724 1554 751 1578 et
781 1560 833 1589 pro
867 1550 924 1578 illis
958 1550 1006 1588 qui

264 1600 376 1629 litteras
390 1599 580 1628 fraternitatis
594 1598 713 1628 Ordinis
726 1599 815 1628 nostri
830 1598 1005 1628 habuerunt.

264 1648 360 1678 Semel
384 1648 497 1677 scilicet
522 1657 621 1677 mense
644 1647 794 1676 novembri
816 1672 823 1685 ,
857 1653 885 1677 et
917 1648 1006 1677 semel

97 1329 252 1351 Anniversaria.

264 1703 330 1727 ante
353 1697 470 1727 initium
494 1697 595 1726 ieiunii
619 1697 892 1736 quadragesimalis.
917 1697 946 1726 lu
978 1708 1009 1727 u-

265 1749 368 1785 traque
391 1746 668 1775 commemoratione
691 1746 804 1775 dicatur
827 1746 856 1775 in
879 1756 1008 1785 unoquo-

265 1805 321 1835 que
344 1795 521 1824 monasterio
543 1795 631 1824 missa
655 1795 793 1824 solemnis
807 1819 814 1833 ‚
839 1800 867 1825 et
886 1795 1009 1834 quilibet

264 1845 401 1874 sacerdos
423 1844 499 1874 dicat
521 1853 608 1874 uuam
632 1844 767 1881 missam,
792 1849 818 1873 et
842 1854 897 1874 non
915 1854 1009 1873 sacer—

266 1894 317 1923 dos
341 1893 511 1933 psalterium
536 1903 667 1932 precum.

325 1942 394 1973 Car.
419 1942 490 1971 thl.
515 1960 553 1964 —
576 1942 614 1971 De
636 1943 758 1972 eremitis
780 1948 804 1972 el
828 1942 953 1972 Inclust's.

95 2015 166 2036 vitam
182 2015 257 2035 eremi-
308 2001 326 2021 1.
351 1992 493 2027 Quoniam
518 1995 614 2030 patres
636 1991 727 2020 nostri
750 2001 807 2020 non
831 1991 914 2020 modo
946 2001 1010 2020 coe-

72 2043 150 2095 ¹cigffie
160 2039 436 2094 Ρᾱοῑῗξξζὲηυὶήῑίεῑψῖ
451 2040 557 2074 vitam,
581 2040 630 2069 scd
654 2041 741 2069 etiam
765 2040 946 2070 eremiticam
964 2050 1010 2069 co-

74 2096 205 2116 conceditur.
268 2089 370 2127 luere,
402 2088 544 2128 nobisque
578 2088 745 2125 tradidere;
779 2088 843 2118 ideo
880 2089 1010 2126 vestigiis

267 2146 370 2167 eorum
395 2137 604 2174 inhaerentes,
629 2137 813 2166 decernimus
831 2159 838 2173 ‚
874 2138 914 2166 fas
948 2146 1010 2166 esse

268 2186 427 2225 unicuique
450 2186 592 2215 monacho
615 2186 743 2224 professo
758 2210 765 2223 ‚
790 2190 853 2224 post
876 2190 1009 2215 exactum

267 2241 364 2266 tamen
396 2245 411 2264 a
445 2234 625 2274 professione
660 2234 818 2264 monastica
848 2234 1012 2274 quinquen-

266 2285 366 2321 nium,
390 2288 418 2314 et
442 2284 533 2323 petita
557 2283 637 2322 prius
660 2283 839 2322 obtentaque
855 2282 890 2312 ab
907 2283 1009 2312 abbate

267 2334 404 2370 licentia,
428 2334 457 2363 in
480 2333 582 2363 cellam
605 2343 619 2362 a
643 2333 790 2363 communi
813 2333 936 2362 aliorum
953 2342 1012 2362 mo-

268 2384 426 2413 nachorum
450 2383 598 2412 consortio
620 2387 784 2420 semotam,
808 2382 935 2412 claustro
970 2387 1012 2412 ta-

269 2442 334 2463 men
359 2432 500 2461 munitam
519 2428 531 2468 ,’
550 2431 687 2461 secedere
710 2431 743 2460 ad
767 2436 882 2470 tenipus
906 2431 949 2461 vel
981 2431 1010 2461 in

269 2486 441 2522 perpetuum
456 2504 463 2518 ,
490 2484 576 2519 prout
598 2480 653 2519 ipsi
679 2480 776 2510 abbati
799 2484 827 2509 et
855 2489 1012 2518 congrega·

270 2531 340 2560 tioni
364 2528 575 2559 monachorum
599 2529 691 2558 visum
722 2528 834 2565 fuerit;
868 2528 916 2558 ubi
948 2538 1012 2558 ora-

270 2579 341 2609 tioni
364 2583 392 2608 et
414 2577 617 2617 spiritualibus
633 2577 893 2607 exercitationibus
913 2583 1010 2616 vacet;

270 2633 299 2658 et
314 2651 321 2664 ,
344 2627 367 2657 si
391 2627 475 2657 firmo
497 2635 618 2665 corpore
641 2626 750 2664 suerit,
774 2625 886 2664 agellus
908 2626 934 2656 ei
963 2635 1011 2656 co-

347 2686 424 2712 Ball.
442 2687 522 2712 [lom.
540 2701 569 2705 -
594 2685 653 2711 Vol.
671 2685 779 2712 ΧΧΙΙΙ.
924 2685 957 2710 44

261 723 353 753 nostri
371 747 378 760 ‚
403 723 473 752 fiant
495 722 635 761 exequiae
657 721 803 750 solemnes
826 721 856 750 in
881 721 1005 759 singulis
1026 753 1027 759 ¹

886 233 1028 258 CLEMENS
1052 234 1096 257 x11
1120 235 1168 258 PP.

1046 281 1151 311 lendus
1186 282 1340 320 tradatur,
1364 282 1408 311 vel
1441 281 1512 312 illud
1545 290 1684 311 manuum
1717 289 1789 320 opus

1047 334 1203 366 exerceat,
1227 330 1303 369 quod
1327 330 1398 360 utile
1421 330 1507 360 fuerit
1540 334 1568 359 et
1600 328 1787 359 conveniens.

1047 377 1153 408 Probet
1175 382 1272 408 autem
1296 378 1385 407 abbas
1407 379 1542 417 spiritum
1565 378 1716 413 monaehi,
1740 385 1790 406 an—

1047 430 1164 464 tequam
1187 426 1229 455 illi
1256 426 1364 456 dictam
1387 426 1534 456 licentiam
1557 426 1719 463 concedat,
1754 434 1789 454 ne

1047 475 1117 513 quid
1140 475 1301 504 diabolicae
1318 475 1429 504 fraudis
1445 475 1473 504 in
1491 475 1657 504 huiusmodi
1673 483 1789 504 secessu

1047 522 1198 561 subrepat.

1087 581 1117 600 11.
1142 571 1235 600 Minus
1259 580 1346 610 quam
1369 571 1425 600 duo
1448 581 1504 600 non
1534 572 1592 601 sint
1625 571 1700 610 apud
1729 581 1790 600 mo—

1026 622 1027 631 *
1048 621 1211 650 nasterium
1235 620 1385 652 eremitae,
1411 620 1489 658 iique
1513 620 1540 649 in
1564 620 1676 649 duabus
1708 620 1788 649 cellis

1048 670 1200 708 separatis,
1219 678 1313 707 neque
1338 668 1402 707 plus
1425 678 1511 707 quam
1531 672 1602 704 tres,
1622 669 1650 697 in
1669 668 1788 698 totidem

1048 718 1140 747 cellis.
1158 716 1239 752 Quod
1262 717 1286 745 si
1309 716 1520 745 monasterium
1540 717 1675 755 frequens
1698 716 1745 752 sit,
1762 721 1789 745 et

1049 766 1196 795 voluerint
1219 765 1318 804 plures
1351 773 1437 803 quam
1461 769 1520 793 tres
1544 765 1677 794 monachi
1700 765 1789 794 vitam

1048 815 1229 845 eremiticam
1252 814 1367 852 colere,
1392 817 1461 843 tune
1484 813 1544 843 bini
1567 813 1628 842 bini
1651 813 1790 843 eremitae

1048 865 1206 904 separatim
1230 863 1265 893 ab
1288 863 1353 892 aliis
1369 863 1397 892 in
1415 864 1469 891 sua
1487 862 1611 901 quisquc
1633 861 1708 891 cella
1732 871 1790 890 ma-

1049 914 1182 950 nebunt3
1207 917 1234 942 et
1263 913 1337 942 alter
1360 912 1444 941 alteri
1468 911 1588 940 eremita
1613 910 1791 940 ministrabit

1048 963 1078 992 in
1092 962 1180 992 rebus
1192 960 1396 1001 spiritualibus
1409 965 1436 989 et
1452 959 1673 998 temporalibus,
1688 959 1790 988 eadem

1049 1012 1167 1041 omnino
1191 1011 1316 1047 ratione,
1341 1019 1415 1049 quae
1438 1019 1452 1039 a
1476 1009 1577 1047 regula
1600 1013 1628 1037 et
1651 1008 1793 1037 eonstitu-

1049 1060 1178 1091 tionibus
1191 1059 1402 1100 praescribitur
1418 1058 1580 1088 coenobitis
1595 1067 1663 1095 erga
1680 1057 1789 1091 socios;

1049 1110 1158 1149 idque⁷
1183 1110 1207 1138 si
1229 1108 1315 1138 ambo
1349 1108 1392 1137 vel
1423 1118 1500 1137 unus
1533 1117 1632 1137 eorum
1656 1106 1792 1136 sacerdos

1049 1159 1137 1189 fuerit
1153 1169 1159 1193 ;
1184 1168 1251 1188 nam
1270 1166 1381 1187 sacram
1398 1157 1547 1195 liturgiam
1565 1160 1590 1185 et
1608 1158 1790 1184 sacramenta

1049 1208 1241 1238 confessionis
1264 1211 1292 1237 et
1324 1206 1540 1236 communionis
1573 1205 1673 1234 eodem
1707 1203 1791 1233 modo

1049 1259 1078 1288 in
1103 1257 1229 1287 oratorio
1253 1257 1367 1296 privato
1390 1254 1633 1294 frequentabunt,
1658 1263 1714 1293 quo
1738 1254 1792 1282 fre-

1049 1311 1231 1346 quentantur
1253 1316 1267 1335 a
1291 1304 1441 1334 monacbis
1458 1304 1485 1333 in
1503 1304 1627 1333 ecclesia
1647 1306 1792 1331 monaste-

1049 1356 1096 1385 rii.
1124 1356 1153 1386 Si
1187 1364 1254 1383 vero
1284 1353 1368 1383 ambo
1392 1363 1449 1382 non
1472 1352 1637 1381 sacerdotes
1660 1351 1790 1386 fuerint,

1050 1406 1077 1435 id
1101 1408 1250 1444 praestare
1273 1402 1421 1432 debebunt
1447 1402 1474 1431 iu
1499 1401 1624 1430 ecclesi-51
1647 1405 1792 1429 monaste-

1050 1454 1099 1491 rii,
1124 1453 1158 1482 ad
1179 1461 1266 1492 quam
1292 1461 1343 1491 pro
1366 1450 1454 1480 rebus
1487 1448 1693 1489 spiritualibus
1724 1457 1792 1478 con-

1051 1502 1168 1532 venient
1190 1501 1278 1531 certis
1302 1500 1393 1537 boris,
1417 1499 1563 1537 certisque
1586 1497 1706 1534 diebus3
1730 1502 1790 1526 tum

1051 1552 1084 1581 ad
1108 1550 1196 1580 cellas
1219 1559 1285 1579 suas
1309 1548 1445 1577 abibunt.
1469 1547 1501 1576 ln
1525 1548 1597 1576 festo
1620 1551 1716 1575 autem
1739 1546 1792 1574 Pa-

1051 1600 1138 1630 seatis
1161 1597 1409 1633 Resurrecti011is‚
1434 1602 1461 1626 et
1485 1597 1513 1625 in
1534 1597 1606 1625 festo
1628 1595 1792 1625 Nativitatis

1051 1649 1178 1685 Domini,
1202 1647 1307 1677 debent
1330 1655 1431 1676 omnes
1453 1646 1605 1681 eremitae,
1623 1649 1680 1674 tum
1697 1653 1791 1673 saeer-

1051 1699 1132 1728 dotes
1165 1706 1252 1736 quam
1287 1705 1343 1725 non
1367 1695 1533 1724 sacerdotes
1548 1719 1555 1732 ,
1580 1693 1614 1723 ad
1637 1693 1790 1722 ecclesiam

1052 1746 1220 1777 monasterii
1237 1745 1386 1781 accedere,
1401 1743 1499 1782 ibique
1516 1743 1646 1772 divinum
1663 1742 1792 1771 officium

1052 1805 1118 1826 eum
1142 1794 1291 1824 monacbis
1314 1793 1474 1825 celebrare,
1499 1796 1527 1821 et
1550 1792 1667 1821 missam
1697 1791 1793 1820 dicere

1053 1846 1095 1875 vel
1120 1845 1243 1881 audire;
1267 1848 1340 1881 tum,
1364 1843 1388 1872 si
1412 1842 1557 1871 voluerint
1572 1866 1578 1878 ‚
1604 1844 1741 1880 poterunt
1763 1840 1792 1869 in

1053 1894 1201 1925 communi
1218 1893 1370 1922 refectorio
1387 1891 1483 1921 cibum
1501 1899 1632 1922 sumere:
1652 1889 1793 1928 alioquin,

1055 1943 1179 1983 peractis
1212 1941 1320 1971 divinis
1351 1940 1456 1969 officiis
1478 1944 1506 1969 et
1529 1939 1654 1968 salutato
1677 1937 1791 1975 abbate,

1053 1993 1082 2021 in
1106 1991 1194 2021 cellas
1217 2000 1283 2019 suas
1308 1993 1441 2028 pergent.
1488 1987 1494 1994 ’

1092 2049 1133 2070 lu.
1157 2040 1243 2069 Curet
1273 2037 1361 2067 abbas
1394 2037 1574 2069 monasterii,
1608 2045 1683 2075 quae
1715 2035 1792 2064 circa

1053 2089 1118 2118 illos
1141 2092 1279 2126 aguntur,
1298 2090 1449 2125 perspecta
1469 2085 1587 2122 babere,
1605 2089 1633 2114 et
1649 2083 1791 2121 invigilet,

1053 2148 1089 2167 ne
1113 2141 1262 2177 praetextu
1286 2135 1453 2165 eremiticae
1477 2135 1550 2163 vitae
1579 2134 1636 2163 otio
1659 2143 1689 2161 se
1712 2133 1791 2167 dent,

1053 2192 1103 2217 aut
1132 2187 1210 2216 aliud
1245 2186 1370 2222 faciant,
1394 2194 1481 2224 quam
1516 2183 1593 2223 quod
1627 2181 1791 2212 huiusmodi

1053 2236 1220 2266 institutum
1234 2235 1372 2273 postulat.
1387 2233 1522 2271 ⁴issignet
1535 2236 1684 2271 praeterea
1702 2239 1791 2260 unum

1054 2294 1088 2314 ex
1110 2283 1300 2317 monasterio,
1321 2283 1369 2321 qui
1394 2281 1575 2320 temporibus
1592 2280 1652 2309 suis
1671 2279 1791 2315 victum,

1054 2338 1165 2373 potum,
1184 2333 1318 2362 vestitum
1343 2336 1372 2360 et
1395 2331 1490 2360 omnia
1511 2329 1674 2359 necessaria
1699 2328 1793 2358 inclu-

1054 2383 1094 2412 sis
1115 2383 1176 2412 sive
1198 2381 1329 2411 eremitis
1351 2379 1565 2409 subministret.

1094 2439 1132 2461 iv,
1161 2430 1255 2460 Semel
1288 2430 1316 2459 in
1352 2438 1427 2458 anno
1461 2428 1632 2467 perdecem
1655 2431 1705 2456 aut
1728 2430 1792 2456 octo

1054 2481 1115 2511 dics
1139 2484 1275 2510 tenentur
1299 2477 1431 2508 monachi
1450 2487 1552 2507 omnes
1568 2477 1596 2506 in
1614 2476 1702 2506 cellas
1725 2485 1793 2505 suas

1054 2539 1068 2558 a
1091 2528 1238 2559 communi
1261 2527 1386 2556 aliorum
1409 2525 1556 2555 consortio
1579 2525 1731 2562 secedere,
1765 2529 1792 2554 et

1054 2576 1257 2617 spiritualibus
1280 2574 1539 2605 exercitationibus
1562 2583 1681 2603 vacare:
1705 2573 1792 2613 idque

1054 2627 1115 2656 sive
1137 2630 1204 2655 ante
1226 2624 1414 2654 Nativitatem
1438 2623 1551 2653 Domini
1573 2623 1634 2652 sive
1657 2626 1724 2652 ante
1743 2622 1793 2652 do-

1690 222 1754 256 345
1800 232 1849 256 An.
1870 230 1900 256 c.
1918 227 1986 256 1732
