2182 3137
230 272 381 302 doctorum
414 276 464 302 aut
497 272 705 310 magistrorum
726 261 878 309 'suffragia
901 270 978 300 exci-

231 321 360 360 piantur.

269 368 299 399 Si
322 378 423 398 omnes
439 368 522 408 quasi
539 377 592 407 per
613 368 787 398 instinctum
803 372 832 398 et
847 368 977 398 afflatum

230 417 260 448 in
283 417 414 447 eamdem
438 417 480 446 ire
504 417 593 446 velint
625 416 818 453 sententiam,
843 421 888 446 sat
920 418 977 447 erit

230 465 439 496 scholasticum
456 466 551 505 palam
574 465 730 504 sciscitari,
748 474 818 494 num
835 465 901 505 quis
919 466 978 495 dis-

230 513 352 550 sentiat,
382 518 413 543 ut
436 513 499 543 eius
522 523 639 553 quoque
662 513 837 552 suffragium
859 514 889 543 in
912 518 976 544 acta

230 563 385 592 referatur.
410 563 482 592 Dum
515 572 581 592 vero
614 563 709 602 palam
742 572 814 592 voce
840 563 977 593 seruntur

229 610 380 649 suffragia,
397 621 483 641 suum
507 616 672 651 postremus
695 612 872 651 pronunciet
893 613 977 642 scho-

229 659 362 698 lasticus,
380 669 416 690 ne
434 660 563 690 libertati
586 661 730 690 vocalium
753 661 878 691 officiat:
896 661 976 691 mille

229 709 437 748 merapefinos,
457 710 482 739 si
504 719 589 739 secus
611 710 694 747 faxit,
712 710 747 740 ad
769 711 976 750 compendium

230 758 385 798 hospitalis
403 758 560 798 persolvat.

269 807 299 837 Si
321 817 368 837 res
390 807 420 836 iu
443 807 567 837 consilio
589 807 773 837 discutienda
797 813 911 838 secreto
933 809 977 838 in-

230 855 339 894 digeat,
354 865 401 894 ne,
416 857 493 895 quod
509 857 654 886 sancitum
671 857 859 888 (lecretuinve
875 859 975 894 suerit,

230 905 338 944 quibus
354 915 406 944 par
429 915 480 944 par
503 915 561 935 non
585 910 646 944 est,
665 906 848 945 innotescat,
866 908 978 937 schola-

230 955 322 984 sticus
338 959 459 985 cunctos
482 955 593 985 silentii
616 962 800 987 sacramento
823 957 976 995 obligabit.

51 1013 121 1036 Semel
133 1013 220 1043 decreta
270 1003 349 1039 Quae
364 1004 456 1033 semel
473 1004 529 1033 rite
545 1014 597 1043 per
613 1005 772 1035 concilium
786 1006 902 1036 decreta
919 1007 978 1037 fue-

33 1046 77 1092 22⁰
88 1039 219 1087 „2⁶0⁵cj'2'2‘3ffi
231 1051 302 1088 rint,
326 1061 384 1082 non
407 1053 638 1087 rescindantur,
664 1063 717 1083 nec
749 1063 853 1085 rursus
876 1064 979 1094 propo-

35 1093 183 1121 ¹³¹⁰P⁰⁰⁹⁰d³·
231 1105 353 1140 nantur,
383 1101 439 1130 nisi
463 1106 522 1131 tres
543 1111 578 1131 ex
602 1106 728 1142 quatuor
750 1104 866 1133 concilii
890 1105 980 1143 parti-

231 1150 286 1180 bus
309 1150 527 1180 rationabiliter
558 1152 586 1181 id
620 1152 757 1191 expedire
787 1153 977 1189 censuerint;

232 1209 287 1229 nec
309 1199 502 1229 scholasticus
524 1200 597 1239 ipse,
621 1201 692 1240 quin
716 1207 911 1241 exequantur,
930 1207 980 1232 aut

232 1249 377 1288 impedire
393 1253 442 1278 aut
458 1251 609 1279 retardare
625 1250 733 1288 possit,
752 1251 891 1281 mulctam
908 1252 980 1282 alio-

233 1298 305 1338 quin
327 1307 377 1328 sex
401 1298 481 1327 mille
504 1299 756 1338 merapetinorum
780 1310 832 1339 pro
855 1301 980 1339 singulis

233 1346 348 1376 vicibus
379 1346 565 1382 incursurus,
591 1347 727 1386 hospitali
751 1348 977 1387 applicandam,

234 1398 263 1424 et
278 1395 352 1424 nihil
369 1395 498 1431 demum,
519 1397 595 1425 ultra
612 1398 688 1436 quod
706 1398 920 1437 praescriptum
937 1404 980 1428 est

233 1444 264 1474 in
287 1445 406 1480 scheda,
430 1445 461 1474 in
480 1445 540 1474 ullo
562 1451 649 1475 coetu
671 1447 807 1484 agitetur.

66 1503 223 1526 Duabsentium
275 1493 365 1522 Nemo
398 1494 535 1531 (tametsi
564 1493 610 1524 ius
643 1495 774 1533 suffragii
807 1497 980 1535 ceteroquin

35 1531 152 1557 suffragiis.
234 1541 352 1579 habeat,
376 1542 421 1572 vel
446 1542 483 1572 sit
504 1543 566 1582 ipse
589 1544 806 1583 cancellarius)
825 1544 868 1574 illi
885 1546 982 1574 conci-

234 1591 274 1621 lio
295 1591 430 1629 intersit,
455 1591 484 1621 in
508 1602 564 1630 quo
587 1592 621 1621 de
644 1602 675 1622 re
698 1593 733 1622 ad
756 1593 819 1622 eius
841 1593 980 1623 damnum

235 1644 285 1670 aut
307 1640 492 1670 commodum
516 1640 672 1670 manifesto
688 1645 715 1670 et
738 1642 895 1681 praecipue
918 1651 983 1681 per-

235 1689 348 1719 tinente
379 1689 426 1727 agi
458 1689 581 1726 debeat;
606 1699 659 1719 nec
692 1689 819 1726 absens,
848 1692 981 1730 quamvis

236 1738 367 1776 legitime
388 1737 559 1777 impeditus,
579 1738 751 1777 suffragium
775 1750 861 1769 suuni
878 1741 927 1770 uni
944 1750 981 1770 ex

236 1787 415 1825 eligentibus
436 1787 613 1817 demandare
637 1789 739 1827 possit.

277 1837 308 1866 Si
332 1846 420 1876 quem
444 1846 512 1866 vero
535 1846 570 1866 ex
597 1838 633 1867 iis
664 1838 714 1877 qui
744 1838 867 1876 adsunt,
891 1839 981 1878 impe—

237 1888 314 1916 trata
337 1886 419 1926 prius
442 1896 457 1915 a
480 1887 656 1916 cancellario
678 1888 776 1926 venia,
794 1893 878 1918 coetu
900 1889 981 1919 abire

237 1935 404 1973 contigerit,
428 1935 585 1966 dummodo
604 1946 677 1971 rem,
696 1937 731 1966 de
754 1947 811 1976 qua
833 1937 863 1967 in
884 1938 982 1968 couci-

237 1983 276 2013 lio
298 1984 416 2021 agitur,
441 1984 532 2023 probe
563 1985 762 2020 intellexerit,
787 1986 830 2016 sas
862 1986 917 2016 erit
939 1987 982 2016 illi

237 2033 387 2071 propriam
410 2033 586 2062 sententiam
611 2034 771 2064 secretario
794 2035 930 2074 aperire,
955 2040 983 2064 et

237 2081 349 2111 serendi
371 2082 503 2120 suffragii
526 2082 618 2111 vicem
641 2083 829 2121 demandare,
853 2088 883 2114 ut
905 2085 984 2114 inter

236 2134 332 2171 cetera
357 2131 556 2169 praesentium
579 2131 717 2169 suffragia
740 2137 941 2162 recenseatur.

277 2179 366 2209 Fores
388 2180 471 2208 aulae
505 2180 674 2210 cont-iliaris
706 2181 846 2219 magister
873 2181 983 2211 silentii

239 2228 447 2267 circumsistat,
475 2233 506 2258 ut
535 2232 651 2269 praesto
674 2231 711 2260 sit
734 2231 769 2260 ad
792 2231 983 2270 campanulae

239 2277 367 2307 sonitum
390 2279 557 2308 cancellarii
574 2280 706 2309 vocantis
728 2280 865 2319 imperio.

72 2339 102 2360 De
117 2339 228 2361 electioni·
279 2326 311 2355 In
334 2326 420 2356 rebus
450 2327 585 2363 gratiosis
615 2338 627 2356 a
652 2329 777 2358 concilio
809 2329 983 2359 deliniendis

42 2365 84 2387 ³²⁰⁵
99 2366 226 2390 ⁰ffi⁰¹⁰‘⁰“¹·
240 2383 291 2414 per
313 2374 394 2403 albos
417 2375 554 2413 nigrosve
572 2377 700 2406 calculos
719 2377 896 2407 scrutinium
920 2387 985 2418 per-

240 2427 361 2461 agatur,
386 2423 445 2452 illis
467 2416 658 2461 concessam,
684 2426 728 2455 his
753 2436 820 2455 vero
849 2432 983 2465 negatam

241 2472 367 2509 gratiam
404 2472 615 2502 indicantibus.
652 2475 761 2504 Electio
797 2476 982 2510 officiorum,

242 2520 408 2550 distributis
438 2530 489 2560 per
511 2522 704 2551 secretarium
728 2524 895 2561 tesserulis,
920 2529 948 2553 et
970 2535 983 2553 a

242 2569 367 2608 singulis
390 2580 404 2599 a
428 2571 603 2600 cancellario
625 2571 660 2600 ad
677 2571 770 2601 infimi
786 2572 918 2602 subsellii
938 2573 986 2602 do-

242 2623 338 2649 ctores
360 2619 390 2649 in
413 2620 524 2649 loculos
546 2620 706 2659 immissis,
731 2621 787 2651 rite
811 2626 985 2660 peragatur,

30 228 98 256 An.
114 225 143 252 C.
168 223 236 252 1730
867 223 1010 246 CLEMENS
1039 224 1084 246 xii
1110 225 1158 247 rr.
1665 218 1729 252 159

1022 280 1088 301 mox
1112 281 1162 311 per
1183 274 1374 303 secretarium
1399 275 1493 313 palam
1517 279 1544 305 et
1560 280 1660 314 aperte
1683 276 1767 306 colli-

1021 319 1124 357 gendis
1146 325 1172 350 et
1207 322 1448 360 promulgandis:
1473 327 1561 362 atque
1588 325 1612 353 is
1645 326 1765 354 demum

1021 368 1164 398 habeatur
1186 370 1307 407 electus,
1325 371 1354 400 in
1371 381 1459 410 quam
1484 382 1549 411 pars
1572 374 1688 403 concilii
1706 384 1766 404 rna-

1021 417 1065 446 ior
1088 416 1281 449 consenserit.
1306 420 1440 450 Ceterum
1463 422 1487 451 si
1509 422 1538 451 in
1562 423 1705 453 scrutinio
1723 425 1763 454 ita

1020 465 1049 494 in
1077 466 1176 505 plures
1198 467 1348 506 dispertiri
1371 469 1507 508 suffragia
1532 471 1686 509 contigerit
1701 495 1708 508 ,
1733 478 1764 502 ut

1020 514 1055 543 ad
1078 514 1191 544 nullum
1215 515 1332 546 debitus
1348 518 1518 547 eorumdem
1542 528 1681 549 numerus
1701 530 1766 559 per-

1020 563 1128 601 veniat,
1149 573 1251 594 rursus
1273 564 1398 594 ineunda
1423 567 1478 596 erit
1499 568 1603 597 electio
1622 569 1701 599 inter
1716 580 1766 600 eos

1020 611 1181 646 dumtaxat,
1196 613 1225 641 in
1249 622 1321 652 quos
1346 614 1438 644 maior
1462 625 1528 654 pars
1550 617 1698 655 suffragiis
1716 629 1766 648 an-

1021 660 1131 689 nuerit.

1060 709 1202 738 Conciliis
1225 710 1361 740 omnibus
1383 713 1576 743 cancellarius
1593 715 1654 754 ipse
1676 717 1768 746 inter-

1021 758 1081 793 sit,
1106 758 1168 787 eius
1191 762 1287 788 tamen
1312 759 1407 789 locum
1431 765 1459 791 et
1482 762 1586 799 vicem,
1614 765 1637 793 si
1660 765 1766 795 absens

1021 807 1131 843 suerit,
1163 807 1379 837 ecclesiasticus
1408 810 1559 848 antiquior
1592 812 1704 842 subeat.
1737 814 1767 844 Si

1021 855 1138 894 quando
1154 865 1201 886 res
1224 862 1358 886 occurret
1379 857 1466 895 (ligna
1482 859 1633 889 conciliari
1651 862 1768 892 consul-

1023 905 1140 942 tatione,
1167 910 1196 935 et
1218 907 1437 936 convocationis
1460 909 1630 939 schedulam
1653 911 1767 941 schola-

1022 953 1112 983 sticus
1146 954 1284 984 exhibere
1320 955 1528 986 detrectaverit
1546 982 1553 995 ‚
1588 959 1768 997 professores

1022 1012 1123 1032 omnes
1147 1003 1358 1042 proprietarios
1380 1005 1457 1043 apud
1479 1006 1673 1046 antiquiorem
1697 1018 1766 1037 con-

1023 1052 1121 1081 venire
1145 1052 1245 1082 licebit
1260 1077 1267 1089 ,
1292 1058 1320 1082 et
1351 1053 1508 1084 dummodo
1531 1065 1546 1084 e
1569 1056 1662 1085 trihus
1692 1057 1766 1087 (luae

1023 1105 1120 1140 partes
1142 1102 1349 1138 consentiant,
1373 1102 1430 1132 duo
1453 1113 1486 1132 ex
1511 1103 1581 1142 ipsis
1611 1107 1667 1134 unzi
1699 1115 1765 1135 cum

1022 1149 1190 1179 academiae
1222 1151 1382 1181 secretario
1416 1152 1553 1182 schedam
1575 1154 1728 1192 requirent
1750 1166 1765 1185 a

1023 1198 1219 1235 cancellario;
1244 1209 1329 1238 quam
1353 1200 1377 1230 si
1400 1210 1457 1230 non
1490 1201 1669 1240 impetrent,
1694 1205 1768 1234 anti-

1023 1247 1108 1286 quior
1144 1247 1364 1278 ecclesiasticus
1396 1250 1564 1279 schedulam
1598 1252 1766 1283 academico

1023 1296 1081 1325 ritu
1097 1296 1236 1334 signabit,
1257 1301 1285 1326 et
1302 1298 1427 1328 concilio
1450 1308 1515 1329 mox
1539 1301 1668 1338 cogendo
1684 1311 1768 1340 prae-

1022 1345 1138 1375 sidebit.

1063 1394 1244 1425 Secretarius
1266 1395 1295 1425 in
1320 1396 1428 1426 librum
1449 1398 1606 1437 quotannis
1622 1399 1657 1429 ad
1673 1400 1701 1429 id
1720 1410 1769 1439 pa-

1024 1448 1119 1472 ratum
1143 1443 1249 1473 referat
1272 1445 1426 1484 perspicue
1449 1450 1476 1475 et
1498 1447 1655 1484 diligenter
1680 1458 1770 1488 quae-

1024 1501 1149 1531 cumque
1172 1502 1187 1521 a
1210 1493 1335 1522 concilio
1357 1493 1467 1524 suerint
1489 1495 1623 1534 decreta3
1647 1497 1769 1536 parique

1024 1541 1181 1571 sedulitate
1210 1542 1395 1579 singulorum
1424 1543 1570 1574 describat
1602 1546 1740 1584 suffragia
1759 1571 1767 1585 ‚

1024 1590 1194 1630 nulliusque
1216 1591 1331 1621 roboris
1364 1596 1393 1622 et
1423 1595 1563 1624 momenti
1591 1600 1767 1625 censeantur

1024 1649 1068 1677 ea,
1084 1641 1200 1678 quaein
1219 1641 1372 1671 conciliari
1389 1642 1490 1672 codice
1506 1643 1562 1673 rite
1578 1653 1634 1673 non
1658 1645 1769 1674 suerint

1025 1690 1207 1727 consignata.
1225 1691 1254 1719 Si
1275 1700 1343 1720 vero
1366 1692 1534 1729 contigerit,
1552 1694 1769 1724 attestationem

1024 1738 1193 1768 conciliaris
1226 1739 1336 1769 decreti
1369 1740 1502 1770 exhiberi
1534 1747 1694 1780 oportere,
1726 1748 1771 1773 sat

1024 1788 1080 1817 erit
1095 1788 1253 1825 affirmare,
1271 1789 1300 1817 in
1317 1789 1345 1819 id
1363 1790 1503 1820 maiorem
1521 1792 1637 1822 concilii
1654 1798 1768 1831 partem

1024 1837 1219 1875 consensisse,
1230 1838 1301 1876 quin
1314 1838 1486 1876 singillatim
1501 1840 1550 1869 fiat
1563 1841 1769 1879 suffragiorum

1024 1886 1168 1915 recensio.
1204 1886 1317 1916 Petenti
1347 1887 1434 1917 etiam
1469 1890 1579 1928 proprii
1612 1891 1767 1930 suffragii,

1025 1935 1101 1973 quod
1125 1935 1154 1964 in
1178 1936 1303 1965 concilio
1326 1936 1417 1974 tulit,
1442 1938 1679 1977 attestationem,
1704 1949 1768 1969 eam

1025 1984 1201 2013 secretarius
1218 1984 1251 2013 ad
1271 1985 1439 2014 cancellarii
1462 1985 1572 2016 iussum
1597 1988 1766 2026 praestabit.

1065 2033 1095 2062 Si
1112 2034 1140 2062 in
1160 2033 1297 2069 concilio,
1314 2034 1374 2063 sive
1390 2034 1576 2064 definitorum
1593 2036 1653 2065 sive
1670 2037 1767 2076 plenu,

1025 2081 1168 2111 adversus
1215 2082 1294 2121 ipsas
1330 2083 1497 2113 academiae
1544 2085 1769 2115 constitutiones

1026 2131 1136 2170 aliquid
1160 2131 1348 2168 decernatur,
1371 2133 1408 2161 sit
1431 2132 1493 2171 ipso
1516 2133 1578 2163 inre
1601 2134 1716 2163 irritum
1740 2140 1768 2164 et

1776 230 1827 256 An.
1843 229 1870 255 C.
1895 230 1962 257 2730

1792 1419 1822 1440 Dc
1835 1422 1963 1446 peragendis

1780 1453 1792 1468 a
1807 1449 1934 1468 secretario.

1806 2052 1865 2075 Quae
1885 2053 1960 2081 contra

1790 2080 1952 2098 constitutiones

1780 2105 1864 2125 decerni
1877 2105 1896 2124 in
1913 2110 1964 2124 con-

1779 2132 1834 2151 ciliis
1843 2132 1963 2155 contigerit,

1779 2162 1839 2179 irrita
1849 2157 1962 2178 dut-taran-

1026 2180 1130 2215 inane,
1148 2180 1226 2219 quod
1249 2181 1371 2219 proinde
1387 2181 1416 2210 in
1436 2181 1498 2221 ipso
1518 2182 1610 2220 palam
1628 2192 1766 2212 consessu
1778 2188 1813 2206 2¹³-

1026 2230 1204 2259 secretarius
1232 2230 1458 2268 pronunciabit⁷
1482 2236 1513 2260 ut
1534 2232 1691 2269 syndicus,
1716 2233 1766 2271 qui

1027 2283 1182 2318 propterea
1206 2279 1329 2317 singulis
1352 2279 1485 2308 conciliis
1517 2280 1658 2309 interesse
1685 2285 1766 2310 tene-

1026 2327 1117 2364 bitur,
1134 2327 1344 2365 suffragatores
1360 2327 1522 2357 obtestetur
1535 2338 1569 2357 ne
1591 2329 1680 2358 velint
1700 2339 1767 2359 con-

1026 2376 1227 2407 stitutionibus
1250 2377 1400 2414 refragari.
1425 2377 1504 2411 Quod
1528 2377 1551 2405 si
1571 2378 1691 2406 minime
1715 2378 1770 2408 iin-

1027 2430 1170 2464 petretur,
1195 2436 1208 2454 a
1232 2426 1406 2455 scholastico
1429 2426 1542 2463 rogabit
1558 2431 1587 2455 ut
1604 2427 1684 2456 irrita
1702 2437 1770 2457 con-

1027 2475 1085 2504 cilii
1119 2480 1182 2504 acta
1214 2475 1353 2504 declaret.
1378 2474 1458 2509 Quod
1486 2475 1509 2504 si
1540 2476 1716 2505 secretarius
1739 2481 1768 2506 et

1027 2523 1166 2562 syndicus
1188 2524 1260 2562 ipse,
1286 2527 1334 2552 aut
1357 2523 1482 2561 aliquem
1507 2524 1612 2559 veriti,
1640 2528 1689 2553 aut
1713 2525 1769 2554 alio

1027 2572 1130 2611 quovis
1147 2576 1310 2611 praetextu,
1328 2572 1495 2601 satisfacere
1515 2573 1628 2602 muneri
1651 2583 1703 2602 suo
1720 2584 1769 2603 ne-

1027 2621 1182 2659 glexerint,
1201 2620 1324 2659 quilibet
1337 2630 1351 2650 e
1370 2621 1493 2651 concilio
1513 2623 1620 2660 poterit
1637 2623 1689 2652 hoc
1707 2632 1770 2653 mu-
