2182 3137
192 236 241 265 An.
262 237 289 264 C.
310 238 371 264 1731

224 1303 369 1330 Expostulaiio

185 1331 370 1356 procurat-›iiqu-

187 1357 272 1380 nnralm,
289 1362 326 1377 sau
340 1357 369 1377 sa-

186 1387 214 1403 cli
230 1384 304 1404 series.

422 228 484 261 2264

384 286 458 319 maii
491 297 669 326 ninecxxxt,
703 286 910 330 pontificatus
937 286 1038 319 nostri
1065 296 1119 318 an-

384 351 424 373 no
452 350 472 373 1.

418 401 474 428 Dat.
498 401 540 428 die
560 402 594 428 ‘23
615 401 676 428 maii
701 401 779 433 1731,
797 401 889 436 pontis.
912 409 982 427 anuo
1003 409 1021 427 1.

670 456 703 488 1³.
731 455 819 487 card.
847 455 1029 487 Oisivenirs.

674 606 832 639 xxxvtlt.

383 678 538 710 Patribus
558 677 691 710 Ordinis
708 679 845 720 fratrum
865 677 1029 710 Jlinornm
1051 686 1121 707 san-

425 731 468 762 cti
492 731 663 763 Frmzcisci
695 730 961 763 Excalcealm-um
994 729 1120 761 recelle-

425 788 570 821 ctorum,
608 783 667 826 qni
705 783 819 814 sallem
859 793 916 825 per
951 782 1119 814 biennittm

425 836 639 879 Hispanicum
667 836 714 868 vel
739 836 967 868 Lusitam'cam
996 835 1045 867 vel
1069 835 1120 867 In-

424 889 529 921 dicam
554 889 741 932 provincias
765 889 883 920 vicarii
904 886 1120 931 provincialis

424 952 556 973 munere
579 942 749 984 sunqentes
772 941 997 984 yuhernarbzt,
1020 949 1121 971 conce-

424 994 517 1026 ditur
555 994 742 1037 provinciae
781 998 890 1036 patres
934 992 1117 1035 appellari:

424 1047 612 1090 iisdemque,
637 1046 755 1089 quibus
781 1046 835 1078 isti
858 1045 1023 1088 yaudeul,
1050 1044 1121 1087 frui

423 1099 663 1144 praeroqcttt'vis
689 1110 725 1132 ac
747 1098 1016 1142 praeeminentias
1033 1097 1052 1130 ¹.

589 1179 724 1206 Clemens
746 1179 828 1212 Papa
848 1178 916 1210 xu,

518 1224 556 1251 ad
576 1224 713 1250 futuram
733 1223 779 1250 rei
799 1221 982 1249 memoriam.

425 1296 439 1338 g
457 1295 487 1328 1.
508 1295 632 1338 Exponi
651 1294 744 1328 nobis
764 1304 867 1337 nuper
885 1294 960 1326 fecit
985 1293 1120 1326 dilectus

382 1348 464 1381 tilius
483 1348 656 1380 Gildardus
675 1348 802 1387 Dufflos,
817 1353 1011 1390 procurator
1025 1357 1122 1389 gene-

383 1401 459 1434 ralis
484 1400 612 1434 Ordinis
651 1402 785 1432 fratrum
821 1400 980 1433 Minorum
1017 1399 1119 1432 sancti

382 1453 542 1486 Francisei
572 1453 831 1486 Excalceatornm
868 1459 900 1485 et
935 1453 1122 1486 recollecto-

382 1518 466 1545 rum,
487 1507 572 1550 quod
599 1506 630 1538 in
656 1506 830 1550 provinciis
854 1507 1119 1539 Excalceatorum

383 1560 461 1592 dicti
486 1559 614 1592 Ordinis
641 1559 679 1591 ad
705 1559 904 1602 Hispaniam,
922 1558 1120 1591 Lusitaniam

383 1618 415 1646 et
450 1613 575 1645 lndicas
611 1612 762 1645 nationes
798 1611 1056 1654 pertinentibus,
1088 1610 1118 1649 ii,

383 1666 438 1709 qui
465 1665 572 1698 vicarii
605 1665 812 1709 provincialis
850 1675 986 1697 munere
1023 1665 1120 1697 suncti

383 1724 475 1758 sunt,
510 1719 602 1751 titulo
634 1724 666 1751 et
691 1718 957 1761 praeeminentiis
992 1724 1119 1761 patrum

383 1772 570 1816 provinciae
605 1772 737 1804 minime
774 1771 940 1814 gaudent;
979 1771 1120 1814 ideoque

383 1825 485 1858 felicis
522 1824 762 1857 recordationis
788 1824 935 1857 Urbanus
960 1824 1019 1856 1¹1³.
1056 1824 1120 1857 Vttt

383 1878 616 1922 praedecessor
642 1883 752 1910 noster
778 1888 835 1920 per
867 1878 1022 1920 quasdam
1048 1888 1121 1910 suas

382 1932 524 1974 desuper
548 1931 580 1964 in
606 1931 703 1964 simili
736 1931 838 1963 forma
863 1931 971 1964 Brevis
1008 1931 1059 1964 die
1085 1942 1120 1964 ιιι

382 1984 566 2018 decembris
591 1994 757 2018 itincxxxttt
784 1984 952 2028 expeditas
977 1985 1119 2024 litteras,

383 2048 523 2081 quarum
551 2037 677 2070 initium
702 2038 882 2080 Reliyiosos
915 2039 1018 2076 viros,
1042 2042 1118 2078 etc„

381 2090 506 2123 nullum
532 2090 564 2122 in
580 2090 756 2133 praedictis
774 2090 947 2133 provinciis
965 2090 1121 2133 praeemi-

381 2143 500 2177 nentiis
533 2143 737 2182 huiusmodi,
779 2143 840 2176 nisi
878 2144 932 2186 qui
970 2143 1121 2176 minister

381 2196 592 2239 provincialis
618 2196 725 2235 suerit,
753 2196 811 2228 frui
838 2202 870 2228 et
895 2196 1038 2238 gaudere
1063 2198 1119 2229 de-

380 2249 529 2290 claravit,
556 2254 587 2282 et
611 2254 706 2282 antea
731 2248 817 2281 idem
843 2248 990 2281 Urbanus
1026 2259 1119 2291 prae-

381 2302 532 2335 decessor
557 2312 616 2345 per
641 2302 719 2334 alias
745 2301 867 2344 pariter
896 2312 969 2334 suas
996 2301 1118 2334 litteras

380 2355 412 2388 in
438 2355 535 2388 simili
572 2356 675 2388 soi-uui
700 2354 808 2388 Brevis
834 2355 885 2387 die
911 2365 967 2387 xm
993 2354 1118 2396 augusti

380 2417 506 2441 »mcxxv
537 2413 721 2447 emanatas,
746 2418 827 2450 quae
855 2407 1017 2450 incipiunt
1052 2408 1120 2441 Cre-

379 2460 485 2493 ditum
512 2460 725 2501 humilitatis,
744 2464 811 2501 ele„
837 2460 1020 2493 facultatem
1039 2460 1119 2494 libe-

419 2540 426 2565 ¹
452 2538 524 2569 Quae
544 2538 594 2565 liae
613 2547 695 2574 super
715 2547 744 2565 re
764 2541 895 2565 statuerat
914 2538 1042 2566 Urbanus
1062 2538 1117 2565 Vlll

962 237 1142 262 BULLAlllL'M
1169 237 1321 262 ROMANL'M

1165 297 1230 319 ram
1257 286 1479 330 superioribus
1499 286 1702 328 generalibus
1729 287 1898 327 concessit,

1164 345 1208 378 ut,
1227 339 1259 371 in
1278 350 1351 371 casu
1377 338 1550 371 vacationis
1574 339 1805 372 ministeriatus
1825 350 1900 382 pro-

1163 391 1307 425 vincialis
1334 391 1365 423 in
1398 391 1504 434 primo
1531 401 1614 424 anno
1647 391 1694 424 sui
1726 391 1822 424 oflicii
1850 393 1899 425 vel

1164 444 1279 476 iterum
1305 450 1523 477 convocarent
1547 444 1723 487 capitulum
1749 455 1808 488 pro
1835 446 1900 477 ele-

1163 497 1268 530 ctione
1294 497 1365 529 novi
1391 496 1529 529 ministri
1556 497 1608 540 qui
1646 497 1820 530 triennium
1847 499 1900 531 ab-

1164 551 1322 589 solveret,
1349 550 1398 582 vel
1424 560 1483 593 per
1508 550 1677 592 deputatos
1701 552 1829 584 vocales
1855 551 1898 583 vi-

1164 602 1283 635 carium
1309 603 1540 646 provincialem
1567 603 1640 645 eligi
1667 609 1828 643 curarent,
1846 605 1898 647 qui

1164 656 1287 698 pariter
1312 666 1369 697 per
1395 655 1557 688 residuum
1597 656 1726 688 triennii
1764 667 1836 688 cum
1869 667 1901 689 0-

1164 708 1290 740 mnibus
1312 708 1515 741 facultatibus
1533 714 1562 741 et
1580 709 1735 741 oneribus
1762 708 1899 742 ministri

1165 761 1382 803 provinciali5‚
1407 763 1477 794 solo
1497 762 1628 795 nomine
1646 762 1828 802 deficiente,
1844 773 1901 804 gu-

1165 813 1358 855 bernaret¹‚
1393 821 1424 847 et
1461 815 1520 848 liae
1556 815 1806 848 secundodictae
1844 816 1902 849 Ur-

1165 867 1238 899 bani
1264 868 1525 910 praedecessoris
1542 868 1666 901 litterae
1681 869 1719 901 ad
1735 869 1901 902 evitandas

1165 929 1321 962 expensas
1357 921 1541 953 necessario
1568 921 1740 961 faciendas,
1767 921 1791 954 si
1818 921 1902 956 intra

1165 983 1284 1005 annum
1311 973 1373 1005 duo
1407 974 1548 1017 capitula
1581 974 1789 1017 provincialia
1815 975 1901 1008 celc-

1164 1025 1345 1064 brarentur,
1368 1025 1429 1058 iam
1456 1027 1648 1067 regulariter
1672 1033 1852 1066 servantur,
1870 1034 1902 1060 et

1165 1078 1264 1117 aliaS,
1289 1085 1385 1121 prout
1420 1079 1451 1111 in
1478 1079 1562 1111 binis
1599 1080 1744 1113 eiusdem
1781 1080 1901 1113 Urbani

1165 1131 1429 1174 praedecessoris
1455 1132 1586 1173 litteris,
1612 1143 1748 1175 quarum
1773 1138 1901 1167 tenores

1167 1184 1394 1226 praesentibus
1425 1195 1484 1227 pro
1520 1186 1616 1227 plene
1643 1191 1675 1218 et
1699 1185 1903 1219 sufficienter

1166 1237 1327 1279 expressis
1354 1248 1389 1269 ac
1413 1238 1452 1270 (le
1487 1237 1586 1271 verbo
1616 1239 1654 1271 ad
1689 1240 1822 1272 verbum
1853 1239 1902 1272 in·

1165 1291 1259 1323 sertis
1285 1291 1398 1323 haberi
1427 1291 1591 1330 volumus,
1617 1291 1748 1324 uberius
1784 1292 1903 1325 dicitur

1165 1345 1337 1377 contineri.
1365 1344 1468 1383 Quare
1493 1344 1651 1387 praedicti
1673 1345 1781 1377 vicarii
1808 1356 1903 1388 gene-

1167 1398 1248 1430 rales
1273 1408 1384 1430 revera
1405 1407 1485 1430 onus
1504 1397 1738 1430 ministeriatus
1756 1403 1900 1441 portant,

1166 1461 1230 1483 non
1267 1461 1359 1483 secus
1389 1460 1424 1482 ac
1448 1450 1472 1482 si
1499 1455 1611 1483 essent
1650 1450 1811 1490 ministri,
1837 1451 1899 1485 ali-

1165 1504 1294 1547 quando
1320 1514 1379 1546 per
1403 1503 1590 1543 biennium,
1617 1503 1762 1546 quinimo
1787 1509 1819 1537 et
1843 1515 1903 1548 per

1165 1558 1232 1590 sere
1259 1557 1452 1596 triennium,
1475 1562 1509 1589 ut
1533 1567 1648 1590 recens
1673 1557 1704 1589 in
1736 1557 1903 1600 provincia

1165 1611 1195 1644 S.
1225 1610 1384 1643 Gabrielis
1411 1616 1442 1642 et
1467 1610 1497 1642 in
1525 1610 1579 1643 illa
1602 1610 1632 1643 S.
1658 1610 1790 1654 Iosephi
1816 1611 1902 1644 eius-

1165 1664 1238 1696 dem
1263 1662 1392 1696 Ordinis
1416 1662 1572 1695 aeeidisse
1598 1669 1811 1702 memoratur,
1845 1664 1900 1697 de-

1165 1717 1299 1749 cedente
1335 1715 1366 1747 in
1393 1715 1496 1759 prima
1531 1714 1678 1748 ministro
1711 1716 1900 1759 provinciali

1165 1770 1248 1802 infra
1273 1779 1417 1802 mensem
1443 1773 1476 1801 et
1499 1769 1532 1801 in
1557 1769 1700 1801 secunda
1724 1769 1900 1812 provinciis

1165 1823 1247 1855 infra
1271 1828 1427 1855 semestre
1453 1822 1492 1854 ab
1518 1821 1678 1854 electione
1703 1821 1899 1864 respective,

1165 1877 1242 1920 quin
1267 1876 1448 1920 praemium
1482 1875 1522 1908 ob
1548 1876 1652 1908 solum
1686 1875 1826 1908 nominis
1851 1875 1902 1909 de-

1165 1930 1282 1963 sectum
1309 1934 1490 1971 reportent.

1209 1984 1223 2025 g
1248 1982 1279 2015 02.
1307 1982 1382 2015 Cum
1408 1988 1525 2021 autem,
1553 1982 1635 2015 sieut
1665 1983 1777 2015 cadem
1804 1993 1901 2026 expo·
1945 1991 2097 2014 concutiunt

1164 2035 1238 2068 sitio
1264 2035 1489 2077 subiungebat,
1509 2035 1609 2067 dictus
1627 2034 1809 2076 Gildardus,
1826 2047 1902 2069 eon-

1164 2089 1311 2122 siderans
1336 2099 1514 2131 congruum
1540 2099 1624 2128 esse,
1650 2094 1700 2128 ut,
1728 2090 1781 2132 qui
1808 2100 1902 2132 pares

1164 2147 1239 2175 sunt
1261 2152 1371 2181 onere,
1402 2152 1496 2185 pares
1527 2142 1591 2174 sint
1620 2147 1652 2175 ct
1678 2143 1823 2183 honore,
1848 2153 1902 2176 no·

1166 2196 1253 2228 minc
1269 2195 1364 2227 etiam
1378 2194 1534 2227 dictarum
1550 2195 1902 2239 provinciarum,prac-

1165 2248 1267 2281 dietas
1285 2247 1405 2280 Urbani
1424 2247 1687 2290 praedecessoris
1703 2248 1841 2289 litteras,
1857 2255 1900 2288 ut,

1164 2301 1210 2334 eis
1235 2311 1299 2333 non
1326 2300 1545 2340 obstantibus,
1572 2300 1616 2333 illi
1644 2306 1766 2334 tantum
1792 2302 1901 2335 vicarii

1163 2354 1385 2398 provinciales
1404 2354 1456 2397 qui
1475 2355 1560 2387 ultra
1582 2354 1748 2388 biennium
1773 2356 1902 2399 provin·

1164 2408 1246 2441 eiam
1274 2407 1510 2450 gubernarunt,
1537 2407 1585 2440 vel
1609 2408 1821 2452 imposterum
1847 2420 1902 2452 gu-

1163 2460 1391 2499 bernaverint,
1436 2460 1528 2493 titulo
1566 2465 1598 2494 ct
1635 2461 1900 2504 praeeminentiis

1165 2519 1294 2557 patrum
1319 2513 1525 2557 provinciae,
1553 2519 1627 2557 post
1651 2524 1706 2547 cos
1732 2525 1818 2554 vero,
1844 2515 1898 2558 qui

379 2591 451 2610 anuo
472 2590 618 2617 nncxxxnt,
639 2583 683 2610 die
702 2583 718 2610 3
738 2583 902 2618 decembris,
924 2583 1014 2618 legere
1031 2586 1071 2611 est
1086 2592 1117 2611 ex
1162 2567 1301 2600 minisffi
1327 2566 1542 2609 P¹'0Vi¹¹⁰¹3105
1574 2572 1648 2599 ame
1672 2567 1722 2600 vel
1747 2572 1822 2611 1³05L
1846 2578 1900 2601 ‘30'

378 2627 437 2665 ipso
457 2626 552 2655 harum
571 2627 725 2656 litterarum
745 2631 887 2656 contextu.

1198 2629 1209 2654 1
1232 2626 1302 2655 Edit.
1323 2626 1404 2655 Μαίη.
1425 2627 1490 2663 tegit
1508 2627 1704 2664 qubernarent
1721 2628 1762 2664 (n.
1778 2629 1826 2664 πη).

1913 2019 1932 2039 lu
1948 2018 2041 2040 lubricis.
