2182 3137
189 293 224 316 An
258 291 285 316 ω.
307 291 371 316 1734
418 280 481 313 632

381 339 412 371 in
445 338 627 381 praemissis
657 348 713 380 per
744 347 968 380 quoscumque
1001 336 1126 369 iudices

381 391 576 425 ordinarios'
589 395 620 423 et
638 391 815 433 delegatos,
835 390 930 423 etiam
958 400 1126 422 causarum

382 444 494 487 palatii
528 443 699 487 apostolici
724 443 899 483 auditores,
926 442 1060 475 iudicari
1096 448 1126 475 et

385 496 515 530 definiri
552 495 691 535 debere,
728 507 765 529 ac
797 494 927 528 irritum
964 501 996 528 et
1032 495 1128 528 inane

383 551 408 582 si
440 559 533 582 secus
558 559 657 592 super
689 548 740 581 his
770 558 787 581 a
814 558 989 591 quoquam,
1013 548 1126 591 quavis

383 601 585 641 auctoritate,
604 601 746 634 scienter
763 601 812 633 vel
835 601 1034 643 ignoranter,
1054 611 1127 634 con-

385 655 494 698 tigerit
519 654 682 687 attentari.

428 709 443 751 ξ)
467 707 497 740 lt.
519 707 588 740 Non
610 707 814 741 obstantibus
836 706 1127 740 constitutionibus

385 767 416 794 et
441 760 705 794 ordinationibus
724 760 923 804 apostoliciS,
943 760 1127 803 ceterisque

385 813 556 848 contrariis
584 813 853 857 quibuscumque.

430 868 543 900 Datum
565 867 698 907 Romae,
720 867 807 910 apud
829 867 861 900 S.
882 866 1013 900 Mariam
1032 866 1128 900 Maio-

387 932 463 961 rem,
479 921 540 953 sub
556 921 679 953 annulo
695 920 880 961 Pisenore,
895 920 947 953 die
962 918 1032 953 v111¹
1051 919 1127 952 maii

386 984 577 1015 ninccxxxtv,
603 973 813 1017 pontificatus
839 973 945 1007 nostri
977 983 1063 1006 anno
1082 983 1125 1007 iv.

718 1035 753 1068 F.
781 1035 871 1068 card.
899 1034 1081 1069 Ottvutuus.

423 1098 481 1125 Dat.
502 1097 546 1125 die
566 1097 582 1125 8
602 1097 664 1125 maii
687 1097 764 1131 1734,
786 1096 882 1132 pontif.
904 1104 975 1124 anno
996 1103 1031 1124 tv.

259 721 287 742 De
302 723 372 743 oratio

189 752 269 768 tonitr-ii
277 755 304 768 itit
312 755 351 768 um.

682 1239 839 1273 CXXXVI.

387 1321 538 1354 Ministro
563 1319 725 1363 yeneratis
756 1319 891 1354 Ordinis
921 1319 1131 1353 Praedicato-

432 1385 504 1407 rum
531 1374 671 1417 facultas
708 1373 894 1406 conceditur
927 1372 1132 1416 proponendi

433 1427 747 1470 (Ionyreqationibus
772 1426 804 1459 S.
831 1425 970 1459 Sabinae
993 1427 1128 1469 provin·

432 1482 499 1513 ciac
524 1479 750 1520 Lombarcliae,
776 1490 813 1512 ac
837 1479 868 1513 S.
890 1479 995 1512 Marci
1018 1480 1133 1512 Roma-

432 1544 493 1567 nae
514 1538 574 1567 tres
594 1533 771 1576 reliyz'osos,
797 1543 812 1565 e
836 1532 953 1576 quibus
970 1532 1132 1565 vicarium

432 1587 629 1631 yencralcm,
656 1597 748 1631 quem
773 1586 966 1627 maluerint,
999 1585 1133 1619 debcant

434 1641 563 1685 elisyere.

597 1711 734 1738 Clemens
759 1711 839 1744 Papa
862 1710 926 1744 ΧΠ,

523 1755 560 1782 ad
583 1755 719 1782 futuram
739 1754 784 1782 rei
804 1754 991 1782 memoriam.

231 1834 313 1853 (tn-»ean
329 1839 380 1853 con·

199 1860 308 1879 cmlv-idae
351 1861 380 1880 la-

197 1887 290 1907 cultatts.

436 1827 450 1869 ᾗ
475 1825 506 1858 1.
527 1825 648 1869 Exponi
669 1824 764 1858 nobis
790 1835 894 1868 nuper
919 1825 1066 1857 fecerunt
1091 1824 1134 1857 di·

393 1879 466 1912 lecti
493 1878 549 1912 filii
577 1879 689 1911 fratres
714 1877 1004 1921 congregationum
1032 1878 1062 1910 S.
1083 1877 1134 1911 Sa-

393 1932 491 1965 binae
516 1932 684 1975 utriusque
703 1931 917 1964 Lombardiae
936 1936 967 1964 et
991 1931 1022 1964 S.
1038 1930 1132 1964 Marci

394 1991 655 2029 nuncupatarutu
673 1985 837 2018 Romanae
857 1985 1036 2028 respective
1057 1996 1133 2028 pro-

394 2040 586 2080 vinciarum,
607 2039 692 2083 quod
715 2040 804 2079 (licet
829 2039 860 2072 in
887 2039 1003 2072 litteris
1030 2039 1133 2072 felicis

394 2093 633 2126 recordationis
666 2092 846 2126 innocentii
874 2092 932 2125 ΓΡ.
956 2092 1007 2125 Xll
1043 2102 1134 2135 prae-

395 2146 576 2179 decessoris
610 2145 711 2179 nostri
741 2156 837 2189 super
870 2146 1036 2179 erectione
1067 2156 1134 2178 am-

396 2200 507 2232 barum
526 2199 816 2242 congregationum
837 2199 1065 2242 praefatarum,
1083 2199 1134 2232 die

393 2263 445 2286 xiv
464 2252 540 2285 iunii
559 2261 687 2285 nncxcv
705 2251 810 2292 editis,
830 2252 987 2285 habeatur
1004 2252 1134 2295 utrique

394 2305 639 2348 congregationi
676 2305 715 2337 de
747 2305 867 2338 idoneo
891 2304 1010 2338 vicario
1036 2315 1135 2347 genc-

395 2359 452 2391 rali
479 2369 495 2390 a
520 2358 676 2400 magistro
694 2358 804 2391 itidem
823 2357 968 2400 generali
987 2357 1133 2391 eiusdem

395 2411 524 2443 Ordinis
550 2411 787 2454 providendum
814 2412 904 2454 sore)
930 2411 1064 2444 minime
1091 2417 1136 2444 ta-

395 2475 468 2497 men
494 2464 676 2497 ordinatum
705 2465 762 2497 suit
778 2464 960 2498 istiusmodi
978 2465 1137 2508 provisio-

395 2527 469 2549 nem
495 2516 563 2549 tieri
590 2517 709 2550 debere
735 2517 774 2550 de
800 2518 960 2560 religiosis
987 2518 1048 2562 ipsi
1075 2528 1136 2551 ma-

396 2569 495 2611 gistro
526 2569 671 2613 generali
698 2580 757 2614 per
783 2570 892 2603 dictas'
909 2570 1138 2614 congregatio-

962 288 1144 312 BULLAIUUM
1171 286 1326 311 ROMANUM

1169 346 1226 368 nes
1250 337 1456 370 nominandis
1477 348 1533 370 seu
1557 337 1796 380 proponendis3
1819 336 1908 380 quod

1169 390 1260 422 valde
1275 389 1443 432 expediret
1456 389 1577 422 salubri
1594 389 1766 423 directioni
1784 400 1909 422 earum-

1171 443 1242 475 dem
1266 443 1566 485 congregationum,
1586 453 1721 485 quarum
1755 443 1908 475 fratribus

1170 506 1242 528 cum
1280 496 1380 539 probe
1417 496 1623 529 innotescant
1653 495 1796 538 religiosi
1830 506 1909 539 prae

1171 549 1240 582 aliis
1263 549 1344 582 vitae
1361 549 1554 591 integritate,
1571 548 1749 582 litterarum
1764 547 1909 590 scientia,

1171 612 1207 634 ac
1235 612 1343 634 rerum
1369 601 1567 644 agendarum
1593 611 1653 633 usu
1679 606 1710 633 et
1734 601 1909 644 prudentia

1171 659 1385 697 praestantes,
1404 659 1502 697 atque
1524 653 1651 686 habiles
1677 659 1708 686 et
1733 653 1844 686 idonei
1870 653 1909 686 ad

1172 708 1352 750 regularem
1367 707 1604 740 observantiam
1621 706 1773 739 tuendam
1789 711 1819 739 ct
1836 716 1911 750 pro-

1172 760 1366 792 movendam
1383 785 1390 799 ,
1416 759 1532 792 exinde
1558 760 1655 802 longe
1688 759 1815 792 facilior
1844 769 1912 791 cer-

1173 811 1301 855 tiorque
1323 812 1408 845 dicto
1433 811 1588 854 magistro
1618 812 1761 854 generali
1795 812 1913 844 redde-

1172 869 1262 897 retur
1283 864 1428 897 delectus
1452 864 1560 897 vicarii
1585 864 1748 907 generalis
1765 864 1912 909 praefati,

1173 929 1266 961 quam
1294 929 1329 951 ex
1359 918 1497 962 simplici
1515 919 1673 952 relatione
1700 924 1752 952 aut
1771 919 1914 952 testimo-

1171 971 1233 1005 ni1s
1251 971 1380 1005 aliunde
1406 971 1595 1015 conquisitis
1611 983 1618 1012 ;
1635 972 1912 1015 quemadmodum

1172 1026 1204 1058 in
1241 1026 1373 1069 antiqua
1408 1026 1663 1069 congregatione
1697 1026 1913 1061 Lombardiae

1173 1080 1274 1123 ipsius
1299 1079 1447 1120 Ordinis,
1473 1080 1549 1112 dum
1574 1080 1630 1113 illa
1655 1080 1733 1113 olim
1764 1080 1911 1123 vigebat,

1173 1133 1289 1165 sactum
1322 1132 1418 1165 sitisse
1451 1137 1667 1173 memoratum
1694 1132 1745 1165 cui
1782 1132 1912 1176 quidem

1173 1196 1244 1218 cum
1263 1185 1295 1218 in
1314 1185 1384 1218 eius
1402 1185 1580 1229 primordio
1598 1185 1736 1218 vicarius
1751 1185 1913 1228 generalis

1173 1238 1276 1272 libere
1295 1239 1334 1271 ab
1353 1239 1469 1271 eodem
1486 1238 1641 1282 magistro
1660 1239 1803 1282 generali
1824 1250 1915 1282 prae-

1175 1292 1337 1333 ficeretur,
1356 1303 1392 1325 ac
1412 1293 1550 1326 subinde
1569 1298 1772 1337 compertum
1800 1293 1913 1327 suisset

1174 1356 1234 1389 pro
1261 1351 1348 1379 recto
1370 1345 1458 1379 illius
1476 1346 1636 1389 gubernio
1654 1346 1766 1380 utilius
1785 1347 1867 1387 sore,
1886 1348 1913 1380 si

1175 1399 1314 1432 vicarius
1341 1399 1502 1442 generalis
1528 1399 1686 1433 eiusmodi
1712 1410 1772 1444 per
1798 1400 1914 1433 dictam

1176 1453 1466 1496 congregationem
1503 1453 1701 1496 eligeretur,
1736 1453 1916 1496 apostolica

1177 1506 1368 1539 auctoritate
1394 1511 1520 1538 cautum
1548 1506 1606 1538 suit
1638 1512 1672 1539 ut
1703 1506 1838 1539 vicarius
1865 1516 1917 1549 ge-

1177 1560 1298 1592 neralis
1319 1560 1484 1603 praefatus
1502 1570 1519 1592 a
1538 1559 1691 1593 fratribus
1717 1560 1817 1603 ipsius
1843 1570 1918 1593 con-

1177 1613 1372 1656 gregationis
1397 1614 1637 1656 postularetur,
1665 1619 1697 1646 et
1721 1624 1738 1646 a
1763 1613 1916 1657 magistro

1178 1666 1321 1710 generali
1362 1667 1531 1709 praedicto
1571 1666 1844 1707 confirmaretur3
1880 1678 1917 1700 ac

1178 1720 1355 1764 postulatio
1381 1720 1512 1764 quidem
1538 1730 1595 1763 per
1620 1721 1746 1762 priores
1777 1730 1918 1753 conven-

1178 1780 1266 1806 tuum
1294 1784 1364 1806 cuin
1392 1773 1502 1813 sociis,
1534 1773 1704 1815 magistros
1730 1773 1761 1805 in
1789 1773 1917 1806 theolo-

1177 1827 1237 1868 gia,
1258 1832 1289 1859 et
1314 1825 1396 1858 alios
1421 1826 1536 1858 fratres
1563 1825 1617 1869 qui
1643 1825 1820 1868 aliquando
1847 1825 1920 1858 tuis-

1177 1885 1248 1912 sent
1274 1879 1383 1912 vicarii
1411 1879 1592 1920 generales,
1615 1878 1816 1912 confirmatio
1841 1889 1917 1912 vero

1179 1932 1361 1965 huiusmodi
1389 1932 1471 1964 infra
1497 1937 1569 1965 octo
1595 1932 1674 1973 dies,
1694 1943 1711 1964 a
1729 1937 1916 1975 praesenta-

1179 1986 1264 2019 tione
1290 1985 1519 2029 postulationis
1544 1985 1762 2019 numerandos
1788 1985 1917 2027 fierent,

1178 2039 1318 2082 alioquin
1337 2038 1512 2082 postulatio
1531 2039 1614 2071 dicta
1632 2039 1823 2072 auctoritate
1843 2049 1920 2082 apo-

1178 2091 1292 2125 stolica
1317 2090 1508 2124 confirmata
1533 2096 1744 2132 eenseretur;
1773 2091 1919 2135 haecque

1178 2146 1284 2179 forma
1308 2145 1502 2178 instituendi
1538 2145 1693 2178 vicarium
1731 2146 1919 2188 generalem

1178 2198 1210 2231 in
1235 2199 1381 2242 praelata
1405 2198 1538 2241 antiqua
1558 2197 1810 2240 congregatione
1829 2198 1920 2231 Lom-

1178 2251 1310 2284 dardiae
1336 2251 1546 2294 postmodum
1573 2256 1701 2284 servata
1726 2250 1793 2291 suit,
1816 2251 1920 2284 donec

1180 2304 1210 2337 in
1238 2304 1437 2348 provinciam
1464 2309 1571 2336 erecta
1597 2309 1657 2336 cst.

1223 2359 1237 2402 ἓ
1263 2358 1291 2390 02.
1317 2357 1393 2391 Cum
1418 2363 1536 2396 autem,
1553 2358 1634 2390 sieut
1652 2358 1765 2391 eadem
1790 2358 1918 2402 exposi-

1180 2412 1223 2445 tio
1250 2411 1486 2453 subiungebat,
1514 2411 1575 2443 iam
1602 2421 1661 2453 per
1685 2410 1764 2443 alias
1789 2415 1915 2444 nostras

1179 2466 1211 2498 in
1237 2465 1333 2498 simili
1360 2465 1460 2498 forma
1486 2464 1596 2497 Brevis
1622 2464 1672 2497 die
1706 2474 1803 2498 xxvttt
1829 2474 1920 2497 men-

1179 2520 1223 2553 sis
1261 2518 1329 2552 iulii
1366 2518 1512 2561 proxime
1547 2517 1714 2560 praeteriti
1752 2517 1918 2561 expeditas

1180 2573 1303 2606 litteras
1325 2570 1520 2615 supradictis
1537 2570 1568 2604 S.
1588 2570 1725 2603 Sabinae
1742 2575 1773 2603 ct
1792 2570 1824 2604 S.
1844 2570 1920 2603 Mar-

432 2643 442 2667 1
465 2639 491 2665 Si
510 2648 604 2667 verum
625 2644 665 2667 est
684 2640 786 2673 datum,
816 2640 955 2668 debuisset
981 2641 1137 2669 constitutio
1180 2625 1206 2658 Ci
1234 2623 1418 2667 ceterisque
1443 2622 1572 2656 ordinis
1609 2622 1748 2666 praefati
1781 2633 1920 2666 congre*

399 2684 449 2712 ista
469 2683 530 2720 poni
550 2684 599 2711 sub
619 2692 694 2712 nutn.
715 2690 810 2712 cxxxiii
836 2689 874 2720 (n.
889 2688 937 2719 r.).

1181 2676 1365 2723 gationibus
1400 2686 1454 2711 sex
1490 2676 1604 2714 saltem
1640 2680 1817 2710 conventus
1853 2676 1919 2710 for-

1915 288 1963 313 Λιι.
1985 287 2098 314 (3.1734
2147 282 2148 303 l

1955 2363 2076 2385 Concessio.
