2182 3137
42 195 93 225 An.
113 193 144 222 C.
161 192 230 222 ¹733

853 188 997 213 CLEMENS
1022 187 1067 212 ΧΠ
1090 188 1141 212 PP.

236 241 372 283 debeat;
391 241 502 285 sicque
528 250 588 285 per
612 248 836 284 quoscumque
855 237 979 270 iudices

236 294 419 329 ordinarios
445 300 476 328 et
493 295 673 338 delegatos,
692 293 789 327 etiam
808 301 979 326 causarum

235 349 346 392 palatii
372 348 542 393 apostolici
569 347 748 388 auditores,
783 345 908 379 sublata
935 344 980 377 eis

236 408 270 436 et
294 413 405 436 eorum
421 402 555 436 cuilibet
573 402 683 445 quavis
701 400 797 434 aliter
815 398 979 432 iudicandi

237 461 268 489 et
293 455 534 500 interpretandi
557 454 707 488 facultate
729 458 761 486 et
779 451 979 491 auctoritate,

237 508 371 542 iudicari
397 514 428 542 et
454 507 581 542 deliniri
608 507 751 545 debere,
785 516 821 539 ac
854 505 980 537 irritum

238 567 270 595 et
294 562 388 595 inane
409 563 434 595 si
457 572 550 595 secus
571 571 671 604 super
691 560 742 593 his
767 570 783 592 a
804 568 980 602 quoquam,

238 615 349 658 quavis
375 615 579 654 auctoritate,
606 614 747 647 scienter
764 613 813 646 vel
832 613 982 654 ignoran-

238 674 299 709 ter,
326 667 500 711 contigerit
524 668 687 707 attentari,
715 665 895 710 apostolica
927 675 983 698 au-

239 721 399 764 ctoritate,
427 727 540 756 tenore
565 720 799 765 praesentium,
827 718 979 752 decerni-

237 786 309 809 mus
334 780 366 809 et
391 776 614 815 declaramus;
633 773 839 817 ulteriusque
858 771 982 804 inhibe-

238 839 310 862 mus
347 829 441 862 etiam
478 827 539 861 sub
564 826 679 871 poenis
717 831 748 859 et
776 825 924 859 censuris
950 825 981 857 in

239 881 420 925 privilegiis
447 880 539 914 dictis
565 880 689 913 artibus
708 878 888 923 respective
911 888 984 911 con-

240 934 353 975 cessis,
380 945 419 968 eo
443 935 515 978 ipso
542 934 574 966 in
600 944 676 967 casu
706 931 983 966 coutraventionis

240 987 460 1030 incurrendis,
487 997 526 1020 ne
552 987 692 1031 posthac
717 985 851 1029 aliquis,
873 985 984 1028 quavis

240 1042 447 1086 praefulgeat
473 1041 642 1085 dignitate,
669 1041 734 1074 sive
757 1040 916 1074 vexillifer
933 1039 984 1079 sit,

241 1095 308 1129 sive
333 1096 474 1140 ipsemet
500 1095 718 1138 gubernator,
745 1095 793 1126 vel
820 1093 918 1126 etiam
943 1093 985 1125 le-

242 1155 335 1194 gatus
362 1154 418 1182 aut
442 1150 656 1193 praelegatus,
680 1153 735 1181 aut
752 1147 872 1190 quisvis
891 1146 983 1186 alius,

242 1204 361 1237 audeat
385 1213 446 1237 nec
470 1202 571 1247 possit
596 1202 803 1246 praecipere,
822 1201 872 1233 vel
891 1210 986 1244 prae-

242 1257 397 1301 cipiendo
434 1257 559 1291 directe
596 1256 645 1289 vel
672 1256 851 1294 indirecte,
882 1254 909 1286 vi
935 1254 984 1286 vel

242 1316 331 1344 metu
350 1317 406 1344 aut
423 1310 622 1344 iussionibus
640 1319 758 1353 cogere
778 1314 833 1342 aut
858 1313 984 1341 arctare

243 1365 396 1399 homines
421 1364 561 1397 cuiusvis
588 1364 746 1398 dictarum
773 1363 908 1403 artium,
934 1363 983 1395 vel

243 1429 358 1453 eorum
384 1417 553 1458 notarios,
579 1418 618 1451 ad
645 1417 839 1451 cassandum
866 1417 905 1450 de
930 1427 986 1450 eo-

243 1484 314 1507 rum
338 1472 531 1512 matriculis,
555 1472 605 1505 vel
631 1470 816 1505 addendum
849 1476 903 1504 aut
934 1481 986 1504 ac-

244 1527 441 1571 ceptandum
460 1525 493 1558 in
511 1536 624 1559 eorum
639 1525 813 1559 societates
827 1525 983 1568 aliquem,

245 1582 295 1615 vel
321 1581 384 1614 alio
410 1580 525 1624 quovis
551 1579 649 1613 modo
675 1589 787 1612 eorum
813 1578 985 1622 privilegia

245 1641 277 1669 et
300 1639 419 1668 statuta
444 1634 640 1677 infringere,
666 1633 722 1666 sed
748 1633 786 1666 ad
813 1633 901 1676 ipsos
928 1632 987 1665 ho-

243 1689 356 1729 mineS,
382 1689 509 1721 servata
536 1693 642 1721 tamen
669 1687 773 1720 forma
799 1696 909 1720 eorum
928 1691 987 1719 sta·

246 1749 396 1783 tutorum,
421 1747 571 1786 spectare
596 1741 797 1784 liberamque
816 1751 986 1773 remanere

246 1796 465 1837 electionem,
492 1795 723 1828 admissionem
757 1795 806 1827 vel
833 1794 988 1838 repudia-

247 1850 370 1884 tionem
397 1849 608 1893 aggregandi,
628 1854 659 1882 et
676 1848 919 1882 observantiam
938 1859 989 1882 eo-

246 1914 316 1938 rum
357 1909 554 1937 statutorum
597 1908 629 1936 et
667 1902 914 1946 privilegiorum
955 1902 987 1934 in

248 1958 422 1999 omnibu53
449 1958 536 1991 salvo
563 1961 671 1990 tamen
696 1956 828 1990 decreto
854 1960 988 1990 senatus

248 2012 281 2046 in
307 2022 366 2045 suo
391 2011 512 2045 robore
538 2010 624 2044 circa
649 2016 844 2054 spontaneas
870 2009 990 2043 cessio-

248 2076 306 2100 nes
343 2066 392 2099 vel
429 2064 721 2104 renunciati0nes,
748 2068 780 2097 et
813 2064 899 2097 salvo
927 2073 986 2104 eo,

249 2119 336 2164 quod
362 2129 420 2163 per
446 2118 565 2151 dictum
591 2123 739 2151 senatum
765 2119 828 2150 una
849 2127 921 2151 cun]
942 2128 991 2150 su-

249 2172 392 2217 periore,
418 2178 453 2205 ut
477 2182 586 2216 supra,
611 2171 644 2204 in
669 2171 738 2204 dies
765 2176 988 2212 statueretur,

250 2231 283 2260 et
307 2225 522 2259 nihilominus
549 2225 659 2259 omnia
684 2230 816 2268 praeter
841 2225 889 2258 vel
916 2235 992 2258 con-

251 2286 300 2314 tra
324 2280 493 2324 praedicta
517 2279 627 2323 gesta,
652 2280 703 2313 vel
729 2279 887 2322 gerenda,
914 2279 990 2312 vitio

251 2334 409 2368 nullitatis
435 2333 505 2377 ipso
531 2333 600 2366 iure
626 2332 796 2366 subiacere
817 2360 824 2373 ,
851 2332 992 2366 auctori-

252 2393 317 2422 tate
355 2393 387 2421 et
418 2393 530 2421 tenore
556 2386 732 2431 praedictis
757 2386 909 2420 similiter
938 2386 993 2420 de-

251 2441 425 2476 cernimus.
452 2440 521 2474 Non
552 2440 758 2474 obstantibus
786 2440 994 2474 constitutio-

253 2495 349 2530 nibus
375 2500 407 2528 et
431 2493 694 2528 ordinationibus
721 2493 925 2538 apostolicis,
948 2504 994 2527 ce-

254 2549 397 2593 terisque
423 2548 594 2582 contrariis
620 2548 894 2592 quibuscumque.

1022 237 1071 263 sub
1098 235 1198 263 annulo
1227 235 1389 269 Piscatoris,
1412 235 1455 263 die
1481 242 1525 262 xiv
1551 234 1618 262 iunii
1645 240 1763 270 uncxxr,

1023 282 1195 317 pontificatus
1215 281 1300 309 nostri
1322 289 1394 309 anno
1415 288 1423 308 1
1447 292 1470 308 ».

1068 345 1082 387 g
1108 344 1139 377 ⁹2.
1167 344 1245 378 Cum
1282 349 1390 378 autem
1407 372 1415 386 ,
1450 344 1532 377 sicut
1556 343 1738 387 accepimus
1755 369 1763 383 ,
1790 353 1872 374 emm
1888 356 1964 380 pelen.

1024 397 1133 431 dilecti
1159 397 1217 431 tilii
1244 405 1427 438 senatores,
1453 408 1513 442 pro
1540 381 1964 430 sublevatione‘1¹5¹r2f'lsstffl'kltll

1777 435 1912 455 firmationis.

1025 451 1142 484 artium
1170 451 1358 485 huiusmodi
1395 452 1434 484 ab
1469 451 1547 496 ipsis
1584 450 1765 484 vexillifero

1024 510 1056 537 et
1080 510 1193 537 senatu
1221 505 1386 548 deputati,
1413 505 1601 538 earumdem
1630 503 1764 543 artium,

1025 569 1102 601 quas
1127 558 1159 591 in
1184 558 1253 592 dies
1278 559 1428 592 imminui
1454 569 1551 601 aegre
1577 559 1696 598 serunt,
1719 558 1766 590 in-

1025 612 1215 645 staurationi
1252 622 1289 645 ac
1325 612 1553 655 progressibus
1579 611 1666 644 omni
1693 613 1767 643 cura

1025 677 1060 698 ac
1085 665 1193 699 studio
1220 665 1458 705 incumbentes,
1481 665 1566 698 inter
1585 665 1645 697 alia
1666 664 1768 697 novis-

1026 719 1104 752 sime
1130 718 1333 752 instituerint
1369 718 1400 750 in
1438 718 1522 751 dicta
1559 718 1690 751 civitate
1718 727 1767 749 ar-

1028 777 1089 805 tem
1118 771 1279 812 telariam,
1308 771 1486 814 vulgariter
1518 770 1564 803 de*
1593 769 1769 813 lovaqliari

1027 830 1260 870 nuncupatam,
1280 836 1340 870 per
1366 836 1475 869 quam,
1496 835 1568 857 cum
1586 823 1770 857 assistentia

1027 880 1121 913 unius
1158 879 1324 914 societatis
1363 890 1420 913 seu
1456 877 1675 912 universitatis
1712 887 1770 920 per

1028 935 1201 978 deputatos
1227 933 1414 977 praedictos
1441 933 1503 966 iarn
1531 931 1708 971 stabilitae,
1733 930 1771 962 it-

1029 989 1080 1021 luc
1105 987 1329 1021 introducatur
1356 986 1521 1031 opificium
1541 985 1657 1019 diversi
1677 995 1771 1028 gene-

1030 1042 1071 1074 ris
1098 1042 1252 1082 telarum,
1280 1051 1362 1084 quae
1396 1051 1412 1073 a
1438 1039 1630 1083 regionibus
1651 1037 1769 1071 exteris

1029 1095 1300 1140 importabantur,
1319 1095 1431 1138 sicque
1449 1093 1617 1138 pecuniae,
1637 1102 1720 1136 quae
1733 1102 1769 1124 ex

1029 1149 1151 1182 ditione
1190 1148 1388 1182 Bononiensi
1426 1147 1465 1181 ad
1493 1146 1657 1180 eiusmodi
1690 1147 1770 1179 telas

1029 1203 1267 1246 comparandas
1293 1201 1420 1235 extrahi
1451 1204 1712 1239 consueverant,
1737 1199 1771 1231 in

1029 1259 1067 1290 ea
1092 1256 1249 1299 deinceps
1281 1260 1496 1295 remaneant,
1524 1265 1560 1288 ac
1584 1254 1670 1287 inter
1695 1253 1771 1286 arti-

1029 1311 1104 1344 tices
1132 1311 1334 1349 dividantur,
1371 1314 1403 1342 et
1434 1309 1567 1351 insuper
1591 1307 1768 1346 cannabis,

1030 1376 1093 1409 qua
1119 1364 1197 1397 ditio
1222 1363 1369 1407 praefata
1395 1362 1550 1401 abundat,
1576 1360 1701 1394 facilius
1719 1370 1773 1393 ve-

1030 1429 1106 1452 num
1133 1423 1200 1451 eat:
1222 1427 1310 1450 nunc
1332 1426 1407 1450 vero
1424 1415 1522 1448 iidem
1542 1413 1698 1458 deputati,
1718 1413 1772 1446 hu-

1030 1472 1078 1505 ius
1104 1471 1182 1505 artis
1210 1469 1452 1503 institutionem
1478 1468 1573 1502 nobis
1599 1468 1770 1511 probatam

1030 1526 1129 1559 fuisse
1155 1524 1396 1567 intelligentes,
1421 1522 1566 1556 animum
1598 1521 1773 1554 intendant

1030 1579 1165 1613 diversis
1198 1577 1396 1612 adhibendis
1429 1575 1584 1609 remediis
1617 1575 1773 1607 adversus

1031 1632 1225 1677 multiplices
1253 1632 1385 1671 abusus,
1405 1641 1487 1674 quos
1509 1630 1541 1662 in
1560 1629 1632 1662 aliis
1651 1628 1773 1661 artibus

1031 1688 1135 1721 dictae
1160 1685 1299 1719 civitatis
1324 1684 1495 1728 irrepsisse
1520 1688 1770 1726 compererunt,

1031 1741 1150 1785 quibus
1176 1750 1193 1773 e
1219 1739 1325 1772 medio
1351 1737 1505 1777 sublatis,
1532 1737 1675 1769 futurum
1701 1746 1774 1779 spe-

1032 1801 1105 1829 rant
1140 1799 1175 1827 ut
1210 1793 1286 1827 illae
1313 1802 1442 1836 quoque
1467 1791 1645 1834 aliquando
1678 1789 1774 1823 resti-

1033 1853 1173 1888 tuantur,
1202 1858 1239 1880 ac
1263 1847 1296 1879 in
1317 1846 1487 1890 publicum
1504 1846 1625 1878 bonum
1643 1849 1675 1877 et
1692 1855 1775 1877 com-

1032 1902 1165 1936 modum
1181 1900 1287 1934 denuo
1302 1900 1491 1939 ss01·escant;
1512 1898 1569 1932 sed
1586 1903 1772 1938 vereantur,

1033 1967 1073 1990 ne
1108 1966 1167 2000 pro
1204 1960 1297 1998 parte
1334 1959 1419 1987 artes
1445 1953 1608 1997 praefatas
1633 1952 1664 1985 in
1691 1951 1776 1985 dieta

1033 2010 1162 2043 civitate
1188 2008 1324 2051 eiusque
1350 2006 1504 2040 comitatu
1530 2005 1776 2045 exercentium,

1034 2068 1089 2097 aut
1113 2063 1192 2096 alias
1225 2061 1382 2095 interesse
1419 2060 1452 2093 in
1489 2060 1527 2093 iis
1562 2059 1774 2100 habentium,

1035 2117 1181 2151 executio
1207 2115 1468 2155 resolutionum,
1495 2124 1577 2158 quae
1603 2112 1642 2146 ad
1667 2113 1699 2146 id
1725 2123 1778 2146 ca-

1034 2171 1176 2215 piendae
1203 2169 1345 2208 venient,
1372 2167 1569 2212 impediatur
1593 2171 1649 2200 aut
1674 2171 1778 2200 retar-

1035 2226 1129 2259 detur
1147 2235 1206 2268 per
1224 2222 1455 2262 inhibitiones,
1477 2232 1566 2265 quas,
1585 2221 1644 2254 sub
1665 2220 1778 2253 obten-

1037 2284 1068 2312 tu
1087 2277 1335 2323 privilegiorum
1361 2276 1423 2309 sibi
1445 2286 1461 2308 a
1482 2275 1565 2308 Sede
1591 2274 1780 2318 Apostolicz't

1036 2341 1282 2372 concessorum,
1311 2340 1486 2364 suorumve
1512 2334 1704 2362 statutorum
1729 2339 1780 2362 au-

1036 2387 1188 2421 ctoritate
1224 2384 1403 2429 apostolica
1435 2383 1720 2424 confirmatorum,
1746 2393 1780 2415 u-

1036 2451 1128 2474 suum
1148 2450 1184 2473 ac
1198 2437 1485 2477 consuetudinum,
1500 2436 1565 2470 litis
1580 2436 1776 2480 pendentiae

1036 2501 1089 2528 aut
1114 2494 1177 2527 alio
1203 2493 1306 2532 titulo,
1326 2502 1343 2524 a
1364 2491 1526 2524 iudicibus
1552 2496 1584 2523 et
1610 2490 1778 2523 tribunali-

1036 2549 1096 2581 bus
1123 2547 1221 2581 etiam
1247 2545 1353 2586 Urbis,
1379 2545 1429 2578 vel
1455 2555 1515 2589 per
1544 2554 1712 2578 recursum
1740 2544 1780 2578 ad

288 2613 387 2641 Datum
416 2611 534 2647 Romae,
556 2610 629 2647 apud
653 2610 679 2640 S.
699 2610 815 2639 Mariam
845 2610 993 2644 Maiorem,
1037 2612 1096 2637 nos
1122 2606 1153 2637 et
1178 2601 1361 2637 Romanum
1386 2598 1574 2635 Pontificem
1611 2609 1673 2643 pro
1699 2603 1781 2634 tem-

1664 176 1723 210 531
1775 184 1825 211 An.
1846 184 1961 213 c.1733
