2182 3137
197 207 246 230 An.
263 204 292 230 c.
315 202 382 230 ¹732
428 194 492 228 3⁸8

981 205 1158 228 BL'LLAIUUM
1185 207 1336 230 ROMANUM

391 252 562 291 dumtaxat,
589 251 779 295 specialiter
805 258 836 285 et
861 263 1013 295 expresse
1038 253 1132 286 dero·
1175 260 1261 287 extra
1286 266 1397 288 muros
1422 256 1557 288 civitatis
1582 257 1814 300 Neapolitanae
1850 269 1912 291 una

389 315 525 346 gamus,
564 305 748 348 ceterisque
785 305 954 338 centrariis
991 305 1128 349 quibus-

389 368 540 400 cumque.

433 412 504 454 §fx
531 411 684 444 Volumus
722 417 828 444 autem
863 418 895 443 ut
932 413 1065 455 regulae
1101 418 1132 445 et

389 464 639 497 constitutiones
665 465 851 497 huiusmodi
882 465 981 498 latine
1008 470 1040 498 et
1064 476 1132 498 ara-

389 517 470 557 bice,
489 519 550 549 una
568 528 641 549 cum
659 518 886 561 praesentibus
905 518 1030 559 litteris,
1050 520 1131 563 typis

390 571 595 614 supradictae
622 571 890 613 Congregationis
919 572 1131 605 cardinalium

389 623 629 667 imprimantur,
648 634 826 667 earumque
843 625 1062 668 praesentium
1082 626 1132 659 lit-

390 682 533 710 terarum
561 678 780 719 transumptis,
806 688 859 709 seu
887 679 1056 721 exemplis,
1087 678 1132 711 sic

389 730 570 773 impressis,
596 741 691 763 manu
717 729 855 763 alicuius
872 731 987 763 notarii
1009 731 1130 773 publici

389 783 604 826 subscriptis,
639 789 671 815 et
703 783 811 825 sigillo
836 794 995 826 personae
1020 783 1052 816 in
1079 794 1131 816 cc-

390 836 570 870 clesiastica
593 836 751 878 dignitate
776 836 969 869 constitutae
987 836 1131 875 munitis,

390 891 503 923 eadem
526 900 659 933 prorsus
677 889 757 922 sides
773 895 834 922 tarn
851 890 883 922 in
897 890 1018 923 iudicio
1036 900 1131 932 quam

389 949 478 976 extra
502 944 583 976 illud
619 943 742 986 ubique
775 944 921 975 locorum
954 942 1129 982 habeatur,

389 1007 473 1039 quae
506 996 685 1028 haberetur
718 994 796 1037 ipsis
830 995 1077 1038 praesentibus,
1105 995 1130 1027 si

389 1050 497 1083 sorcnt
521 1050 685 1082 exhibitae
711 1049 760 1081 vel
787 1054 949 1081 ostensae.

432 1103 545 1135 Datum
567 1102 698 1141 Romae,
720 1102 805 1145 apud
830 1102 861 1134 S.
878 1101 1009 1134 Mariam
1035 1101 1132 1134 Maio-

389 1167 480 1196 rem,
512 1156 573 1188 sub
610 1155 731 1188 annulo
757 1155 931 1188 piscatoris
947 1181 954 1195 ‚
979 1155 1031 1187 die
1055 1164 1130 1187 xxxi

387 1210 494 1243 martii
519 1219 704 1249 unccxxxu,
723 1208 937 1252 pontificatus
954 1208 1057 1241 nostri
1076 1218 1132 1240 an-

388 1274 430 1297 no
456 1274 491 1297 11.

425 1325 482 1352 Dat.
505 1325 548 1351 die
567 1325 598 1351 31
622 1324 712 1351 martii
734 1324 818 1356 1732,
840 1323 936 1359 pontif.
958 1332 1027 1350 auno
1048 1330 1077 1350 11.

695 1379 727 1412 F.
749 1379 837 1412 card.
857 1378 1041 1412 OL1vER1us.

245 425 307 445 ruins
323 428 377 445 trau-

193 456 331 479 sumptuum

719 1531 804 1563 Lvtt.

391 1612 613 1654 Confirmalur
660 1611 815 1654 fundatio
866 1611 1134 1654 Conqreqationis

430 1666 694 1709 presbyterorum
725 1664 959 1704 saecularium,
984 1665 1049 1697 sive
1073 1664 1135 1697 col-

435 1719 512 1762 legii
535 1719 594 1751 sub
621 1718 717 1750 titulo
741 1719 855 1751 Sacrae
881 1719 1037 1751 Familiae
1062 1719 1132 1751 Iesu

433 1771 551 1804 Christi
569 1771 713 1804 civitatis
725 1771 963 1814 Neapolitanae
979 1772 1135 1804 iuvenum

433 1826 623 1859 sinensium
648 1829 745 1867 alque
772 1825 928 1858 Indorum
961 1825 1131 1857 instruen-

432 1878 550 1911 dorum
574 1878 617 1910 ad
638 1878 900 1921 praedicandum
917 1878 1134 1921 Evanqelium

433 1932 469 1964 in
491 1932 615 1974 patriti.

602 2004 739 2029 Clemens
760 2003 839 2036 Papa
857 2003 920 2033 XII,

507 2049 544 2074 ad
563 2050 741 2081 perpetuam
760 2048 807 2074 1⁸81
825 2047 1014 2074 memoriam.

199 2124 379 2177 „ssssi‘jfipl'ss’lssl
435 2119 449 2162 ᾗ
474 2119 505 2151 1.
533 2118 665 2161 Nuper,
703 2129 762 2161 pro
794 2123 888 2161 parte
914 2119 1073 2152 carissimi
1098 2119 1130 2152 in

197 2181 269 2203 zatum
291 2171 520 2207 sancus-Christo
546 2171 603 2204 filii
630 2172 731 2205 nostri
761 2172 866 2205 Caroli
899 2172 1130 2216 Hispaniarum

197 2210 249 2224 ximo
294 2205 379 2225 domino

197 2233 378 2284 ssi’ss'ssftcgss’sssss
390 2225 545 2258 catholici
571 2235 607 2258 ac
639 2225 860 2258 Romanorum
892 2226 978 2268 regis
1008 2227 1040 2259 in
1073 2227 1131 2260 im-

198 2284 573 2332 {³12²ffig',‘¹{0„¹21¹‡2Pssssslffl'em
595 2279 690 2311 electi
708 2279 859 2322 exposuit
877 2280 972 2312 nobis
991 2280 1129 2313 dilectus

199 2338 300 2358 malione·
389 2331 474 2365 filius
499 2338 610 2365 noster
635 2332 770 2365 Alvarus
794 2332 826 2365 S.
846 2332 884 2365 R.
905 2333 939 2365 E.
960 2334 1131 2377 presbyter

389 2385 563 2419 cardinalis
589 2385 782 2428 Cienfuegos
814 2392 1039 2429 nuncupatus,
1066 2398 1132 2420 me-

391 2439 611 2482 tropolitanae
637 2438 795 2472 ecclesiae
827 2439 1066 2482 Montisregalis
1098 2440 1130 2473 in

390 2492 498 2526 Sicilia
528 2503 565 2525 ex
591 2492 804 2525 concessione
831 2499 863 2525 et
886 2492 1130 2536 dispensatione

391 2545 573 2588 apostolica
596 2546 736 2589 praesul,
754 2546 841 2589 quod
859 2556 925 2579 non
943 2546 986 2579 ita
1002 2546 1130 2590 pridem

392 2598 530 2632 consilio
556 2609 592 2631 ac
615 2609 773 2641 persuasu
789 2604 904 2632 nostro
922 2599 1056 2632 fundata
1072 2600 1133 2633 suit

1174 307 1228 350 pia
1253 307 1467 351 Congregatio
1499 311 1764 353 presbyterorum
1801 322 1913 344 saecu—

1175 360 1290 392 larium
1315 371 1370 393 seu
1396 362 1568 403 collegium
1594 363 1652 394 sub
1680 363 1772 396 titulo
1797 363 1913 396 Sacrae

1175 412 1339 445 Familiae
1356 413 1427 446 Iesu
1447 413 1577 455 Christi,
1595 415 1684 448 cuius
1701 416 1912 459 praecipuum

1175 465 1359 499 institutum
1385 472 1433 499 est.
1457 468 1606 501 educatio
1638 469 1841 502 alumnorum
1867 470 1914 503 Si-

1176 520 1327 552 nensiuin
1354 526 1386 552 et
1416 520 1580 561 Indorum,
1604 523 1657 564 qui
1689 533 1724 555 ex
1751 523 1790 555 iis
1813 523 1914 566 regio-

1175 573 1268 604 nibus
1293 573 1467 606 advenient
1489 584 1548 616 pro
1574 575 1779 608 addiscendis
1806 577 1913 609 catho-

1176 627 1257 660 licae
1276 626 1351 660 [idei
1370 629 1563 671 praeceptis,
1583 631 1808 672 amplectendo
1830 636 1912 664 statu

1176 680 1401 724 presbyterali,
1424 691 1459 713 ac
1483 692 1552 714 sese
1578 682 1731 724 parandis
1757 684 1796 715 ad
1822 694 1914 726 prae-

1176 734 1350 766 dicandum
1370 734 1401 766 in
1429 745 1540 767 eorum
1558 735 1661 777 patria
1677 735 1795 768 Christi
1817 736 1914 769 Evan-

1176 787 1321 829 gelium;
1356 788 1387 820 in
1420 799 1485 831 quo
1520 793 1627 821 tamen
1653 789 1792 831 collegio
1819 790 1914 822 etiam

1176 841 1299 873 admitti
1321 842 1447 884 possint
1470 852 1583 874 omnes
1609 842 1661 874 alii
1696 853 1731 875 ex
1764 854 1915 886 quacum-

1176 905 1238 937 que
1264 900 1354 937 parte
1378 895 1524 938 Europae
1549 895 1738 936 existentes,
1762 897 1814 939 qui
1841 908 1916 940 pro-

1176 947 1254 990 priis
1280 947 1345 980 suis
1371 949 1553 991 sumptibus
1587 949 1708 982 ibidem
1741 952 1915 984 sustentari

1175 1001 1347 1040 voluerint,
1373 1007 1407 1033 ut
1427 1001 1629 1034 instruantur
1650 1008 1682 1035 et
1703 1003 1829 1036 habiles
1846 1004 1915 1036 red-

1177 1053 1293 1085 dantur
1310 1054 1348 1085 ad
1368 1064 1492 1086 sacrum
1510 1055 1750 1098 presbyteratus
1767 1056 1915 1089 ordinem

1176 1106 1441 1149 suscipiendum,
1469 1113 1500 1139 et
1531 1118 1636 1140 sacras
1665 1108 1836 1141 missiones
1861 1109 1916 1142 ob-

1177 1160 1322 1200 eundas·‚
1350 1171 1432 1203 quae
1458 1161 1588 1203 quidem
1614 1161 1769 1200 fundatio,
1795 1163 1916 1204 regulis

1177 1224 1214 1245 ac
1239 1213 1390 1255 regimini
1417 1225 1500 1257 quae
1518 1220 1689 1247 servantur
1705 1215 1737 1247 in
1757 1216 1914 1256 ecclesiis,

1178 1266 1326 1299 domibus
1352 1273 1384 1299 et
1407 1267 1719 1310 Congregationibus
1750 1269 1918 1313 presbyte-

1177 1331 1284 1352 rorum
1310 1320 1421 1353 itidem
1447 1321 1665 1354 saecularium
1691 1321 1825 1355 Oratorii
1847 1333 1918 1355 san-

1177 1373 1218 1405 cti
1245 1373 1388 1416 Philippi
1421 1373 1508 1406 Nerii
1534 1385 1570 1407 ae
1595 1374 1724 1407 Piorum
1749 1374 1917 1418 Operario-

1176 1437 1248 1459 rum
1275 1426 1380 1459 dietae
1412 1426 1548 1460 civitatis
1581 1427 1814 1470 Neapolitanae
1845 1438 1919 1461 con-

1179 1479 1323 1519 formari,
1349 1485 1381 1512 et
1405 1490 1463 1522 pro
1496 1485 1643 1523 tempore
1673 1480 1839 1513 existentis
1869 1491 1918 1513 ar-

1178 1533 1382 1576 chiepiscopi
1407 1533 1613 1576 Neapolitani
1637 1534 1855 1567 iurisdictioni
1885 1534 1916 1567 iu

1178 1587 1331 1620 omnibus
1374 1586 1519 1619 subiecta
1565 1598 1735 1620 remanere
1780 1588 1915 1627 debeat,

1179 1641 1295 1673 iisdem
1320 1651 1454 1683 prorsus
1479 1642 1574 1674 modo
1600 1647 1632 1673 et
1653 1642 1766 1679 forma,
1803 1643 1918 1685 quibus

1179 1695 1344 1736 praefatae
1366 1694 1449 1726 duae
1475 1695 1752 1737 Congrcgationes
1776 1694 1916 1728 Oratorii

1179 1748 1210 1780 S.
1229 1747 1372 1790 Philippi
1390 1747 1475 1780 Nerii
1493 1758 1529 1779 ac
1543 1747 1671 1780 Piorum
1687 1747 1916 1790 Operariornm

1179 1801 1326 1841 subsunt,
1353 1803 1517 1833 reservata
1537 1801 1599 1844 ipsi
1618 1801 1730 1834 Carolo
1751 1801 1818 1843 regi
1841 1801 1918 1834 dieti

1178 1854 1309 1897 collegii
1344 1854 1434 1896 regia
1468 1854 1670 1896 protectione
1700 1855 1807 1897 quoad
1832 1854 1919 1887 bona

1178 1908 1267 1941 illius
1309 1907 1499 1950 temporalia
1537 1913 1600 1940 tam
1638 1918 1723 1940 nune
1762 1907 1918 1951 acquisita

1178 1972 1273 2004 quam
1292 1961 1505 2004 imposterum
1523 1961 1733 2003 acquirenda..
1753 1961 1792 1993 Ut
1811 1967 1918 1994 autem

1178 2015 1352 2058 praedictis
1384 2014 1522 2047 alumnis
1550 2014 1739 2047 Sinensibus
1768 2020 1799 2047 et
1832 2014 1918 2047 Indis

1177 2068 1290 2101 modus
1326 2077 1397 2100 sese
1436 2067 1638 2099 sustentandi
1678 2072 1842 2110 suppetat,
1881 2077 1918 2100 ac

1177 2133 1258 2164 opus
1280 2120 1467 2154 huiusmodi
1493 2121 1531 2153 ad
1553 2126 1699 2163 optatum
1725 2119 1821 2153 finem
1845 2131 1918 2164 per-

1176 2176 1325 2214 ducatur,
1361 2175 1400 2207 de
1436 2184 1596 2207 consensu
1633 2174 1777 2207 eiusdem
1810 2174 1915 2207 Caroli

1176 2228 1263 2271 regis
1289 2227 1431 2260 stabilita
1456 2227 1515 2259 fuit
1540 2227 1595 2259 dos
1626 2227 1756 2269 collegii
1782 2227 1915 2270 praefati

1175 2292 1234 2325 pro
1259 2281 1414 2314 alimonia
1446 2280 1605 2313 dictorum
1639 2281 1844 2313 alumnorum
1868 2281 1917 2314 Si-

1175 2335 1326 2375 nensium
1349 2339 1380 2366 et
1403 2333 1557 2366 Indorum
1575 2333 1739 2366 dumtaxat
1759 2334 1791 2366 in
1809 2337 1916 2367 annua

1174 2390 1297 2421 summa
1331 2388 1594 2429 oci‘mgentorum
1631 2387 1821 2434 ducatorum
1848 2398 1915 2420 mo-

1174 2447 1269 2474 netae
1288 2440 1379 2483 regni
1397 2439 1558 2483 Neapolis,
1576 2440 1776 2473 retrahenda
1799 2451 1835 2473 ex
1853 2443 1915 2473 una

1177 2500 1395 2527 trecentorum
1431 2504 1528 2537 super
1563 2494 1747 2536 Tropiensis
1769 2521 1777 2535 ‚
1815 2496 1916 2528 altera

1175 2547 1388 2580 ducentorum
1406 2557 1502 2590 super
1518 2546 1736 2586 Cassanensis,
1750 2547 1915 2580 cathedra-

1174 2600 1263 2641 lium,
1289 2606 1320 2633 et
1344 2600 1470 2643 reliqua
1487 2600 1602 2633 annuis
1621 2600 1834 2643 pensionibus
1852 2605 1914 2634 tre-

1925 213 1974 237 An.
1992 213 2020 237 C.
2044 211 2109 239 ¹732
