2182 3137
41 199 96 225 Au.
116 196 147 223 C.
165 194 235 224 1730

77 1566 168 1587 Habitus
193 1566 229 1587 do·

45 1596 150 1615 natorum.

52 2305 129 2327 Donati
144 2312 182 2332 per
200 2312 236 2326 an-

50 2338 101 2354 uum
123 2333 236 2360 probandi.

887 192 1031 216 CLEMENS
1058 193 1102 216 ΧΠ
1127 194 1175 217 PP.

241 244 273 273 de
295 244 453 273 necessitate
473 244 521 273 sed
542 243 573 272 de
595 243 704 272 habitas
726 242 881 274 honestate,
906 239 987 269 illam

241 296 332 321 tamen
353 292 462 331 deferre
478 291 631 320 debebimus
645 299 708 319 cum
725 290 755 318 in
767 288 910 327 publicum
922 297 988 326 pro-

241 340 372 369 cedimus.
396 339 559 378 Scapularis
586 343 677 367 autem
707 336 848 375 longitudo
880 336 988 365 breuior

240 390 276 418 sit
294 389 390 418 tunica>
401 398 452 427 per
467 397 579 417 manum
601 396 694 421 unam,
712 390 738 416 et
752 386 812 415 eius
826 385 988 424 capuccium

241 439 272 466 in
293 437 385 476 amplo
407 437 533 465 humeros
555 445 609 465 nou
630 435 754 472 excedat,
771 443 802 463 ac
825 435 853 463 in
869 433 987 471 longitu-

240 487 304 515 dine
323 495 375 525 per
396 491 512 525 quatuor
533 485 630 514 saltem
656 485 754 522 digitos
781 484 860 512 distet
882 493 898 511 a
920 485 988 511 zona

240 535 377 572 mantelii,
401 535 482 564 etiam
506 534 644 572 longitudo
665 543 721 570 per
751 537 869 571 quatuor
890 532 988 570 digitos

241 584 350 613 tunicae
372 583 540 621 longitudini
560 592 615 611 non
637 586 779 620 aequetur,
797 582 836 610 ila
854 581 924 620 quod
945 585 989 609 tu-

242 634 307 662 nica
329 631 469 670 mantello,
492 636 518 661 et
539 631 688 660 mantellus
709 630 852 669 scapulari
874 631 908 659 sit
930 629 989 658 lon-

239 681 312 719 gior.
335 680 414 710 Zona
436 690 540 719 quoquc
561 681 598 709 sit
618 680 651 709 de
672 679 746 708 corio
775 680 863 717 nigro,
893 678 988 707 latitu-

240 729 315 758 dinis
336 729 452 758 duorum
468 729 628 766 digitorum,
646 727 687 756 vel
706 728 794 766 quasi,
819 736 881 756 cum
903 725 988 765 fibula

241 779 337 817 ferreti
357 777 401 807 vel
431 779 513 807 aerea
544 777 643 816 absque
675 777 741 806 aliis
770 776 917 805 laminulis
944 775 988 805 vel

241 826 363 856 clavatis.
389 825 579 857 Calceamenta
601 827 656 855 sint
678 825 812 855 sotulares
835 825 921 863 nigri,
941 826 989 863 qui

241 876 329 905 tribus
349 876 384 905 ad
406 877 497 905 minus
520 875 625 914 laqueis
647 875 866 913 adstringantur.
887 874 987 911 Vestes,

241 924 338 963 quibus
359 924 453 953 subtus
475 924 631 953 imluuntur
653 923 687 952 ad
708 933 833 957 carnem,
859 933 911 952 non
934 924 989 952 siut

241 973 332 1003 lineae
353 973 397 1003 vcl
419 972 580 1010 canabinae,
604 973 650 1001 sed
673 972 784 1009 laneae,
809 971 989 1010 femoralibus

241 1027 332 1052 tamen
354 1023 498 1060 eaeceptis,·
521 1031 570 1050 nec
592 1022 619 1050 in
644 1021 720 1050 lectis
750 1021 863 1049 babeant
893 1020 989 1050 lintea-

241 1072 319 1099 mina
339 1070 372 1099 de
394 1070 451 1099 lino
473 1070 513 1099 ael
535 1070 567 1099 dc
590 1070 690 1099 canabo
703 1081 712 1103 ,·
738 1073 866 1108 poterunt
898 1074 989 1098 tamen

240 1119 340 1149 trabere
359 1119 523 1158 puluinaria
545 1120 602 1148 sice
624 1119 774 1148 ceruicalia
802 1119 833 1148 de
864 1119 965 1148 eisdem
977 1130 988 1153 ,-

241 1168 376 1198 debilibus
397 1172 487 1198 tamen
503 1178 550 1198 seu
567 1168 685 1207 infirmis
701 1169 735 1197 ad
751 1168 899 1197 arbitrium
912 1169 990 1207 prio-

241 1218 300 1251 riS,
325 1218 428 1256 quotics
451 1227 518 1256 opus
540 1217 648 1256 suerit,
670 1221 801 1256 poterunt
828 1217 990 1246 linteamina

241 1276 290 1296 seu
311 1267 471 1295 indumenta
493 1266 643 1295 canabineo
664 1265 707 1295 vel
730 1265 804 1295 linea
820 1266 988 1295 nzinistrari.

241 1314 317 1344 Idem
336 1315 443 1344 lzabitus
458 1315 573 1344 donetur
597 1315 719 1351 novitiis,
738 1314 786 1343 boc
800 1315 988 1353 superaddito,

242 1363 313 1402 quod
333 1364 369 1392 ad
389 1363 546 1402 scapularis
569 1363 656 1392 latera
686 1364 764 1392 iuxta
797 1373 893 1392 sonam.
921 1364 990 1393 duae

242 1413 274 1441 de
309 1422 403 1442 eorum
433 1422 526 1452 panno
556 1413 693 1451 ligaturae
727 1418 864 1447 suuntur,
893 1418 990 1442 navas

243 1460 397 1498 vulgariter
428 1466 611 1500 nuncupatae,
635 1462 720 1491 trium
743 1461 870 1491 habentes
892 1462 991 1500 ampli-

243 1509 367 1538 tudinem
388 1510 547 1547 digitorum.

282 1558 397 1588 Donatis
418 1569 480 1588 vero
503 1560 604 1588 nostris
619 1559 735 1588 donetur
750 1560 845 1589 tunica
866 1564 890 1588 et
913 1569 991 1588 man-

242 1606 324 1635 tellus
356 1612 381 1636 et
409 1607 518 1645 largum
550 1609 712 1646 capuccium
735 1608 766 1636 de
789 1608 904 1642 burello,
929 1618 991 1637 cum

242 1656 331 1685 cauda
353 1655 534 1694 longitudinis
553 1656 643 1695 palmi
667 1657 766 1695 unius,
788 1657 832 1687 vel
854 1657 927 1687 aliae
948 1668 992 1686 ve-

242 1709 294 1734 stes
317 1705 455 1735 honestae.
491 1705 619 1744 Praefecti
641 1716 745 1745 quoque
778 1707 872 1735 storiati
900 1707 992 1736 dicant

243 1754 364 1792 quotidie
382 1765 434 1793 pro
456 1754 581 1784 omnibus
609 1754 692 1784 Horis
722 1755 879 1794 qairulecim
907 1755 992 1785 Pater

243 1804 344 1832 noster
366 1813 427 1832 cum
446 1803 506 1833 Ave
525 1803 626 1840 Maria,
651 1808 676 1832 et
694 1805 738 1833 aie
761 1815 812 1842 qua
832 1805 861 1833 iu
882 1805 992 1833 donatos
1013 1815 1015 1832 2

245 1853 433 1891 recipiuntur,
450 1852 629 1881 obedientiam
642 1852 907 1892 plenepromittant.
920 1854 993 1883 Idem

243 1903 327 1930 etiam
355 1901 387 1930 de
419 1902 532 1940 seminis
562 1902 669 1930 donatis
695 1904 743 1941 siat
771 1907 883 1941 praeter
909 1908 993 1932 vestes

241 1950 412 1988 praedictas,
429 1951 494 1979 dum
517 1955 606 1980 tarnen
631 1952 748 1990 desuper
771 1953 924 1981 imlaantar
945 1953 994 1980 bu-

244 1999 314 2028 rello
333 2000 484 2038 praedicto,
509 2009 570 2029 cam
593 2000 730 2029 honestate
754 2001 907 2029 omnimodi
931 2010 993 2029 eon-

244 2052 392 2076 versantes.
415 2048 450 2077 Et
472 2049 565 2077 donati
587 2053 612 2078 et
634 2050 747 2077 a'onatai¹
770 2050 856 2077 nostri
880 2048 993 2078 Ordinis

245 2105 298 2134 per
317 2097 441 2134 priorem
462 2101 487 2125 et
509 2097 627 2135 capituli
648 2098 779 2126 maiorem
793 2102 901 2136 partem
925 2099 993 2127 reci—

243 2146 373 2184 piantur,
397 2150 421 2174 et
445 2156 496 2175 non
519 2146 611 2175 aliter.

488 2230 753 2252 ExTRAVAGANTES.

286 2301 305 2321 1.
325 2291 388 2322 Non
412 2293 593 2332 recipiantur
615 2294 649 2323 ad
667 2294 864 2324 obedientiam
880 2294 990 2331 donati,

249 2340 321 2379 quin
344 2341 428 2379 prius
462 2351 512 2380 per
535 2351 645 2372 annum
677 2343 848 2382 probentur.
871 2343 900 2373 Si
923 2353 992 2373 vero

248 2389 356 2419 emisso
379 2394 446 2419 voto
468 2390 656 2420 obedientiae
683 2392 793 2431 reperti
815 2393 926 2422 fuerint
947 2393 992 2422 in·

250 2437 433 2476 tractabiles,
450 2438 655 2478 honestatique
672 2441 919 2470 monasteriorum
943 2451 994 2471 no-

249 2491 378 2516 strorum
410 2496 469 2516 non
501 2488 721 2525 convenientes,
755 2497 770 2518 a
799 2489 897 2528 priore
925 2499 991 2519 cum

251 2535 457 2575 deputatorum
480 2545 626 2566 consensu
650 2537 763 2575 possint
784 2538 903 2577 expelli,
928 2543 992 2568 voto

249 2583 326 2614 tacto
348 2594 405 2614 non
430 2584 574 2615 obstante.

1690 183 1735 217 93
1780 193 1832 219 An.
1854 192 1885 219 c.
1902 192 1972 222 ¹730

1070 250 1100 271 11.
1124 241 1243 272 Donatis
1275 243 1369 272 nostri
1391 242 1521 280 Ordinis,
1554 242 1670 282 quando
1698 242 1775 273 reci·
1810 258 1971 285 Mtaiesqna-

1030 291 1152 329 piuntur
1174 295 1202 320 et
1223 295 1380 330 antequam
1407 296 1508 322 votum
1537 291 1723 322 obedientiae
1744 285 1970 335 e-2522?922{‡?‡ns1¹},sss

1030 339 1156 375 mittant,
1181 339 1360 377 notificetur,
1378 341 1467 379 quod,
1488 341 1545 370 nisi
1568 341 1678 370 fuerint
1700 341 1774 371 tales

1030 387 1130 426 quales
1163 387 1292 426 disponit
1320 393 1532 427 extravagans‚
1556 389 1714 420 eiicientur
1737 389 1775 419 ab

1030 435 1138 467 Ordine
1160 437 1248 466 etiam
1272 441 1335 475 post
1359 438 1581 475 professionem.

1069 495 1110 516 111.
1135 485 1238 515 Donati
1255 486 1305 524 qui
1322 486 1449 516 retinent
1466 487 1585 526 propria
1608 488 1694 524 bona,
1718 489 1777 518 sol·
1799 511 1829 530 Ab
1846 511 1972 531 „inomn-

1031 540 1100 565 vant
1121 535 1250 564 decimas
1273 535 1401 573 illorum,
1424 536 1491 574 quia
1514 537 1548 566 de
1571 537 1971 584 personalibus‹lp-syssfignnffffl

1030 593 1088 613 non
1111 588 1261 613 tenentur.
1785 569 1791 589 ¹
1826 570 1832 589 ¹
1955 574 1971 584 ”

1071 641 1109 663 lv,
1133 632 1196 662 Non
1220 632 1402 672 recipiantur
1432 634 1569 663 mulieres
1598 636 1722 666 donatae
1745 637 1775 666 in
1812 656 1907 677 nomiae
1924 662 1971 676 eum

1030 686 1130 712 nostro
1153 680 1263 711 Ordine
1286 681 1349 710 sine
1372 681 1494 711 licentia
1510 683 1599 721 patris
1616 683 1973 735 ἕοηθωῖἰε.ξζζᾞζᾈῗρξξξξὲἷ·

1071 742 1098 760 v.
1122 730 1229 760 Omnes
1263 734 1431 759 nostrorum
1464 732 1675 762 monachorum
1702 734 1779 764 inte·
1806 727 1817 765 ᾗ
1839 769 1842 771 Α
1966 726 1971 730 ’

1031 778 1126 808 riores
1149 781 1256 815 vestes,
1281 777 1383 815 caligis
1401 778 1634 817 comprehensis,
1651 780 1778 811 debeant
1788 763 1812 809 el
1822 763 1970 810 {satagi-‚330

1032 836 1096 857 esse
1112 827 1222 863 laneae,
1239 836 1273 855 ex
1290 835 1387 865 panno
1403 826 1468 856 albo
1485 827 1547 863 vili,
1565 833 1614 857 aut
1629 829 1777 867 staminia,

1032 886 1083 906 seu
1116 885 1150 905 ex
1183 875 1357 909 cordellate,·
1393 880 1421 904 et
1455 875 1612 906 interiores
1645 877 1780 907 thoraces

1033 925 1134 963 (vulgo
1156 927 1244 962 sagos)
1269 924 1450 954 descendant
1473 924 1549 954 ultra
1573 935 1678 963 genua,
1697 927 1779 956 iuxta

1032 973 1209 1004 laudabilem
1245 973 1363 1003 Ordinis
1399 974 1643 1004 consuetudinem
1659 999 1665 1008 ,
1704 985 1779 1014 quae

1033 1027 1138 1058 vestes,
1157 1022 1401 1061 quotiescumque
1418 1023 1488 1052 [iant
1505 1028 1533 1053 et
1552 1024 1704 1054 monachis
1722 1025 1782 1055 dis-

1033 1071 1208 1100 tribuendae
1231 1070 1311 1107 sint‚
1343 1071 1425 1109 prius
1454 1081 1468 1100 a
1500 1071 1646 1110 prioribus
1670 1074 1781 1103 exami-

1033 1125 1162 1156 11entur3
1188 1129 1242 1149 nec
1272 1121 1424 1149 monachis
1448 1121 1675 1160 permittantur:
1705 1132 1779 1162 quae

1032 1179 1099 1199 cum
1118 1169 1217 1208 aliqua
1241 1169 1432 1207 profanitate,
1458 1170 1629 1200 curiositate
1651 1176 1701 1201 aut
1725 1182 1779 1201 usu

1033 1219 1176 1248 saeculari
1193 1218 1303 1248 fuerint
1319 1218 1422 1248 sactae.
1436 1219 1680 1257 Transgressores
1697 1230 1778 1258 vero,

1033 1267 1083 1306 qui
1116 1267 1202 1296 aliter
1235 1271 1330 1296 vestes
1364 1267 1458 1297 facere
1482 1267 1526 1297 vel
1549 1273 1665 1306 gestare
1696 1279 1780 1308 prae-

1033 1316 1234 1355 sumpserint,
1260 1316 1354 1355 poena
1377 1316 1532 1346 clausurae
1559 1327 1608 1346 sex
1633 1319 1778 1348 mensium

1033 1368 1237 1395 coerceantur.

1073 1422 1112 1443 vt.
1136 1413 1263 1443 Caveant
1286 1414 1406 1443 omnino
1432 1414 1544 1453 priores
1577 1425 1612 1444 ne
1635 1416 1697 1445 suis
1721 1425 1782 1446 mo-
1807 1434 1977 1454 1„m,5501,„„„

1033 1462 1137 1491 nacliis
1169 1462 1318 1491 licentiam
1353 1463 1515 1492 concedant
1548 1464 1633 1493 lineis
1656 1460 1964 1501 utendi‚¹‘⁰¹'¹¹“¹¹“¹¹‘³⁰¹''·

1034 1511 1224 1540 femoralibus
1240 1511 1382 1550 exceptis,
1402 1512 1459 1541 nisi
1478 1512 1514 1541 ob
1530 1522 1648 1550 gravem
1672 1519 1699 1543 et
1723 1524 1783 1543 ma-

1034 1560 1169 1589 nifestam
1192 1560 1399 1590 necessitatem
1415 1584 1421 1595 ,
1446 1566 1497 1590 aut
1525 1561 1702 1591 habitualem
1738 1563 1784 1592 in-

1035 1609 1219 1645 firmitatem,
1240 1609 1421 1638 medicorum
1439 1610 1547 1639 iudicio
1562 1611 1780 1650 declarandam,

1035 1662 1063 1687 et
1087 1666 1145 1686 non
1179 1658 1274 1687 aliter.
1299 1658 1447 1688 Monaclns
1482 1668 1565 1696 vero,
1589 1660 1640 1698 qui
1673 1659 1784 1698 absque

1035 1707 1111 1736 dicta
1144 1707 1266 1737 licentia
1295 1707 1381 1737 lineis
1404 1712 1548 1745 utuntur,
1574 1718 1666 1747 poena
1694 1709 1783 1738 unius

1036 1757 1105 1785 anni
1128 1755 1283 1785 clausurae
1304 1765 1355 1794 pro
1375 1756 1470 1794 prima
1501 1757 1564 1786 vice
1589 1756 1782 1795 imponatur,

1036 1805 1060 1834 si
1089 1809 1185 1834 autem
1215 1805 1429 1841 reinciderint,
1454 1815 1563 1845 poenae
1597 1806 1783 1845 superiorum

1036 1853 1159 1883 arbitrio
1182 1859 1391 1892 aggraventur.

1244 1930 1439 1960 Cos-suum
1462 1931 1570 1960 xxvii.

1077 2002 1157 2031 Leris-
1180 2002 1262 2040 culpa
1285 2007 1340 2039 est,
1365 2004 1388 2031 si
1410 2004 1491 2041 quis,
1524 2003 1619 2031 ultimo
1651 2005 1727 2041 signo
1749 2003 1785 2032 ad

1037 2051 1123 2080 Horas
1146 2053 1201 2079 iam
1223 2053 1305 2089 jacto,
1323 2060 1375 2079 non
1394 2052 1502 2080 assistat
1519 2053 1547 2081 ia
1562 2052 1642 2081 clroro
1655 2064 1665 2086 ,·
1682 2054 1705 2081 si
1721 2053 1783 2090 qais

1037 2101 1065 2128 in
1084 2100 1163 2129 rleoro
1186 2099 1257 2128 male
1280 2100 1391 2137 legendo
1413 2102 1469 2130 sire
1491 2102 1633 2138 cantando,
1651 2101 1723 2130 solus
1743 2102 1785 2130 uel

1035 2158 1097 2178 eum
1119 2149 1173 2177 alio
1196 2150 1349 2187 offendens,
1374 2159 1426 2178 non
1449 2151 1542 2179 statim
1574 2160 1601 2178 se
1630 2150 1782 2186 inclinans,

1033 2202 1129 2236 pectus
1144 2207 1225 2226 suum
1241 2207 1323 2226 manu
1336 2199 1517 2236 percusserit,
1532 2209 1674 2237 genuaque
1689 2208 1783 2227 versus

1035 2246 1122 2275 altare
1144 2247 1253 2285 flexerit
1269 2270 1276 2283 ,
1300 2251 1350 2275 aut
1371 2248 1394 2276 si
1413 2256 1473 2276 cam
1496 2247 1562 2276 aliis
1595 2249 1714 2276 recitans
1743 2247 1785 2276 rel

1034 2299 1148 2324 cantans
1175 2295 1332 2334 offenderit,
1366 2300 1391 2324 et
1421 2296 1565 2334 praedicta
1596 2297 1784 2334 poenitentiae

1034 2345 1112 2381 signa
1144 2349 1254 2382 praeter
1284 2344 1504 2382 genuflexionem
1538 2354 1589 2372 noa
1617 2345 1736 2382 feceril;
1760 2346 1786 2373 si

1035 2393 1096 2431 quis
1117 2393 1209 2422 divino
1234 2402 1286 2421 nou
1304 2394 1425 2423 intentus
1441 2394 1526 2432 officio
1545 2394 1680 2422 leuitatem
1697 2398 1785 2423 osten-

1034 2442 1091 2478 dat,
1116 2442 1192 2479 vagis
1219 2442 1305 2470 oculis
1325 2442 1530 2480 perspiciendo,
1556 2441 1597 2470 rel
1618 2447 1722 2470 motum
1745 2444 1784 2472 ir-

1036 2490 1195 2528 religiosam
1217 2490 1337 2529 aliquem
1358 2491 1509 2528 saciendo;
1525 2491 1549 2519 si
1565 2491 1625 2529 quis
1647 2492 1675 2519 in
1698 2492 1784 2521 cccle-

1035 2541 1078 2569 sia
1100 2540 1252 2576 dormierit,
1276 2539 1318 2568 uel
1340 2539 1395 2567 alio
1417 2540 1510 2577 quouis
1533 2539 1588 2569 Ioco
1611 2540 1717 2579 aliquid
1740 2543 1783 2570 ia-

1036 2588 1206 2627 quietudinis
1228 2588 1348 2625 secerit‚·
1377 2589 1402 2617 si
1428 2593 1548 2627 tempore
1570 2594 1722 2628 opportuno
1745 2590 1783 2619 le-

1849 2016 1878 2037 De
1910 2017 1978 2042 culpis

1793 2044 1885 2064 levibus.
