2182 3137
215 277 314 303 Amc.
336 276 404 303 1732
450 269 516 302 414

232 1509 373 1529 Prooemium.

223 2680 305 2700 Causae
320 2679 386 2701 eden-

409 325 573 366 effectum,
587 327 648 359 hac
667 327 738 361 vice
762 328 941 367 dumtaxat,
961 329 1153 372 specialiter

408 384 441 410 et
454 389 611 422 expresse
629 380 847 423 derogamus,
867 382 1053 425 ceterisque
1079 392 1152 415 con-

410 433 517 464 trariis
543 433 818 477 quibuscumque.

454 485 565 518 Datum
589 487 721 527 Romae,
743 488 828 529 apud
854 487 885 520 S.
906 488 1036 521 Mariam
1059 487 1151 521 Maio-

408 549 496 577 rem,
522 539 581 571 sub
606 541 726 572 annulo
751 540 940 580 piscatoris,
969 541 1020 574 die
1047 550 1075 573 tx
1103 540 1150 572 iu-

408 592 442 624 lii
461 601 645 632 unccxxxn,
664 593 871 635 pontificatus
888 594 991 627 nostri
1012 605 1097 627 anno
1113 604 1147 627 u.

443 653 504 680 Dat.
525 653 568 679 die
587 654 604 679 9
625 654 682 680 iulii
701 655 782 688 17:3⁴2,
803 655 899 690 pontif.
921 664 991 682 anno
1012 664 1041 683 ιι.

737 709 769 741 F.
798 710 888 742 card.
916 710 1102 744 Otivssnius.

722 861 837 893 LXVll.

406 941 499 972 Boua
525 941 740 973 ecclesiastica
753 942 790 973 in
807 941 932 973 ditione
947 942 1097 984 Auyusto
1111 941 1149 974 Il

450 993 610 1026 Polom'ae
633 995 705 1036 resli
728 995 780 1026 uli
795 994 962 1027 Saoeoniae
986 994 1148 1026 ducisub-

450 1047 530 1078 iecld
563 1047 797 1087 consistentia,
824 1047 862 1079 ab
894 1048 1067 1080 haereticis
1099 1058 1148 1079 oc-

448 1104 568 1142 cupam
594 1100 736 1139 eisdem,
773 1100 816 1132 ad
840 1101 1019 1133 catholicae
1044 1100 1147 1133 Eccle-

448 1153 517 1184 siae
540 1153 696 1185 unionem
720 1153 770 1185 vel
794 1154 862 1186 iam
885 1154 1022 1185 reversis
1042 1153 1092 1185 rel
1111 1154 1146 1185 in

448 1210 612 1248 posterum
647 1206 823 1246 redituris,
864 1208 1000 1239 remissa
1033 1206 1143 1239 decla-

446 1263 579 1291 rantur.

606 1339 744 1366 Clemens
765 1340 929 1373 episcopus
942 1360 949 1372 ‚

579 1391 689 1410 servus
709 1391 867 1411 servorum
886 1385 951 1415 Dei,

513 1428 550 1454 ad
566 1431 748 1461 perpetuam
773 1429 818 1456 rei
839 1430 1027 1456 memoriam.

445 1501 546 1534 Sedes
573 1501 777 1544 Apostolica,
810 1501 863 1545 pia
889 1508 1002 1541 mater,
1040 1502 1144 1545 probe

403 1565 587 1597 agnoscens
613 1556 810 1599 assidueque
829 1557 1025 1599 recogitans,
1046 1557 1144 1599 potis-

400 1607 514 1640 simam
551 1619 661 1640 curam
697 1614 729 1641 et
760 1609 1016 1642 sollicitudiuem
1052 1619 1143 1641 suam

401 1662 434 1693 in
461 1661 536 1694 fidei
555 1662 746 1701 catholicae,
765 1663 835 1695 sine
858 1673 920 1705 qua
938 1662 1142 1705 impossibile

402 1720 452 1747 cst
476 1717 604 1758 placere
630 1716 705 1755 Deo,
730 1716 852 1749 unitate
884 1727 920 1749 ac
954 1716 1141 1758 integritate

402 1769 585 1809 retinenda,
605 1776 637 1802 et
656 1770 839 1802 animarum
860 1770 1004 1812 pretioso
1023 1769 1142 1802 Christi

401 1823 528 1856 Domini
554 1823 711 1865 sanguine
737 1823 980 1866 redemptarum
1010 1824 1143 1855 aeterna

401 1877 505 1910 salute
540 1877 763 1920 procuranda,
801 1878 892 1909 sitam
930 1887 1021 1915 esse,
1058 1876 1141 1908 nihil

398 1930 630 1974 praetermittit
665 1941 701 1962 ac
737 1931 931 1962 intentatum
958 1929 1138 1972 relinquit,

401 1985 488 2027 quod
513 1985 551 2016 ad
578 1984 725 2016 camdem
751 1982 858 2023 fidem,
883 1983 939 2015 ubi
957 1983 1070 2016 illaesa
1095 1983 1142 2015 vi-

398 2042 463 2080 get,
489 2042 607 2069 sartam
642 2042 757 2069 tectam
794 2036 958 2074 tuendam,
984 2036 1038 2067 ubi
1064 2047 1141 2069 vero

399 2091 544 2133 collapsa
569 2096 627 2128 est,
654 2090 903 2129 restituendam,
931 2090 1081 2132 ipsasque
1107 2089 1142 2121 ti-

399 2143 522 2176 delium
549 2144 672 2175 animas
699 2143 728 2175 in
755 2143 837 2175 viam
864 2143 975 2176 salutis
1002 2143 1142 2182 dirigen-

398 2197 454 2228 das
479 2197 604 2229 iudicat
627 2197 811 2239 pertinere;
838 2208 874 2229 ac
900 2202 1076 2239 propterea
1100 2197 1140 2228 ab

396 2250 580 2283 orthodoxa
604 2250 766 2292 religione
793 2251 945 2293 rectaque
963 2249 1012 2282 via
1037 2250 1139 2282 deviis

398 2311 430 2335 et
455 2303 640 2337 errantibus
666 2303 753 2341 siliis,
781 2313 864 2346 quos
892 2314 1056 2346 nunquam
1083 2303 1140 2335 ob-

396 2357 575 2397 liviscitur,
603 2357 721 2390 nedum
748 2363 926 2389 maternum
953 2357 1058 2389 sinum
1092 2357 1140 2388 iu-

397 2410 482 2453 giter
507 2410 620 2453 aperit,
648 2410 703 2443 sed
729 2409 825 2442 etiam
852 2410 914 2442 iter
938 2410 1052 2443 sternit
1072 2411 1140 2453 pla-

398 2474 485 2502 num,
511 2474 570 2507 per
595 2464 701 2507 quod,
732 2463 865 2496 sublatis
888 2463 1055 2506 quibusvis
1081 2464 1139 2496 im-

397 2517 612 2560 pedimentis,
639 2517 678 2550 ad
703 2517 821 2551 Christi
856 2517 941 2550 ovile
973 2522 1071 2560 atque
1099 2517 1138 2549 ad

400 2580 457 2602 cor
482 2569 607 2602 facilius
638 2570 746 2603 redire
781 2571 928 2608 valeant,
968 2575 1065 2612 prout
1104 2570 1137 2602 in

398 2622 538 2655 Domino
564 2623 725 2666 conspicit
749 2623 925 2656 salubriter
949 2623 1114 2666 expedire.

440 2676 456 2718 ἓ
481 2675 513 2707 1.
540 2675 618 2708 Cum
643 2676 753 2719 itaque
778 2686 857 2715 nos,
887 2676 941 2720 qui
967 2676 1136 2709 militantis

1001 281 1181 305 BULLARIUM
1206 282 1361 306 ROMANUM

1194 384 1340 426 regimen
1366 386 1398 417 in
1431 386 1618 420 beatissimo
1643 386 1740 420 Petro
1765 388 1931 430 apostolo-

1193 446 1263 469 rum
1289 437 1435 481 principe
1469 439 1622 471 divinitus
1658 439 1845 482 accepimus
1862 466 1870 480 ,
1897 451 1934 473 ac

1194 488 1232 521 iis
1257 489 1427 523 christiani
1454 491 1544 524 orbis
1569 493 1743 535 provinciis
1763 494 1934 536 pastoralis

1193 541 1377 584 vigilantiae
1409 549 1538 577 nostrae
1577 545 1718 578 studium
1755 546 1934 590 praecipue

1193 595 1385 638 impendere
1411 597 1567 631 debemus
1604 609 1686 642 quae
1722 609 1818 642 opem
1845 605 1877 632 et
1901 610 1935 632 o-

1193 658 1305 690 peram
1330 655 1474 683 nostram
1494 652 1595 693 magis
1613 661 1791 695 exposcere
1808 652 1935 686 videan-

1170 698 1171 707 ’
1194 706 1256 741 tur,
1283 703 1481 745 peculiarem
1507 715 1609 747 usque
1635 705 1674 737 ab
1700 705 1802 748 ipsius
1826 706 1934 749 ponti-

1192 754 1305 787 ficatus
1332 757 1434 789 nostri
1459 757 1647 800 primordiis
1673 763 1832 801 paternae
1857 769 1935 792 con-

1192 807 1401 842 siderationis
1428 817 1561 843 nostrac
1594 811 1745 843 intuitum
1776 811 1933 844 direxeri-

1191 871 1261 893 mus
1288 863 1327 894 ad
1353 863 1506 895 ducatum
1525 864 1702 903 Saxoniae,
1729 864 1783 896 ubi
1805 864 1934 897 scilicet

1192 913 1340 947 haeresis
1381 917 1553 959 postremis
1591 918 1683 950 hisce
1728 917 1932 960 temporibus

1191 968 1351 1010 originem
1379 975 1411 1002 et
1435 970 1670 1004 incrementum
1688 970 1864 1014 sumpsisse
1885 970 1933 1003 di-

1191 1022 1365 1062 gnoscitur,
1391 1032 1427 1054 ac
1459 1033 1520 1065 pro
1553 1023 1643 1055 cuius
1678 1023 1867 1057 reductione
1892 1023 1931 1056 ad

1191 1075 1329 1116 priscam
1356 1082 1388 1108 et
1412 1077 1609 1109 catholicam
1635 1076 1730 1109 fidem
1756 1078 1868 1120 plures
1893 1087 1930 1110 ex

1191 1128 1343 1160 Romanis
1370 1129 1582 1161 Pontificibus
1620 1129 1932 1172 praedecessoribus

1190 1181 1310 1213 nostris
1336 1182 1504 1224 praeclara
1533 1192 1604 1214 cum
1642 1192 1752 1215 eorum
1788 1182 1930 1215 nominis

1191 1233 1286 1266 laude
1313 1239 1445 1267 strenue
1471 1235 1675 1278 multumque
1698 1235 1930 1275 elaborarunt;

1191 1287 1310 1331 diuque
1325 1289 1495 1321 nobiscum
1511 1289 1830 1332 anim01·eputanteS‚
1843 1290 1929 1322 unde

1191 1341 1307 1374 sactum
1334 1342 1383 1382 sit,
1416 1343 1501 1385 quod
1529 1348 1576 1375 tot
1612 1343 1805 1375 eorumdem
1840 1353 1931 1386 prae-

1190 1395 1400 1427 decessorum
1426 1397 1564 1434 labores,
1591 1406 1626 1428 ac
1651 1396 1772 1428 collata
1796 1396 1829 1428 in
1856 1406 1928 1429 eum

1190 1448 1285 1481 finem
1321 1449 1453 1491 egregia
1486 1449 1592 1482 studia
1625 1450 1745 1482 nedum
1776 1449 1928 1492 optatos¹

1191 1502 1310 1534 l‘ructus
1335 1508 1537 1545 consequuta
1562 1502 1703 1542 suerint,
1729 1513 1837 1545 neque
1870 1502 1930 1535 im-

1188 1556 1276 1597 pleta
1301 1556 1408 1598 ampla
1433 1555 1490 1588 illa
1515 1566 1601 1598 spes,
1628 1566 1725 1598 quam
1744 1560 1856 1588 sancta
1871 1555 1928 1588 Dei

1186 1608 1335 1641 Ecclesia
1359 1609 1575 1641 collocaverat
1607 1608 1640 1641 in
1666 1608 1855 1641 reversione
1888 1609 1927 1641 ad

1187 1662 1257 1695 eius
1286 1662 1448 1703 gremium
1474 1662 1633 1694 carissimi
1659 1661 1691 1694 in
1717 1661 1846 1695 Christo
1870 1661 1927 1695 filii

1186 1716 1287 1748 nostri
1324 1716 1461 1757 Augusti
1488 1715 1641 1748 Poloniae
1666 1715 1752 1757 regis
1781 1715 1926 1754 illustris,

1186 1769 1287 1812 ipsius
1312 1769 1469 1802 Saxoniac
1496 1769 1585 1802 ducis
1621 1779 1658 1801 ac
1693 1769 1776 1802 sacri
1802 1769 1927 1801 romani

1186 1822 1315 1865 imperii
1341 1822 1499 1865 priucipis
1517 1822 1678 1863 electoris,
1700 1827 1766 1854 tum
1785 1821 1929 1854 dilectis-

1186 1877 1260 1908 simi
1286 1876 1317 1908 in
1344 1876 1473 1909 Christo
1499 1876 1625 1919 pariter
1650 1876 1707 1909 [ilii
1733 1875 1832 1908 nostri
1860 1875 1927 1907 Fri-

1186 1930 1284 1962 derici
1304 1930 1440 1972 Augusti
1466 1929 1567 1971 regii²
1585 1929 1738 1962 Poloniae
1760 1934 1791 1961 et
1812 1930 1927 1962 electo-

1187 1983 1263 2015 ralis
1274 1983 1433 2016 Saxoniae
1448 1983 1605 2026 principis
1623 1983 1688 2015 nati
1706 1982 1766 2020 sul,
1785 1993 1848 2025 qua
1863 1982 1924 2015 sibi

1186 2037 1405 2079 pollicebatur
1439 2037 1578 2069 futurum
1610 2041 1646 2068 ut
1675 2036 1792 2078 reliqui
1825 2035 1926 2078 incly-

1185 2095 1235 2122 tae
1254 2090 1364 2132 stirpis
1390 2090 1551 2122 Saxoniae
1570 2089 1736 2132 principes
1753 2099 1789 2121 ac
1812 2089 1925 2131 populi

1185 2143 1286 2185 ipsius
1316 2144 1450 2175 duratus
1481 2148 1692 2175 monstratam
1718 2142 1757 2174 ab
1783 2142 1821 2174 iis
1842 2142 1924 2174 viam

1185 2196 1322 2229 feliciter
1358 2197 1491 2235 inirent,
1529 2207 1567 2228 ac
1602 2195 1695 2227 sicuti
1732 2194 1922 2227 Saxonicam

1184 2249 1314 2282 domum
1340 2250 1371 2282 in
1397 2249 1527 2282 haeresi
1553 2248 1779 2291 amplectenda
1810 2253 1841 2280 et
1877 2248 1925 2279 Γο-

1183 2304 1286 2336 venda
1310 2303 1387 2336 olim
1413 2303 1545 2346 sequuti
1582 2303 1711 2335 fuerant
1735 2306 1898 2335 errantem
1914 2328 1922 2340 ‚

1183 2358 1227 2390 ita
1252 2362 1468 2400 sequerentur
1491 2355 1754 2398 respicientem⁸‚
1779 2365 1812 2388 re
1831 2365 1924 2388 accu-

1183 2416 1251 2443 rate
1277 2412 1440 2453 perpensa
1464 2409 1580 2442 merito
1605 2409 1861 2441 dubitaverimus
1890 2408 1922 2440 id

1182 2463 1299 2496 exinde
1324 2462 1518 2505 praesertim
1542 2462 1730 2505 provenire,
1751 2461 1838 2504 quod
1854 2461 1923 2504 ple-

1182 2518 1275 2559 rique
1302 2527 1398 2559 aegre
1425 2516 1541 2549 adduci
1577 2516 1706 2548 valeant
1741 2515 1781 2547 ad
1818 2514 1922 2547 dimit-

1215 2597 1228 2623 1
1252 2596 1322 2622 Edit.
1343 2596 1422 2622 Maia.
1445 2595 1510 2631 legit
1528 2598 1641 2631 optatus
1660 2598 1699 2629 (u.
1713 2595 1763 2628 τ.).

1216 2642 1231 2667 ⁹2
1251 2641 1365 2667 Videtur
1384 2640 1531 2675 legendum
1550 2640 1628 2674 reyis
1649 2639 1685 2673 (u.
1701 2639 1750 2670 ¹13).

1215 2686 1231 2711 3
1251 2685 1362 2712 Videtur
1381 2684 1526 2717 legendum
1545 2684 1774 2718 rescipiscentem
1795 2682 1833 2718 (n.
1847 2682 1897 2716 ¹12).

1937 287 1988 314 An.
2003 287 2033 313 C.
2057 287 2129 316 1732

1193 329 1366 370 Ecclesiae,
1403 343 1440 364 ac
1463 333 1606 366 universi
1641 333 1795 366 dominici
1827 334 2129 396 gregisgsssssmni'ssffic'
