2182 3137
73 253 123 282 An,
143 253 173 281 C.
190 252 257 280 1733

93 1116 214 1139 clausulae.

888 249 1029 274 CLEMENS
1053 250 1096 275 ΧΠ
1120 252 1168 276 ΡΡ.

264 299 461 334 inviolabilis
489 299 686 344 apostolicae
715 298 872 332 firmitatis
902 299 1003 332 robur

264 354 432 387 adiieimus
451 381 458 395 ,
486 364 521 386 ac
553 363 666 387 omnes
699 357 730 386 et
761 352 906 395 singulos
940 357 1002 384 tam

263 407 341 440 iuris
357 418 450 451 quam
465 407 537 440 sacti
553 412 583 439 et
597 406 837 439 solemnitatum
852 416 1003 449 quarum-

263 470 410 503 cumque,
429 465 494 493 tam
521 470 556 493 ex
584 460 662 492 iuris
679 459 858 492 eommunis
876 464 906 491 et
926 469 1002 491 con-

262 513 427 547 stitutione
452 512 641 557 apostolica¹
662 513 882 556 praescripto,
907 523 1001 556 quam

261 567 340 600 alias
374 567 622 611 quomodolibet
657 567 690 600 in
722 566 883 599 similibus
908 566 1001 598 etiam

262 621 301 653 de
326 620 523 654 necessitate
549 620 842 660 observandarum,
868 624 898 652 et
922 618 1001 652 alios

261 673 427 717 quoslibet
452 674 547 707 etiam
579 674 729 707 formales
756 679 787 706 et
811 672 1002 705 substantia-

260 728 307 761 les
334 727 477 760 desectus
495 754 502 768 ,
529 728 554 760 si
580 728 633 771 qui
659 727 691 760 in
716 726 902 770 praemissis
920 754 927 766 ,
952 727 1000 759 vel

262 791 373 814 eorum
392 781 531 824 aliquo&
547 781 773 825 principaliter
789 781 840 813 vel
855 791 1001 814 accesso-

261 833 307 867 rie
330 839 385 866 aut
402 834 480 867 alias
500 834 611 877 quovis
630 835 727 867 modo
746 833 1000 876 intervenerint,

261 897 317 920 seu
341 887 550 921 intervenisse
578 887 653 928 dici,
680 887 808 921 censeri
835 888 884 921 vel
910 898 1002 930 prae-

260 940 348 974 tendi
373 946 516 985 possent,
543 941 734 984 plenissime
759 942 945 984 supplemus
970 947 1001 974 et

259 1006 420 1037 sanamus,
438 1007 473 1030 ac
493 996 625 1040 penitus
647 1001 678 1029 et
695 996 829 1030 omnino
855 996 999 1029 tollimus

259 1055 290 1084 et
314 1051 494 1084 abolemus.

302 1104 318 1148 ᾗ
341 1103 372 1137 3.
400 1104 628 1145 Decernentes‚
655 1104 784 1137 easdem
810 1109 998 1147 praesentes

260 1164 292 1193 et
315 1158 347 1191 in
374 1157 418 1191 eis
444 1163 598 1191 contenta
622 1168 844 1202 quaecumque
862 1185 869 1198 ‚
902 1157 998 1190 etiam

260 1223 296 1246 ex
322 1223 359 1246 eo
385 1211 469 1256 quod
487 1211 679 1256 quicumque
697 1211 729 1244 in
748 1211 932 1255 praemissis
953 1211 999 1244 in-

259 1272 382 1300 teresse
408 1266 575 1306 habentes,
594 1276 651 1299 seu
678 1265 798 1299 babere
820 1265 998 1309 quomodo-

257 1320 338 1353 libet
361 1319 624 1363 praetendentes,
647 1319 708 1352 illis
733 1329 799 1352 non
825 1329 997 1352 consense-

257 1373 339 1413 rint,
357 1383 417 1406 nec
442 1372 481 1405 ad
506 1383 543 1406 ea
567 1373 668 1406 vocati
695 1378 726 1406 et.
750 1372 865 1413 auditi,
891 1383 996 1416 neque

257 1437 390 1468 causae,
418 1431 552 1470 propter
588 1438 666 1471 quas
701 1432 887 1470 praesentes
914 1437 997 1460 ema-

256 1481 382 1520 narint,
408 1481 585 1521 adductae,
606 1480 806 1524 specificatae
832 1485 863 1513 et
884 1478 995 1514 iustiti-

257 1539 345 1568 catae
371 1534 508 1574 suerint,
540 1540 595 1567 aut
626 1545 662 1568 ex
699 1534 760 1568 alia
792 1544 995 1578 quacumque

257 1589 367 1629 causa,
387 1594 554 1632 praetextu
574 1592 604 1622 et
628 1589 744 1632 capite,
764 1588 858 1621 etiam
875 1588 907 1620 in
925 1598 996 1621 eor-

256 1653 336 1686 pore
355 1642 432 1675 iuris
451 1643 570 1682 clauso,
587 1643 681 1676 etiam
697 1643 836 1676 enormis
855 1647 886 1676 et
900 1652 995 1675 enor-

255 1696 418 1730 missimae
443 1701 475 1729 et
500 1695 799 1737 totalDlaesionis,
820 1697 911 1729 nullo
937 1705 996 1728 un-

257 1761 351 1795 quam
373 1755 519 1794 tempore
539 1750 577 1784 de
595 1750 815 1793 subreptionis
835 1751 882 1783 vel
900 1749 995 1782 obre-

255 1804 376 1848 ptionis
411 1809 464 1837 aut
495 1803 654 1837 nullitatis
687 1803 780 1844 vitio,
807 1813 862 1836 seu
884 1802 994 1847 {inten-

256 1857 354 1891 tionis
385 1863 513 1891 nostrae
540 1863 595 1890 aut
619 1857 779 1891 interesse
805 1857 993 1890 habentium

256 1913 444 1952 consensus,
470 1911 575 1945 aliove
600 1911 758 1955 quolibet,
782 1911 877 1945 etiam
896 1922 993 1955 quan-

256 1965 371 1999 tumvis
406 1965 533 1999 formali
570 1970 602 1998 et
636 1965 839 1999 substantiali
865 1965 993 1999 defectu

255 2019 374 2059 notari,
400 2019 600 2062 impugnari,
624 2019 778 2062 infringi,
805 2020 991 2061 retraetari,

255 2074 294 2107 ad
321 2072 476 2106 terminos
512 2071 590 2105 iuris
616 2073 747 2113 reduci,
774 2083 833 2106 seu
858 2073 890 2106 in
917 2084 994 2107 con-

254 2127 444 2161 troversiam
482 2126 611 2167 vocari,
640 2132 696 2159 aut
730 2127 884 2160 adversus
920 2127 991 2161 illas

254 2180 445 2225 aperitionis
457 2179 756 2220 oris,restitutionis
772 2181 804 2213 in
819 2181 989 2223 integrum,

253 2235 380 2269 aliudve
406 2235 634 2278 quodcumque
667 2235 748 2268 iuris
781 2240 812 2268 et
844 2235 918 2268 sacti
942 2237 991 2270 vel

253 2291 374 2333 gratiae
411 2289 591 2322 remedium
626 2288 781 2322 intentari
813 2289 864 2322 vel
890 2289 992 2334 impe-

253 2344 330 2376 trari
347 2370 354 2383 ,
379 2353 435 2376 seu
473 2343 667 2387 impetrato,
693 2354 730 2376 ac
756 2343 852 2376 etiam
878 2348 988 2385 motu,

252 2397 386 2431 scientia
404 2402 435 2430 et
451 2397 619 2440 potestatis
638 2397 842 2440 plenitudine
861 2397 991 2441 paribus

252 2461 408 2485 concesso
433 2451 483 2484 vel
509 2456 669 2493 emanato,
688 2451 874 2495 quempiam
892 2451 923 2484 in
942 2452 990 2485 iu-

252 2504 336 2538 dicio
361 2504 411 2537 vel
437 2508 526 2537 extra
550 2504 629 2537 illud
654 2504 716 2547 uti,
735 2515 792 2537 seu
819 2515 852 2538 se
877 2505 988 2540 iuvare

250 2568 360 2602 posse,
387 2557 445 2591 sed
469 2558 556 2601 ipsas
579 2563 767 2601 praesentes
791 2558 915 2592 litteras
940 2559 988 2592 fir-

287 2630 298 2656 1
317 2628 419 2656 Forsan
432 2628 646 2656 constitutionis
660 2629 834 2663 apostolicae
848 2631 887 2662 (a.
902 2629 952 2665 τ.).

284 2674 300 2701 2
320 2673 391 2701 Edit.
411 2673 491 2700 Main.
513 2672 579 2708 legit
598 2674 694 2708 aliqui
715 2675 755 2707 (n.
771 2674 821 2710 r).

318 2728 400 2758 Bull.
414 2729 498 2759 Rom.
513 2743 547 2750 —
568 2729 628 2757 Vol.
644 2728 754 2758 XXIII.
899 2729 933 2758 63

1045 310 1124 341 mas,
1142 300 1264 334 validas
1282 305 1314 334 et
1331 301 1476 335 efficaces
1493 302 1632 335 existere
1654 307 1686 335 et
1703 302 1785 344 sore,

1046 364 1186 398 suosque
1213 355 1378 398 plenarios
1411 360 1442 389 et
1475 356 1620 399 integros
1654 355 1790 390 effeetus

1046 407 1152 439 sortiri
1179 413 1211 441 et
1231 401 1389 449 obtinere,
1407 419 1443 441 ao
1460 408 1536 449 iltis,
1557 409 1594 442 ad
1614 420 1696 452 quos
1716 420 1790 453 spe-

1046 463 1110 492 ctat
1135 465 1167 493 et
1190 471 1250 504 pro
1276 466 1423 504 tempore
1449 462 1616 505 spectabit,
1635 462 1666 495 in
1686 463 1790 496 omni-

1046 514 1104 546 bus
1126 519 1157 546 et
1181 524 1239 557 per
1264 515 1372 547 omnia
1396 515 1586 558 plenissime
1604 515 1787 559 suffragari,

1047 566 1155 610 sicque
1181 567 1214 600 in
1249 568 1434 611 praemissis
1471 580 1530 612 per
1567 580 1789 614 quoscumque

1046 619 1169 652 iudices
1194 620 1378 654 ordinarios
1416 626 1446 654 et
1482 622 1664 665 delegatos,
1692 624 1788 656 etiam

1047 683 1214 706 causarum
1251 675 1361 717 palatii
1389 676 1559 718 apostolici
1593 677 1786 718 affiniores,

1047 737 1082 759 ac
1100 727 1287 770 praedictae
1308 727 1339 760 S.
1359 727 1397 761 R.
1416 728 1450 761 E.
1472 730 1694 769 camerarium,
1714 741 1788 764 nec·

1046 790 1111 813 non
1136 780 1289 814 Gamerae
1314 787 1446 814 nostrae
1464 782 1669 825 Apostolicae
1694 794 1788 827 prae-

1047 834 1189 867 sidentes
1216 834 1364 876 clericos,
1387 835 1626 869 thesaurarium
1653 848 1787 880 genera-

1046 889 1120 929 lem,
1146 894 1339 933 ceterosque
1367 890 1520 924 officiales
1555 896 1586 923 et
1609 891 1786 931 ministros,

1045 953 1131 975 nunc
1149 948 1180 976 et
1197 953 1256 986 pro
1276 948 1424 987 tempore
1450 944 1633 985 existentes,
1661 945 1788 978 sublata

1046 996 1092 1030 eis
1117 1001 1149 1030 et
1173 1007 1288 1030 eorum
1314 997 1449 1031 cuilibet
1474 998 1585 1042 quavis
1618 998 1713 1032 aliter
1738 998 1787 1031 iu·

1045 1051 1174 1084 dicandi
1200 1056 1232 1084 et
1256 1051 1489 1095 interpretandi
1515 1052 1666 1086 facultate
1685 1058 1716 1086 et
1733 1063 1787 1086 au-

1044 1104 1211 1146 ctoritate,
1237 1104 1373 1138 iudicari
1412 1110 1443 1138 et
1480 1105 1608 1139 definiri
1642 1107 1783 1147 debere,

1044 1167 1080 1190 ae
1103 1157 1230 1190 irritum
1257 1163 1288 1190 et
1313 1158 1409 1192 inane
1442 1159 1468 1192 si
1495 1169 1586 1192 secus
1612 1170 1709 1203 super
1734 1160 1785 1192 his

1044 1223 1060 1245 a
1086 1223 1260 1256 quoquam,
1283 1213 1394 1256 quavis
1421 1214 1621 1254 auctoritate,
1644 1214 1785 1248 scienter

1043 1267 1092 1299 vel
1117 1266 1313 1308 ignoranter,
1340 1267 1514 1310 contigerit
1538 1267 1701 1301 attentari.¹

1086 1319 1100 1362 ξ
1125 1319 1157 1352 4.
1184 1319 1252 1352 Non
1271 1319 1476 1353 obstantibus
1497 1321 1784 1355 constitutionibus

1042 1378 1073 1406 et
1113 1373 1377 1407 ordinationibus
1418 1375 1621 1418 apostolicis,
1654 1386 1783 1410 necnon

1041 1426 1192 1460 omnibus
1207 1433 1238 1460 et
1252 1428 1390 1470 singulis
1409 1439 1491 1472 quae
1509 1428 1541 1461 in
1558 1429 1782 1473 chirographo

1042 1480 1243 1524 praeinserto
1267 1481 1352 1515 idem
1370 1483 1566 1516 Benedictus
1592 1484 1785 1527 praedeces—

1041 1545 1095 1568 sor
1117 1540 1229 1568 noster
1253 1536 1354 1569 voluit
1378 1546 1445 1569 non
1471 1536 1618 1578 obstare,
1647 1538 1783 1571 ceteris-

1041 1600 1102 1633 que
1128 1589 1301 1622 contrariis
1329 1591 1602 1634 quibuscumque.

1083 1643 1197 1676 Datum
1212 1643 1344 1684 Romae,
1361 1645 1446 1688 apud
1471 1644 1503 1677 S.
1530 1645 1663 1678 Mariam
1689 1646 1783 1679 Maio-

1041 1707 1119 1737 rem,
1149 1697 1207 1730 sub
1228 1698 1350 1730 annulo
1369 1697 1549 1739 Piscatoris,
1575 1699 1626 1732 die
1655 1710 1686 1733 xi
1706 1700 1781 1733 maii

1040 1761 1235 1791 iimccxxxm,
1263 1751 1471 1795 pontificatus
1496 1753 1598 1785 nostri
1624 1763 1709 1787 anno
1731 1763 1778 1787 111.

1074 1814 1134 1842 Dat.
1156 1814 1200 1842 die
1222 1816 1250 1841 Η
1274 1814 1337 1841 maii
1359 1814 1444 1848 1733,
1467 1815 1568 1850 pontif.
1589 1823 1662 1842 anno
1683 1823 1723 1843 111.

1334 1867 1368 1900 F.
1397 1868 1482 1901 card.
1508 1868 1690 1903 Omvamrs.

1363 2020 1454 2055 XCII.

1035 2091 1192 2125 Facultas
1215 2101 1303 2125 nunc
1327 2096 1355 2125 et
1378 2103 1437 2136 pro
1464 2096 1602 2138 tempore
1626 2094 1778 2128 existenti

1079 2145 1224 2189 qenerali
1245 2144 1379 2179 Ordinis
1395 2147 1537 2189 fratrum
1553 2148 1659 2180 sancti
1674 2148 1706 2181 F
1705 2159 1777 2181 ran-

1079 2200 1155 2233 cisci
1185 2199 1222 2232 cle
1257 2199 1368 2233 Paula
1401 2200 1617 2234 Illz'nimorum
1648 2212 1776 2236 mmcu-

1077 2258 1231 2298 palorum
1259 2254 1404 2297 eriqendi
1428 2258 1456 2287 et
1482 2256 1685 2299 aqqreqandi
1707 2267 1777 2290 eon-

1079 2308 1299 2351 fralerm'lates
1341 2308 1399 2340 sub
1442 2308 1705 2343 denominatione
1748 2315 1776 2344 et

1079 2362 1229 2395 instituto
1253 2361 1286 2395 S.
1306 2361 1476 2395 Francisci
1494 2362 1531 2395 dc
1551 2363 1672 2403 Paula,
1692 2364 1776 2398 iltis-

1078 2426 1140 2460 [μισ
1164 2415 1427 2449 communicandi
1451 2416 1686 2460 indulqentz'as.

1237 2495 1371 2523 Clemens
1392 2496 1474 2531 Papa
1493 2496 1562 2532 XII,

1172 2541 1209 2568 ad
1230 2541 1367 2569 futuram
1385 2542 1433 2570 rei
1454 2542 1642 2571 memoriam.

1076 2613 1317 2658 Omnipotentis
1354 2614 1410 2648 Dei
1444 2616 1614 2650 salvatoris
1650 2618 1770 2660 nostri,

1032 2667 1087 2712 qui
1124 2678 1162 2702 ex
1198 2668 1328 2712 pietatis
1363 2679 1439 2705 suae
1474 2671 1773 2715 superabundantia

1688 243 1753 278 497
1800 253 1849 280 An.
1871 253 1899 281 c.
1920 253 1986 282 1733

1821 1329 1978 1352 Contrariorum

1796 1357 1912 1383 derogatio.

1811 2624 1932 2647 Exordium.
