2182 3137
34 238 86 263 An.
106 238 136 262 C.
160 237 228 263 1732

61 2277 110 2298 Acta
121 2277 140 2299 in
150 2278 217 2299 arem-

40 2304 75 2324 vio
81 2304 217 2326 observanda.

850 237 993 261 CLEMENS

311 285 409 316 Finito
424 286 579 322 scrutinio,
594 286 704 315 electus
717 285 898 322 hegumenus
911 294 977 324 pro-

231 333 380 373 mulgatur
402 334 438 364 ab
457 334 561 364 abbate
577 334 719 372 generali,
736 338 797 367 aut,
815 342 849 362 eo
871 332 976 362 absen-

231 387 268 418 te,
293 391 307 411 a
331 382 458 421 digniori
480 392 515 412 ex
537 382 697 420 vocalibus,
722 383 750 411 in
771 382 841 411 haec
865 381 973 411 verba:

309 431 463 461 Reuerendi
481 435 585 470 patres.
603 431 687 460 Facta
706 432 906 470 suffragiorum
921 430 975 460 col-

230 480 351 515 latione,
373 480 529 509 invenimus
550 481 679 509 maiorem
700 484 808 518 partem
829 488 975 516 congrega-

228 528 311 557 tionis
331 533 440 557 nostrae
458 529 602 557 convenire
624 529 651 557 in
674 528 804 556 electione
831 528 974 556 reverendi

227 577 317 615 patris
348 576 383 607 N.
418 576 480 606 Ideo
511 578 620 606 nomine
650 578 732 606 totius
760 577 974 614 congregationis

229 630 337 655 nostrae
351 650 358 664 ,
381 630 408 655 et
426 629 558 665 potestate
591 636 607 654 α
640 626 713 655 vobis
735 625 804 655 mihi
826 627 971 660 concessa,
993 641 995 665 3

228 676 383 714 pronuncio
411 679 436 704 et
464 674 573 704 declaro
599 674 778 704 reverendum
805 679 913 714 patrem
935 674 971 704 N.

229 724 345 753 electum
365 724 454 763 fuisse
475 727 500 752 et
520 733 577 752 esse
599 723 790 762 hegumenum.

310 772 405 802 Addat
426 773 455 802 in
479 772 536 802 fine
561 773 685 811 primunt
699 796 706 809 ‚
726 772 874 801 secundum
887 795 895 809 ‚
919 776 973 801 ter·
993 795 994 810 ¹

230 824 300 852 tium
323 823 367 852 vel
389 826 538 861 quartum,
562 822 643 851 iuxta
665 821 900 860 uniuscuiusque
923 821 974 851 he-

231 872 349 910 gumeni
371 871 480 900 locum.

310 920 496 958 Hegumenus
518 918 629 948 electus
651 918 750 949 abbati
773 919 902 957 generali
925 929 975 958 ge-

230 969 392 1006 nuflectat,
416 968 538 1007 eiusque
560 977 680 997 manum
713 967 913 1005 deosculatus,
937 968 973 998 ad

228 1018 376 1048 dexteram
394 1017 488 1056 ipsius
504 1017 549 1046 vel
565 1017 718 1046 sinistram
741 1017 823 1046 iuxta
839 1017 972 1047 ordinem

229 1076 315 1097 suum
338 1066 436 1097 stabit.
454 1066 553 1096 Abbas
575 1076 643 1096 vero
665 1066 812 1103 generalis
831 1067 913 1096 illum
937 1066 972 1096 ad
993 1085 995 1089 ·

228 1117 363 1147 osculum
385 1116 531 1153 admittet,
547 1115 633 1154 eique
656 1115 786 1154 sigillum
803 1116 893 1145 officii
915 1120 974 1146 tra-

228 1167 287 1197 det.
304 1166 377 1196 Tum
396 1166 502 1195 fratres
524 1165 604 1194 iuxta
627 1165 760 1194 ordinem
783 1175 881 1202 suum,
898 1166 973 1195 facta

229 1216 311 1256 prius
333 1215 439 1253 altari,
463 1215 569 1245 deinde
598 1215 696 1245 abbati
719 1215 850 1253 generali
872 1220 900 1245 et
922 1215 974 1244 he·
994 1238 995 1243 ,

228 1265 363 1304 gumenis
385 1269 470 1294 antea
493 1264 605 1302 electis,
623 1268 672 1293 aut
695 1264 723 1293 in
747 1264 844 1293 officio
866 1264 974 1294 confir-

229 1315 327 1352 matis,
351 1313 530 1350 reverentia,
555 1323 654 1343 coram
683 1313 847 1351 hegumeno
869 1323 973 1343 recens
993 1339 995 1349 ,

228 1364 321 1394 electo
344 1363 586 1402 genuflectentes,
611 1372 729 1392 manum
753 1363 815 1392 eius
838 1363 974 1392 osculan-

230 1419 287 1444 tur.
308 1414 471 1453 Hegumeni
494 1423 562 1443 vero
585 1418 680 1449 antea,
698 1418 729 1443 ut
751 1423 850 1452 supra,
874 1413 971 1449 electi,
993 1452 994 1456 Ἰ

229 1463 371 1502 collegam
394 1472 479 1493 suum
503 1467 569 1502 post
591 1463 670 1502 ipsos
692 1463 818 1492 electum
841 1463 876 1492 ad
893 1463 973 1502 pacis
993 1475 995 1509 ξ

229 1513 362 1543 osculum
388 1512 561 1547 admittant;
585 1512 609 1542 si
632 1512 813 1550 hegumenus
836 1512 972 1542 sacerdos
992 1519 995 1585 1

229 1572 287 1593 non
310 1562 410 1601 fuerit,
433 1562 497 1592 sola
520 1562 599 1601 pacis
621 1562 839 1601 apprecafione,
863 1562 973 1592 omissa
993 1587 994 1597 ,

229 1612 446 1650 genuflexione,
469 1611 675 1641 honorabitur.
992 1612 995 1649 ᾗ

270 1669 329 1690 xlx.
346 1660 440 1690 Penes
462 1660 718 1698 congregationem
742 1660 909 1698 generalem
928 1665 972 1690 est
991 1653 994 1705 i

228 1708 363 1739 abbatem
387 1708 553 1747 generalem
573 1708 759 1745 confirmare,
790 1709 831 1737 vel
863 1718 971 1738 novum
992 1725 994 1741 2

228 1758 359 1797 eligere:
395 1758 628 1796 hegumenorum
659 1758 769 1798 pariter
800 1749 994 1802 potestatem}

229 1816 388 1847 prorogare
411 1811 461 1837 aut
483 1806 636 1845 abrogare,
653 1807 715 1836 sive
738 1807 880 1846 quosdam
903 1817 973 1837 con·
991 1803 993 1841 ἕ

231 1857 370 1895 firmare,
393 1861 422 1886 et
454 1856 526 1886 alios
558 1856 593 1885 de
625 1865 700 1886 novo
733 1856 853 1894 eligere.
887 1857 970 1893 Nam,

230 1916 331 1936 omnes
366 1906 454 1935 simul
485 1905 647 1944 eodemque
680 1910 811 1945 tempore
844 1911 970 1945 mutare,

231 1956 328 1986 minus
349 1955 486 1995 expedire
510 1955 635 1994 videtur,
663 1961 694 1985 ut
717 1956 856 1986 nimirum
880 1966 972 1986 novus

230 2006 413 2044 hegumenus
435 2014 450 2034 a
473 2009 611 2034 veterano
629 2005 795 2035 rudimenta
819 2006 886 2035 novi
910 2007 971 2035 offi-

229 2055 267 2084 cii
290 2055 395 2094 capiat.
418 2054 447 2084 Si
470 2064 556 2089 vero,
580 2055 699 2084 attentis
721 2054 970 2091 circumstantiis,

228 2112 314 2133 secus
336 2103 483 2141 agendum
501 2102 678 2132 electoribus
695 2102 723 2132 in
740 2103 861 2133 Domino
877 2104 971 2134 visum

229 2152 328 2189 suerit,
353 2152 387 2181 ad
410 2151 542 2181 omnium
564 2151 651 2181 etiam
669 2152 900 2190 hegumenornm
924 2154 972 2183 (le-

228 2201 404 2241 positionem
428 2205 489 2230 tuto
512 2201 683 2239 procedent.

268 2259 317 2280 xx.
335 2249 518 2279 secretarius
533 2250 780 2287 congregationis,
803 2254 860 2279 tam
883 2260 970 2287 gene-

228 2299 299 2329 ralis
315 2298 428 2329 abbatis
443 2307 530 2337 quam
548 2298 778 2336 hcgumenoruni
796 2298 969 2329 electionem

228 2348 257 2378 in
291 2352 353 2377 actu
387 2348 515 2383 referat,
540 2356 630 2386 qnae,
655 2347 921 2387 subscriptioniluis
944 2360 971 2378 o-

229 2397 340 2426 mnium
365 2396 507 2425 vocalium
532 2396 658 2433 firmata,
677 2397 703 2426 in
724 2397 854 2427 archivio
877 2408 971 2428 asser-

228 2450 344 2475 ventur.

308 2494 446 2524 Absoluta
463 2498 588 2532 quatuor
603 2494 835 2532 hegumenorum
853 2496 972 2526 electio-

228 2551 276 2581 ne,
295 2543 412 2572 divinae
434 2543 579 2572 maiestati
601 2544 713 2581 gratiae
736 2545 866 2582 agendae
888 2550 968 2576 sunt.

226 2590 369 2626 Quocirca
403 2590 492 2620 abbas
525 2592 671 2629 generalis
700 2602 766 2622 cum
797 2593 970 2631 hegumenis

227 2644 256 2669 et
279 2639 414 2669 omnibus
439 2639 570 2679 patribus
595 2640 743 2670 vocalibus
765 2646 833 2671 unte
856 2647 969 2681 portam

321 2700 398 2725 teutt.
419 2700 497 2726 Rom.
518 2715 551 2719 ——
574 2700 635 2725 Vol.
653 2700 758 2727 XXIII.
905 2701 939 2728 47

1019 239 1060 261 xn
1088 240 1135 262 rr.

1018 286 1141 316 mediam
1164 287 1265 317 altaris
1287 289 1418 327 procidat
1448 289 1477 318 in
1507 299 1617 327 genua,
1648 289 1760 329 primus

1017 334 1091 373 ipse,
1108 335 1213 366 deinde
1228 342 1355 376 quatuor
1377 338 1545 377 hegumeni,
1564 348 1630 368 mox
1652 338 1759 378 reliqui

1016 388 1096 412 iuxta
1129 385 1262 415 ordinem
1296 396 1391 416 suum.
1423 387 1496 417 Tum
1528 388 1651 428 incipiat
1682 388 1758 430 psal-

1017 440 1096 461 mum
1120 441 1236 471 cxu'm,
1260 435 1383 474 reliquis
1402 436 1480 466 hunc
1496 441 1523 466 et
1538 437 1611 466 duos
1633 446 1758 476 sequen-

994 498 996 509 .
1016 484 1058 509 tes
1082 482 1210 520 psalmos
1232 483 1400 513 alternatim
1422 485 1618 516 canentibus:

1094 529 1216 560 Laudate
1231 531 1379 561 Dominum
1394 534 1426 562 de
1443 534 1548 564 caetis:
1571 535 1681 564 laudate
1697 545 1758 564 eum

1014 577 1044 606 in
1066 578 1193 615 ezcelsz‘s,
1217 584 1274 609 eto.

1094 626 1205 662 Quibus
1227 629 1330 667 finitis,
1347 639 1502 669 assurgens
1527 632 1617 662 abbas
1639 642 1761 671 genera-

993 705 994 710 *
1015 672 1064 712 lis,
1088 680 1227 716 stansque
1249 678 1278 707 in
1302 681 1385 717 porta
1409 680 1516 718 media,
1542 691 1700 712 conversus
1723 683 1758 712 ad

992 725 995 759 ξ
1014 725 1117 763 altare,
1140 725 1282 755 fratribus
1298 727 1475 766 genuflexis,
1499 735 1670 768 sequentem
1694 740 1760 770 pre-

1015 775 1160 804 cationem
1183 775 1319 805 recitabit
1334 786 1340 805 z

1096 823 1207 853 Gratias
1228 825 1335 862 agimus
1350 825 1410 861 tibi,
1428 826 1500 855 Deus
1516 830 1617 865 noster,
1638 828 1760 857 Trinitas

1014 874 1197 907 sanctissima,
1221 873 1314 908 Pater,
1336 878 1363 903 et
1385 875 1464 912 Fili,
1494 879 1520 904 et
1541 875 1666 915 Spiritus
1687 877 1759 907 San-

1015 926 1055 950 cte
1066 933 1077 955 ,·
1100 923 1240 960 qnoniam,
1263 924 1335 952 sicut
1356 923 1390 952 ad
1411 928 1489 953 tuum
1512 934 1559 953 nos
1584 925 1758 963 peculiarem

993 998 994 1003 ,
1014 970 1182 1009 famulatum
1200 973 1384 1011 assumpsisti,
1402 977 1482 1011 atque
1504 974 1534 1003 in
1555 974 1658 1003 sanctis
1672 974 1759 1003 taber—

1017 1019 1124 1049 naculis
1154 1021 1210 1049 tuis
1238 1020 1393 1059 collocasti,
1421 1023 1578 1061 fratresque
1598 1023 1629 1052 in
1656 1024 1761 1061 spiritu

1015 1069 1172 1097 coniunctos
1207 1070 1325 1108 effecisti
1355 1074 1380 1099 et
1412 1071 1578 1100 constituisti
1606 1072 1637 1100 in
1672 1077 1760 1101 monte

1014 1116 1092 1152 Sion,
1117 1119 1164 1156 qui
1186 1123 1224 1147 est
1245 1119 1390 1157 religiosus
1412 1125 1498 1149 status
1511 1145 1518 1155 ‚
1540 1130 1645 1159 ponens
1661 1130 1760 1157 pacem

1014 1167 1082 1205 fines
1102 1177 1182 1205 suos,
1206 1178 1338 1207 muroque
1364 1170 1551 1199 circumdatus
1579 1170 1757 1205 obedientiae,

1014 1217 1147 1246 castitatis
1169 1222 1193 1246 et
1217 1217 1389 1247 voluntariae
1408 1220 1602 1258 paupertatis,
1626 1229 1678 1258 quo
1699 1230 1760 1259 spe-

1014 1264 1149 1293 ctaculum
1171 1266 1300 1304 fieremus
1321 1267 1427 1305 angelis
1459 1272 1484 1296 et
1516 1267 1669 1297 hominibus
1685 1292 1692 1306 ,
1720 1269 1760 1297 ita

1015 1313 1093 1343 hodie
1106 1315 1198 1352 qratia
1221 1316 1268 1343 tua
1291 1316 1430 1345 innovasti
1452 1316 1607 1354 vinculum,
1624 1327 1676 1356 quo
1697 1318 1761 1346 iun-

993 1363 1106 1400 :9imur
1138 1363 1277 1393 dilectioni
1303 1368 1383 1402 tuae,
1412 1375 1512 1404 nosque
1534 1367 1562 1395 in
1586 1367 1760 1396 hierarchias

1014 1416 1039 1440 et
1060 1412 1155 1441 choros
1177 1414 1206 1442 in
1229 1414 1443 1444 similitudinem
1468 1415 1630 1452 unqelorum
1659 1416 1759 1445 distin-

1013 1462 1081 1490 xisti*
1103 1463 1138 1491 att
1159 1463 1248 1501 officia
1269 1465 1419 1494 ministerii
1440 1466 1483 1493 tui
1504 1466 1533 1493 in
1553 1465 1687 1504 paradiso
1713 1465 1759 1495 do-

1015 1520 1075 1539 mus
1103 1516 1185 1549 tuae,
1211 1522 1288 1550 quem
1314 1512 1449 1551 plantasti
1475 1513 1567 1551 nobis,
1591 1518 1617 1543 et
1648 1515 1678 1543 in
1707 1524 1759 1553 quo

1014 1569 1062 1588 nos
1084 1559 1230 1594 collocasti,
1254 1565 1283 1589 ut
1304 1571 1338 1590 erc
1359 1562 1450 1590 eodem
1470 1564 1581 1600 fructus
1602 1564 1674 1592 vitae
1690 1573 1759 1599 per-

1012 1610 1100 1647 fectae
1127 1609 1285 1646 coltiyeres,
1321 1620 1422 1648 nosque
1452 1610 1532 1639 illum
1554 1621 1756 1650 operaremur,

1014 1658 1213 1697 beneplacitum
1235 1663 1313 1688 tuum
1332 1660 1517 1699 perficientes,
1541 1665 1565 1689 et
1586 1661 1698 1691 divinae
1712 1671 1759 1691 vo-

1013 1707 1116 1749 luntati
1130 1712 1192 1737 tuae
1207 1708 1395 1747 obsequentes,·
1412 1713 1437 1738 et
1453 1719 1536 1747 nunc,
1548 1709 1662 1739 Domine
1672 1710 1757 1749 Deus,

1014 1762 1092 1786 tuere
1114 1768 1178 1791 nos,
1211 1762 1236 1787 et
1270 1758 1375 1787 custodi
1406 1759 1513 1787 vineam
1547 1760 1643 1794 istam,
1676 1770 1758 1799 quam

1011 1806 1147 1844 plantasti
1167 1807 1281 1836 dextera
1303 1808 1362 1845 tua,
1387 1812 1413 1836 et
1436 1808 1544 1836 domum
1567 1813 1642 1837 tuam
1664 1809 1759 1848 aedifi-

1013 1865 1054 1888 ca,
1079 1865 1160 1893 quam
1183 1857 1284 1885 virtute
1305 1859 1353 1885 tuti
1376 1857 1502 1895 fundasti
1514 1868 1524 1890 ,·
1552 1858 1616 1895 quia
1639 1858 1694 1886 nisi
1715 1863 1755 1894 tu,

1014 1904 1140 1940 Domine,
1157 1905 1344 1944 aedificaveris
1366 1906 1487 1940 domurn,
1505 1909 1614 1944 frustra
1642 1907 1758 1945 vigilant

1013 1953 1061 1990 qui
1082 1954 1238 1982 custodiunt
1266 1964 1337 1983 eam.
1362 1954 1413 1988 Da,
1439 1954 1561 1992 Domine,
1590 1956 1756 1985 assistricem

1012 2002 1117 2030 sedium
1138 2007 1249 2031 tuarum
1271 2003 1437 2041 sapientiam
1459 2004 1508 2034 iis.
1531 2013 1596 2042 quas
1618 2004 1653 2033 (ul
1674 2006 1758 2033 utini—

1012 2052 1126 2081 sterium
1149 2052 1245 2080 <tomus
1262 2056 1325 2081 tuae
1346 2052 1461 2090 eleyistt.
1484 2052 1606 2092 Benefac
1628 2053 1714 2091 nobis,
1732 2058 1757 2082 ct

991 2104 993 2112 '
1013 2102 1094 2130 corda
1127 2105 1218 2130 nostra
1240 2102 1393 2140 sanctifica,
1424 2106 1578 2140 mentesque
1600 2107 1705 2131 nostras
1726 2104 1754 2132 in

1013 2150 1137 2188 obsequio
1161 2150 1310 2188 confirma:
1340 2151 1568 2179 intercedentibus
1590 2154 1683 2181 sancta
1705 2151 1757 2181 Dei

1010 2201 1143 2238 genitrice
1162 2201 1278 2237 t'iryine
1290 2200 1392 2234 illm-iri,
1406 2205 1430 2230 ct
1447 2201 1601 2230 beatissimo
1613 2206 1692 2240 patre
1708 2212 1755 2231 no-

1011 2253 1067 2278 stro
1088 2253 1180 2278 sancto
1197 2249 1316 2278 Antonio
1340 2258 1445 2287 magno,
1459 2253 1484 2277 et
1502 2250 1625 2278 omnibus
1640 2251 1753 2280 sanctas

1092 2298 1231 2327 Fratres:
1256 2298 1352 2326 Amen.

1092 2347 1201 2376 Deinde
1224 2346 1313 2376 abbas
1335 2347 1492 2384 generalis,
1510 2347 1585 2376 sacta
1607 2347 1691 2378 altari
1710 2358 1755 2378 re-

1013 2397 1154 2433 verentia,
1169 2397 1203 2426 ad
1218 2405 1267 2425 eos
1286 2396 1381 2425 adhuc
1398 2397 1566 2433 genuflexos
1579 2406 1752 2437 conversus,

1012 2447 1079 2476 facit
1096 2446 1309 2476 absolutionem
1327 2445 1493 2483 generalem
1512 2446 1542 2475 in
1564 2446 1634 2476 haee
1648 2446 1751 2477 verba:

1092 2495 1164 2525 Deus
1186 2496 1349 2524 misercatur
1370 2495 1453 2523 vestri
1474 2500 1499 2524 et
1525 2495 1644 2524 dimittat
1665 2496 1753 2526 debita

1010 2549 1111 2578 cestra,
1133 2548 1157 2573 et
1179 2543 1282 2573 tribuat
1304 2543 1374 2572 vobis
1395 2543 1590 2573 absolutionem
1611 2548 1636 2573 et
1658 2545 1754 2574 remis-

1009 2595 1113 2623 sionem
1135 2594 1256 2622 omnium
1276 2597 1450 2631 peccatorum
1468 2597 1629 2622 vestrorum.
1653 2593 1686 2622 In
1708 2604 1754 2623 no-

1011 2643 1083 2671 minc
1104 2644 1121 2678 †
1143 2641 1246 2679 Patris,
1264 2646 1287 2670 et
1302 2643 1320 2677 †
1338 2641 1416 2676 Filii,
1434 2646 1459 2671 et
1474 2644 1491 2678 †
1505 2642 1629 2681 Spiritus
1644 2641 1751 2672 Sancti.

1653 231 1717 265 369
1766 241 1817 267 An.
1834 241 1863 267 c.
1887 240 1957 268 ⁴732
