2182 3137
233 242 279 266 An.
297 239 325 266 C.
352 238 416 266 ¹734

246 1138 289 1158 Non
303 1137 414 1158 admitten-

235 1166 254 1184 d·
286 1171 304 1184 in
344 1165 413 1184 alieno

234 1191 415 1218 professiUrdiuo,

234 1380 292 1400 Lami
319 1380 344 1399 avt
373 1381 417 1398 sta-

235 1409 276 1426 tum
297 1406 415 1425 cteris-item

234 1439 273 1452 nun
293 1438 415 1459 protumen-

234 1460 262 1480 di.

295 2601 322 2621 De
342 2602 422 2621 nsniter

242 2628 348 2654 prvas-is.

464 229 527 262 570

427 292 542 317 ventum
578 288 747 326 filiationis,
777 288 864 318 sicuti
896 292 924 318 et
957 288 1159 319 decedentium

426 337 530 377 spolia,
555 337 638 366 modo
662 341 770 374 tamen,
790 347 846 377 quo
870 337 944 367 infra
970 346 1033 377 cap.
1058 346 1096 367 xi.

458 388 529 416 Car.
556 386 588 416 V.
613 404 648 408 -—
673 386 766 422 Quoad
789 388 903 417 novicios
925 391 949 417 el
971 387 1003 416 (Ie
1025 390 1128 417 recenti

718 439 864 476 professos.

465 496 483 516 ι.
510 487 563 515 Pro
586 485 762 515 admissione
791 486 981 525 novitiorum,
1014 497 1046 516 ac
1079 487 1162 517 emit-

427 535 514 564 tenda
537 535 728 574 professione,
752 543 912 574 eorumque
929 535 1087 574 magistris,
1102 545 1162 565 ser-

426 587 530 613 ventur
563 593 595 613 ea
627 593 701 622 quae
735 584 974 623 praescribuntur
1002 585 1031 614 in
1062 585 1161 614 nostra

426 633 525 671 regula
550 642 613 671 cap.
640 642 676 661 vn
698 636 724 662 et
747 642 790 670 ix,
815 642 847 662 ac
869 633 984 663 decreta
1007 633 1161 663 Clementis

426 682 479 711 ΙΨ.
506 681 567 711 Vlll
583 686 610 711 et
629 690 730 711 sacrae
745 681 984 721 Congregationis
1003 690 1090 721 super
1106 686 1162 711 sta-

427 735 456 760 tu
479 730 655 769 regularium
678 730 754 760 edita
776 731 829 761 sub
847 731 1011 761 Alexandro
1040 731 1092 760 l'P.
1115 730 1160 759 Vll

426 780 472 809 die
488 788 556 809 xviu
571 779 644 809 iunii
667 788 789 816 ›toumx3
813 784 841 809 et
856 780 987 820 insuper,
1005 784 1160 818 antequam

426 833 525 858 nostro
561 832 661 858 sancto
694 828 796 858 habitu
830 828 989 858 induantur
1028 829 1071 858 vel
1104 828 1160 857 iam

426 877 541 916 probati
563 878 695 907 emittant
718 878 939 917 professionem,
978 886 1081 907 vacare
1113 877 1162 906 de-

426 926 494 956 bent
516 926 664 956 exercitiis
681 926 882 965 spiritualibus
906 936 955 966 per
973 926 1070 956 decem
1088 925 1160 961 dies,

426 979 454 1005 et
476 985 575 1005 eorum
599 974 721 1014 quilibet
749 974 909 1004 obtinuisse
932 974 1066 1004 debuerit
1088 974 1163 1003 silia-

427 1025 533 1054 tionem
558 1024 681 1054 alicuius
704 1028 877 1059 conventus,
902 1028 933 1054 ut
962 1033 1049 1063 supra
1072 1027 1164 1054 statu-

427 1077 486 1102 tum
509 1077 552 1102 est
575 1082 639 1112 cap.
662 1082 689 1102 1v
712 1072 806 1111 quoad
829 1072 1024 1102 affiliationes.

465 1130 494 1151 n.
520 1121 620 1151 Nullus
643 1121 728 1151 etiam
751 1121 780 1150 in
804 1125 936 1151 nostrum
960 1121 1097 1151 Ordinem
1121 1121 1164 1150 in-

427 1170 604 1204 troducatur,
629 1171 678 1209 qui
702 1170 730 1200 in
754 1170 848 1200 alieno
868 1170 1076 1209 professionem
1094 1171 1163 1200 enii-

426 1219 514 1256 serit,
538 1219 702 1258 etquidem
735 1229 787 1249 nec
818 1219 852 1249 de
882 1219 1001 1248 licentia
1035 1219 1163 1249 ministri

427 1269 583 1307 generatis,
608 1278 673 1298 cum
697 1268 770 1298 hanc
804 1268 969 1298 facultatem
998 1268 1163 1298 huiusmodi

427 1317 620 1348 reservaverit
641 1317 827 1355 congregatio
848 1317 1004 1355 generalis.

467 1376 506 1396 ni.
525 1367 602 1396 Laici
626 1370 772 1405 nequeant
789 1366 914 1396 transire
931 1366 965 1396 ad
982 1370 1090 1396 statum
1108 1367 1165 1396 cle-

428 1416 559 1453 ricalem,
583 1419 610 1445 et
632 1416 656 1445 si
672 1415 773 1445 furtim
790 1415 899 1445 fuerint
925 1415 1016 1445 sacris
1042 1415 1162 1454 initiati,

428 1465 507 1495 omni
543 1464 670 1494 clericali
702 1464 811 1494 bonore
835 1464 1004 1503 priventur;
1037 1473 1090 1493 nec
1123 1464 1164 1494 eis

427 1514 557 1544 divinum
579 1513 707 1543 osticium
729 1513 758 1542 in
781 1513 869 1542 choro
886 1522 950 1543 cum
968 1512 1083 1542 clericis
1101 1521 1166 1551 per-

428 1563 539 1593 solvere
562 1562 759 1601 permittatur,
782 1561 831 1591 sed
865 1561 899 1591 ad
932 1561 1043 1591 laicalia
1077 1570 1164 1591 onera

428 1611 546 1641 omnino
576 1610 769 1647 reducantur3
804 1620 898 1649 neque
931 1610 1018 1640 etiam
1053 1610 1164 1639 admitti

428 1660 534 1690 debent
556 1660 590 1689 ad
620 1668 728 1689 annum
755 1659 954 1698 probationis,
990 1659 1046 1688 nisi
1080 1663 1164 1688 antea

429 1710 529 1739 saltem
553 1718 604 1748 per
626 1717 733 1737 annum
750 1708 779 1737 in
799 1708 896 1747 aliquo
919 1716 953 1737 ex
971 1707 1079 1736 nostris
1102 1716 1166 1736 coe—

428 1754 523 1788 nobiis
541 1757 708 1787 vacaverint
732 1756 870 1786 oneribus
889 1756 1041 1786 laicalibus
1064 1756 1093 1785 in
1118 1756 1166 1785 lia-

428 1807 488 1837 bitu
511 1806 721 1843 tertianorum,
746 1815 840 1844 neque
863 1814 928 1835 cum
953 1805 1052 1834 tunica
1082 1804 1165 1834 talari

428 1857 490 1886 sine
503 1855 636 1895 caputio·⁷
652 1854 742 1894 possit
756 1858 852 1884 tamen
867 1853 1055 1893 provincialis
1072 1853 1165 1893 quoad

429 1907 482 1935 hoc
505 1914 539 1935 ex
573 1905 669 1944 aliquo
702 1904 838 1944 prudenti
869 1903 977 1933 motivo
1010 1913 1075 1933 curn
1107 1903 1166 1933 illis

428 1956 608 1995 dispensare.

468 2014 505 2035 ιν.
530 2003 666 2040 Quamvis
689 2003 821 2033 affiliatio
843 2007 871 2033 et
894 2002 1056 2039 exsiliatio,
1081 2002 1166 2032 modo

429 2064 485 2094 quo
508 2063 593 2093 supra
618 2056 760 2082 statutum
781 2056 825 2082 est
841 2051 893 2082 sub
910 2053 1004 2091 capite
1027 2060 1054 2081 lv
1070 2051 1164 2091 quoad

429 2102 624 2138 affiliationes‚
650 2101 712 2130 sieri
734 2101 858 2130 debeant
889 2104 1001 2130 tantum
1024 2109 1038 2129 a
1063 2100 1165 2130 maiori

430 2156 511 2191 parte
544 2151 668 2181 filiorum
701 2154 879 2186 conventus,
910 2153 1037 2179 attamen
1067 2149 1096 2179 in
1119 2149 1167 2179 ad-

430 2201 580 2231 mittendis
603 2200 724 2230 novitiis
746 2208 846 2229 vocem
870 2198 996 2228 habeant
1012 2207 1112 2228 omnes
1129 2199 1166 2228 le-

429 2250 528 2288 gitime
552 2249 673 2289 professi
697 2249 725 2278 in
748 2252 894 2278 conventu
916 2248 951 2277 de
975 2247 1085 2277 familia
1107 2247 1166 2277 exi-

429 2304 549 2335 stentes,
574 2299 597 2328 si
620 2303 715 2328 tamen
740 2298 856 2327 tertium
879 2306 987 2326 annum
1012 2296 1165 2336 professio-

430 2348 475 2377 nis
498 2347 708 2387 compleverint
738 2351 765 2376 et
797 2346 837 2376 ibi
871 2346 980 2376 fuerint
1012 2354 1063 2385 per
1095 2345 1167 2375 duos

430 2406 544 2426 menses
567 2400 649 2425 antea
673 2395 856 2425 commorati.
880 2395 950 2425 Cum
966 2394 1167 2424 sacerdotibus

431 2450 527 2475 autem
562 2454 652 2484 super
675 2445 822 2484 praedicto
855 2444 968 2474 defectu
991 2443 1167 2473 minoritatis

432 2494 620 2533 professionis
642 2494 809 2533 dispensare
833 2493 943 2534 possint
965 2497 1025 2523 tum
1048 2502 1168 2531 gencra-

433 2543 478 2581 lis‚
503 2547 563 2573 tum
587 2543 784 2582 provincialis.

473 2600 499 2621 v.
523 2591 582 2627 Quo
604 2596 699 2621 autem
723 2592 757 2621 ad
780 2591 896 2622 noviter
929 2592 1084 2631 professos,
1119 2591 1167 2621 de-

434 2640 503 2671 bent
524 2641 543 2670 ii
567 2650 735 2680 permanere
765 2641 794 2672 in
817 2641 990 2681 professorio
1023 2650 1075 2681 per
1108 2644 1166 2671 tres

1000 239 1184 264 BULLARIUM
1209 239 1317 265 ROMAN
1324 241 1364 266 ΠΜ

1203 298 1312 327 annos,
1337 294 1364 320 et
1397 290 1431 320 ad
1465 290 1558 320 maius
1581 294 1705 330 tempus,
1728 290 1763 320 ad
1785 290 1937 321 arbitrium

1205 339 1406 377 provincialis,
1431 340 1586 370 dummodo
1608 349 1664 369 non
1687 339 1746 370 sint
1761 339 1936 377 sacerdotes3

1203 387 1300 427 ibique
1323 389 1352 418 in
1374 389 1505 418 scientiis
1528 389 1718 419 instituantur
1735 389 1814 419 iuxta
1837 398 1937 419 eorum

1203 437 1408 476 capacitatem3
1443 437 1519 477 quod
1551 438 1574 467 si
1607 447 1621 467 a
1654 442 1799 468 conventu
1830 438 1937 468 studio-

1203 496 1266 516 rum
1301 486 1337 516 ali
1372 496 1428 516 non
1452 486 1574 525 possint,
1611 487 1705 517 alatur
1737 487 1938 527 unusquisque

1203 545 1303 565 eorum
1338 545 1352 564 a
1386 540 1530 565 conventu
1564 545 1633 566 suae
1664 536 1833 573 filiationis3
1867 536 1937 575 quid

1203 589 1298 614 autem
1336 584 1491 614 conventui
1524 584 1684 614 studiorum
1725 585 1851 615 dandum
1883 585 1937 623 sit,

1204 633 1338 662 standum
1362 632 1417 662 crit
1440 632 1548 662 iudicio
1581 633 1767 671 provincialis
1799 642 1865 663 cum
1887 643 1938 663 suo

1204 681 1378 710 detinitorio.

1243 739 1281 759 vr.
1316 731 1435 760 Domum
1466 730 1659 769 provinciales
1690 735 1794 760 curent
1827 735 1858 761 ut
1890 741 1937 761 su-

1205 780 1306 819 perflui
1330 784 1464 819 sumptus
1492 780 1519 809 in
1552 780 1687 817 ingressu
1710 779 1745 809 ad
1766 779 1939 810 novitiatum

1204 833 1232 858 et
1254 828 1458 858 admissionem
1483 828 1669 868 professionis
1692 828 1876 858 omittantur.

1224 878 1293 908 CAP.
1320 878 1364 907 Vt.
1381 897 1419 900 —
1438 877 1530 913 Quoad
1553 878 1689 907 tertiarios
1711 888 1758 907 seu
1780 879 1917 908 eremitas.

1245 937 1263 957 1.
1289 928 1310 957 Ε
1332 927 1450 965 nostris,
1474 927 1535 966 qui,
1560 927 1665 957 virtute
1684 927 1903 966 privilegiorum
1925 937 1940 957 a

1206 976 1327 1005 summis
1366 976 1555 1006 Pontificibus
1588 980 1686 1005 nostro
1708 980 1808 1005 sancto
1839 975 1940 1006 Ordini

1206 1034 1423 1062 concessorum,
1448 1025 1615 1055 facultatem
1639 1024 1747 1054 habent
1763 1024 1940 1062 aggregandi

1207 1073 1240 1103 ad
1263 1077 1394 1103 nostrum
1418 1073 1583 1102 institutum
1615 1082 1752 1112 personas
1775 1073 1940 1103 saeculares

1207 1127 1234 1152 et
1257 1122 1365 1152 eisdem
1391 1122 1504 1152 litteras
1538 1126 1670 1161 patentes
1698 1121 1877 1152 concedendi
1909 1125 1941 1152 ut

1207 1176 1319 1209 gestare
1347 1171 1457 1210 possint
1483 1170 1612 1200 habitum
1635 1170 1830 1209 eremiticum,
1855 1180 1940 1201 nemo

1208 1230 1258 1260 per
1281 1230 1311 1250 se
1333 1220 1427 1260 ipsum
1451 1220 1511 1249 sive
1534 1229 1585 1259 per
1607 1219 1679 1249 alios
1697 1219 1750 1249 sub
1773 1220 1867 1259 poena
1882 1220 1942 1259 pri-

1208 1270 1332 1299 vationis
1354 1269 1444 1299 ot'ticii
1469 1270 1560 1308 possit
1582 1268 1616 1298 ab
1648 1269 1707 1298 illis
1730 1268 1838 1308 aliquid
1861 1277 1943 1308 prae-

1209 1319 1337 1353 tendere,
1361 1318 1417 1348 nisi
1440 1318 1593 1347 dumtaxat
1608 1317 1711 1347 iulium
1728 1327 1817 1348 unum
1841 1322 1941 1348 monoL

1208 1372 1251 1396 tae
1269 1376 1404 1396 romanae
1421 1367 1530 1396 ratione
1548 1376 1740 1405 expensarum
1760 1370 1856 1396 cartae
1876 1375 1942 1406 per-

1207 1425 1346 1454 gamenae
1369 1421 1396 1445 et
1418 1415 1569 1454 scriptoris
1598 1415 1741 1445 dictarum
1764 1415 1938 1445 litterarum.

1207 1465 1287 1500 Quod
1310 1465 1333 1494 si
1356 1465 1425 1504 quid
1449 1464 1527 1494 aliud
1550 1468 1651 1504 sponte
1674 1469 1703 1494 et
1732 1463 1823 1494 libere
1855 1463 1943 1495 fuerit

1208 1514 1249 1543 illi
1273 1514 1413 1551 oblatum,
1440 1513 1517 1543 illico
1540 1513 1575 1542 ab
1599 1523 1632 1543 eo
1655 1513 1708 1542 sub
1731 1513 1832 1543 eadem
1851 1515 1943 1553 poena

1208 1563 1237 1592 in
1260 1564 1348 1602 capsa
1371 1567 1548 1602 reponatur,
1584 1572 1616 1592 ac
1640 1562 1669 1591 in
1693 1561 1768 1592 libro
1801 1562 1943 1602 peculiari

1209 1612 1336 1642 tideliter
1359 1616 1524 1649 annotetur,
1548 1616 1576 1641 et
1600 1615 1690 1641 toturn
1713 1611 1742 1641 in
1770 1611 1944 1641 beneficium

1211 1661 1351 1690 ecclesiae
1374 1665 1401 1690 et
1417 1664 1577 1690 conventus
1593 1665 1642 1689 aut
1659 1660 1824 1699 provinciae
1841 1659 1945 1689 cedere

1208 1709 1322 1739 debeat.

1252 1760 1320 1789 Car.
1347 1759 1404 1789 Vll.
1431 1778 1461 1781 —
1490 1760 1582 1795 (Juotd
1606 1764 1694 1788 cotum
1716 1759 1893 1796 obedientiae,

1424 1818 1504 1847 myos
1533 1812 1557 1838 ct
1579 1812 1725 1847 apostotus.

1248 1866 1267 1887 1.
1292 1857 1369 1887 Nihil
1400 1867 1414 1887 a
1449 1857 1647 1897 superioribus
1677 1856 1800 1887 subditis
1833 1856 1944 1896 praeci-

1210 1906 1306 1946 piatur
1328 1906 1381 1936 sub
1405 1907 1556 1944 censuris,
1583 1906 1640 1936 nisi
1668 1906 1705 1936 sit
1736 1905 1855 1936 materia
1879 1915 1946 1945 pec-

1209 1956 1265 1986 cati
1289 1955 1432 1993 mortalis,
1456 1960 1505 1985 aut
1529 1955 1661 1994 proxime
1684 1954 1719 1983 ad
1741 1954 1813 1984 illud
1836 1954 1944 1984 condu-

1209 2015 1289 2035 cens.
1326 2004 1465 2035 Subditus
1504 2013 1569 2034 vero
1602 2013 1743 2042 respuens
1777 2007 1886 2033 temere
1917 2008 1945 2034 et

1210 2054 1398 2093 pertinaciter
1422 2062 1472 2092 per
1495 2053 1567 2082 duos
1589 2053 1650 2082 dies
1674 2052 1837 2082 huiusmodi
1861 2061 1945 2092 prae-

1209 2107 1342 2142 ceptum,
1379 2102 1478 2141 prius'
1502 2102 1540 2131 sit
1563 2102 1685 2140 utraque
1719 2109 1786 2130 voce
1815 2102 1849 2130 ad
1886 2106 1945 2130 tres

1211 2160 1335 2187 menses,
1360 2155 1387 2179 et
1409 2150 1432 2179 si
1456 2150 1494 2179 ita
1519 2149 1690 2178 inobediens
1713 2149 1800 2178 fuerit
1829 2149 1946 2188 provin-

1209 2200 1287 2238 ciali,
1312 2200 1346 2229 ad
1370 2209 1490 2237 annum,
1515 2200 1538 2229 si
1561 2208 1627 2229 vero
1650 2198 1779 2237 generali
1804 2198 1837 2228 ad
1867 2198 1946 2229 bien-

1210 2248 1302 2278 nium.

1249 2306 1278 2326 11.
1316 2297 1405 2326 Nemo
1441 2299 1572 2326 nostrum
1605 2296 1710 2326 audeat
1742 2295 1828 2326 etiam
1861 2296 1946 2326 titulo
2007 2305 2131 2336 annuenti

1210 2345 1436 2384 praedicationis
1459 2345 1538 2375 exire
1561 2355 1575 2375 e
1598 2349 1743 2375 conventu
1772 2345 1834 2375 sine
1857 2345 1946 2375 licen·
1957 2333 2117 2385 lififfiiidiiutsffl'i

1212 2395 1251 2424 tia
1275 2395 1393 2434 prioris,
1417 2400 1467 2424 aut
1490 2395 1552 2424 eius
1585 2395 1680 2424 locum
1713 2395 1858 2432 tenentis;
1892 2387 2018 2433 necss'ffif⁵
2035 2387 2124 2406 conveni

1210 2452 1244 2473 ex
1274 2448 1418 2473 conventu
1447 2443 1482 2473 ad
1513 2444 1602 2473 alium
1632 2443 1734 2473 inter²
1764 2443 1944 2482 provinciam

1210 2493 1273 2522 sine
1297 2493 1417 2522 licenti-a
1449 2493 1478 2522 in
1502 2493 1618 2532 scriptis
1640 2502 1655 2522 a
1679 2492 1869 2532 provinciali;
1893 2501 1945 2522 nec

1209 2551 1243 2572 ex
1268 2544 1325 2572 una
1353 2542 1388 2571 ad
1411 2542 1496 2572 aliam
1521 2542 1700 2580 provinciam
1727 2541 1790 2571 sine
1821 2541 1944 2571 licentia.

1970 1872 2052 1892 Poenae
2063 1873 2137 1892 contra

1957 1897 2111 1919 inobedientes.

1247 2602 1256 2627 1
1280 2600 1436 2634 Legcndum
1454 2601 1557 2635 prinus
1578 2600 1618 2627 vel
1635 2600 1770 2634 priuatus
1789 2599 1828 2635 (R.
1844 2599 1891 2635 T·).

1244 2646 1260 2672 2
1282 2645 1373 2673 Potius
1393 2645 1451 2680 lege
1470 2645 1552 2673 <intra
1571 2646 1608 2680 (a.
1625 2646 1673 2678 T.).
