2182 3137
19 269 73 299 An.
88 267 116 296 C.
138 267 206 297 1733

46 1570 166 1592 Exordium.

47 2157 113 2177 Twiirr
125 2164 170 2184 sup}
181 2158 204 2178 ti-

23 2187 118 2205 taison-s.

829 265 971 292 CLEMENS
995 266 1041 292 xil
1065 267 1114 293 PP.

213 321 343 351 tenores
360 315 587 361 praesentibus
612 326 671 359 pro
695 315 790 359 plene
817 320 849 348 et
874 314 957 347 susti-

215 371 342 405 cienter
363 370 528 414 expressis
548 376 579 403 et
600 371 638 404 ad
665 370 796 404 verbum
823 369 956 402 insertis

215 425 385 466 habentes,
411 423 475 457 illis
500 424 577 457 ali'as
601 424 635 457 in
661 434 719 457 suo
740 423 858 456 robore
884 433 958 466 per-

215 479 398 519 mansuris,
424 479 462 511 ad
500 478 756 521 praemissorum
794 476 956 518 effectum,

215 533 277 566 liae
313 532 380 565 vice
407 533 590 573 dumtaxat,
617 531 804 574 specialiter
840 535 872 563 et
905 541 957 563 ex-

215 596 329 629 presse
356 585 561 628 derogamus3
582 584 764 628 ceterisque
787 584 958 617 contrariis

215 639 485 683 quibuscumque.

259 692 373 725 Datum
400 692 530 732 Itomae,
551 692 636 736 apud
662 691 690 724 S.
712 691 841 724 Mariam
860 691 959 725 Maio-

215 756 295 785 rem,
312 745 372 779 sub
397 746 516 779 annulo
542 745 727 785 piscatoris,
754 746 805 779 die
833 756 875 779 vti
903 746 959 779 de-

215 799 355 833 cembris
381 808 584 840 Moccxxxui,
612 798 819 842 pontificatus
854 799 958 833 nostri

216 863 302 886 anno
328 863 370 886 1v.

249 914 309 941 Dat.
330 914 374 941 die
396 915 409 941 7
430 914 587 942 decembris
606 914 686 949 1733,
708 915 810 950 pontif.
832 923 902 942 anno
923 921 958 942 tv.

546 970 581 1002 F.
611 970 699 1002 card.
728 969 912 1003 OLivnnirs.

534 1122 637 1156 cxlx.

217 1203 429 1246 Confirmatio
465 1203 680 1248 quorumdam
707 1203 903 1237 decretorum
932 1209 960 1237 et

258 1262 450 1291 statutorum
482 1258 746 1301 Conslreyati'onz's
777 1258 961 1301 Hispaniae

257 1312 402 1354 fratrum
431 1311 705 1344 Discalccatorum
734 1312 869 1345 Ordinis
898 1311 955 1345 SS.

262 1364 437 1398 Trinitatis
464 1363 699 1408 redemptionis
725 1365 942 1408 captivorum.

427 1436 562 1463 Clemens
584 1437 661 1470 Papa
681 1436 744 1467 ΧΠ,

355 1481 391 1508 ad
412 1481 546 1508 futuram
566 1481 611 1508 rei
631 1481 816 1508 memoriam.

258 1553 292 1586 ln
319 1562 473 1596 supremo
499 1552 667 1586 militantis
687 1552 851 1585 Ecclesiae
878 1552 958 1586 solio

214 1617 275 1650 per
300 1605 498 1640 ineffabilem
526 1606 653 1639 divinae
679 1605 833 1639 bonitatis
859 1607 959 1639 abun-

215 1659 358 1693 dantiam
373 1660 463 1693 nullo
478 1660 554 1693 licet
565 1660 755 1693 meritorum
772 1664 958 1693 nostrorum

215 1713 371 1757 suffragio
390 1714 568 1753 constituti,
589 1724 634 1753 ea,
654 1725 735 1757 quae
756 1725 815 1757 pro
836 1714 957 1747 salubri

215 1766 515 1810 Congregationum
546 1766 774 1809 religiosorum
802 1766 957 1808 virorum,

214 1820 270 1864 qui
289 1820 443 1854 Altissimi
462 1820 630 1864 obsequiis
648 1822 708 1854 sub
727 1821 812 1853 suari
833 1821 960 1864 religio-

213 1873 358 1917 nis-iugo
383 1873 557 1917 mancipati
577 1879 663 1915 sunt,
683 1874 863 1907 directione
883 1885 958 1918 pro-

214 1927 286 1961 vide
311 1927 555 1971 prudenterque
592 1928 766 1961 constituta
803 1934 899 1967 sunt,
926 1934 960 1960 ut

214 1980 305 2014 firma
330 1991 460 2024 semper
485 1986 581 2024 atque
601 1981 757 2014 inviolata
776 1981 959 2025 persistant,

214 2034 383 2078 apostolici
410 2034 598 2067 muniminis
625 2035 807 2078 pracsidio,
835 2046 906 2068 cum
928 2035 958 2068 id

214 2100 231 2122 a
256 2088 350 2122 nobis
377 2088 511 2131 petitur,
539 2088 681 2121 libenter
706 2089 918 2122 roboramus.

258 2143 329 2187 gl.
369 2142 491 2185 Exponi
528 2141 688 2184 siquidem
725 2143 818 2175 nobis
855 2154 961 2186 nuper

215 2197 291 2231 fecit
303 2197 443 2230 dilectus
459 2196 543 2229 lilius
557 2196 692 2230 Micnaet
709 2208 724 2228 a
738 2197 768 2229 S.
784 2197 960 2237 flaminem,

213 2255 408 2294 procurator
433 2249 598 2292 generalis
619 2249 889 2292 Congregationis
913 2251 959 2282 lli·

214 2304 349 2347 spaniae
375 2304 508 2336 fratrum
535 2303 809 2336 Disealecatorum
832 2303 960 2336 Ordinis

214 2357 269 2391 SS.
296 2357 459 2390 Trinitatis
486 2357 721 2400 redemptionis
748 2356 958 2399 captivorum,
981 2369 983 2381 ¹

215 2412 302 2455 quod
321 2411 500 2454 capitulum
519 2412 670 2453 generale
693 2416 723 2443 et
739 2407 959 2443 delinitorium

216 2466 370 2509 generale
385 2464 653 2507 Congregationis
672 2464 859 2497 huiusmodi
871 2476 961 2509 quas-

217 2518 288 2551 dam
310 2528 408 2551 novas
434 2518 533 2560 leges
550 2517 680 2550 decreta
705 2523 738 2550 et
762 2522 881 2550 statuta
898 2529 958 2562 pro

216 2571 303 2605 retici
326 2581 550 2615 prosperoque
573 2571 672 2614 ipsius
691 2570 959 2614 congregationis

216 2625 393 2669 regimine,
420 2624 612 2668 praesertim
648 2635 706 2668 pro
741 2624 958 2668 capitulorum

216 2680 418 2726 generalium
446 2679 674 2720 celebratione,
703 2679 857 2721 fecerunt,
876 2686 906 2713 et
929 2680 960 2713 in

1637 258 1696 293 551
1748 268 1803 297 An.
1824 268 1841 295 c
1872 269 1938 296 1733

1000 326 1101 349 unum
1123 318 1276 351 volumen
1303 318 1407 360 redigi
1433 322 1597 360 curarunt,
1620 317 1743 351 tenoris

1001 370 1055 412 qui
1081 370 1240 413 sequitur,
1265 370 1431 404 videlicet:

1005 427 1091 457 Tenor
1115 428 1220 466 lessam,
1246 430 1415 458 decretorum
1448 433 1472 459 et
1503 434 1666 459 sttitnlorum
1682 454 1689 468 ‚
1713 430 1744 458 de

1041 473 1139 511 quibas
1161 483 1245 509 snpra
1279 475 1334 512 sui!
1356 476 1431 513 sacta
1454 476 1571 511 tuentio,
1596 475 1660 504 talis
1682 480 1741 509 est.

1039 522 1122 556 prout
1144 519 1278 556 sequitur,
1304 519 1449 548 videlicet:

1082 566 1237 605 Postquain
1261 567 1465 597 sanctissimus
1488 568 1622 598 dominus
1646 573 1744 599 noster
1774 574 1885 594 Ewwmn
1898 576 1939 594 >1³-

1001 614 1134 644 Clemens
1150 615 1225 654 I’apa
1243 615 1302 651 Xll,
1324 625 1374 654 per
1391 626 1457 645 suas
1472 617 1585 646 litteras
1608 604 1853 647 iiis01*nia¹³¹¹⁴‘''¹¹⁰¹‘

1003 664 1103 693 Brevis
1125 664 1170 694 die
1194 673 1221 694 xl
1245 665 1419 704 septembris
1441 675 1598 703 nuncxxx,
1622 676 1653 696 ea
1677 676 1745 696 con-

1003 713 1131 743 sumavit
1158 713 1276 744 decreta
1300 718 1328 744 et
1352 719 1479 751 statuta,
1504 724 1578 754 quae
1611 715 1645 744 ad
1679 716 1745 746 uni-

1002 763 1094 792 forme
1117 762 1292 801 gubernium
1316 763 1448 793 omnium
1469 764 1685 803 provinciarum
1702 765 1745 795 iu-

1004 817 1047 842 tra
1070 815 1097 842 et
1121 816 1202 842 extra
1226 812 1434 852 Hispaniarum
1457 823 1545 851 regna
1570 818 1655 843 erant
1684 823 1746 844 erc-

1004 866 1065 892 ctae
1088 866 1115 891 et
1139 862 1325 900 erigerentur
1347 862 1376 892 in
1401 867 1566 902 posterum,
1590 863 1745 893 celebratis

1003 911 1060 940 iam
1083 921 1133 941 sex
1157 911 1374 951 provinciarum
1391 912 1540 951 capitulis,
1558 912 1746 952 stabilitoque

1004 970 1104 991 earum
1128 961 1267 992 uniformi
1290 962 1445 1000 gubernio,
1470 963 1540 992 baec
1557 962 1746 992 Excalceato-

1004 1020 1069 1040 rum
1092 1010 1143 1041 SS.
1160 1011 1314 1041 Trinitatis
1327 1011 1548 1051 Redemptionis
1561 1012 1746 1052 Captivorum

1004 1060 1245 1099 Congregationis
1275 1061 1483 1100 Hispaniarum
1512 1065 1678 1101 nuncupata
1704 1071 1748 1091 re—

1005 1110 1074 1149 ligio
1107 1110 1271 1139 humillime
1304 1114 1332 1140 et
1364 1111 1555 1141 veliementer
1576 1110 1746 1147 desiderat,

1004 1159 1081 1199 quod
1103 1159 1159 1189 alia
1182 1169 1259 1189 nunc
1282 1159 1416 1197 decreta,
1441 1169 1525 1199 quae,
1550 1160 1577 1189 vi
1600 1160 1747 1191 facultatis

1004 1218 1019 1238 a
1042 1209 1135 1238 l'elicis
1157 1209 1373 1239 recordationis
1395 1209 1513 1238 domino
1533 1213 1633 1239 nostro
1656 1210 1747 1239 Bene-

1005 1258 1083 1288 (licto
1100 1258 1355 1289 Xllbconcessae‘
1374 1259 1502 1298 capitulo
1526 1259 1654 1297 generali
1678 1263 1747 1289 tunc

1005 1309 1102 1338 futuro
1125 1313 1153 1338 et
1175 1309 1343 1338 delinitorio
1373 1309 1504 1347 generali
1534 1309 1669 1348 sequenti
1696 1319 1747 1349 per

1005 1367 1071 1387 suas
1095 1358 1209 1388 litteras
1231 1359 1260 1388 in
1297 1359 1390 1388 forma
1422 1359 1528 1388 Brevis
1551 1359 1596 1388 (lie
1620 1368 1686 1389 xxvi
1709 1360 1748 1389 se-

1004 1407 1115 1437 hruarii
1133 1417 1313 1445 iiiiiutxxxviu,
1331 1409 1403 1438 sacta
1428 1409 1545 1448 quidem
1569 1413 1597 1439 et
1618 1409 1746 1439 stabilita

1004 1467 1018 1486 a
1042 1457 1200 1496 praedictis
1233 1458 1360 1497 capitulo
1385 1463 1412 1488 et
1435 1458 1620 1495 delinitoriO,
1645 1458 1747 1488 crebro

1003 1506 1100 1535 studio
1116 1510 1143 1536 et
1162 1506 1241 1536 omni
1264 1507 1452 1536 meditatione
1477 1507 1657 1546 praeinissis‘,
1676 1508 1748 1537 inte-

1004 1565 1114 1595 groque
1148 1556 1327 1595 quotidianis
1359 1556 1539 1586 sessionibus
1572 1566 1648 1586 anno
1681 1566 1749 1586 con-

1002 1609 1129 1644 sumpto,
1150 1615 1164 1634 a
1188 1605 1367 1639 definitorio,
1392 1609 1493 1645 utpote
1515 1605 1549 1635 ad
1577 1605 1748 1638 celebratio-

1002 1663 1068 1684 nem
1094 1654 1232 1684 instantis
1256 1654 1378 1693 capituli
1411 1654 1558 1693 generalis
1580 1655 1747 1685 conducen-

1004 1704 1055 1737 tia,
1081 1703 1139 1732 imo
1156 1703 1273 1733 statutis
1290 1704 1347 1733 iam
1365 1704 1500 1743 capitulis
1518 1704 1748 1743 provincialibus

1004 1753 1195 1790 necessaria,
1220 1753 1396 1792 apostolicae
1429 1753 1611 1783 auctoritatis
1644 1754 1748 1783 confir-

1004 1802 1162 1831 mationem
1186 1801 1335 1841 roburque
1359 1802 1499 1841 coanui
1532 1806 1700 1832 mereantur
1722 1807 1748 1832 et

1004 1850 1175 1880 obtineant:
1202 1851 1284 1887 ideo,
1308 1839 1454 1881 adiunctis
1477 1851 1648 1888 nonnullis,
1674 1862 1748 1892 quae

1004 1900 1061 1929 vim
1084 1900 1304 1930 constitutionis
1342 1910 1392 1939 per
1426 1901 1514 1930 trium
1550 1901 1747 1940 capitulorum

1004 1948 1256 1978 confirmationem
1280 1948 1356 1978 circa
1380 1948 1597 1979 observantiam
1614 1950 1747 1980 obtinue-

1004 2002 1094 2036 runt,
1120 1997 1198 2027 iuxta
1222 1998 1462 2027 constitutionem
1486 1999 1579 2028 felicis
1613 2000 1747 2029 recorda-

1005 2048 1093 2077 tionis
1115 2048 1295 2078 sanctissimi
1329 2048 1440 2078 domini
1464 2049 1557 2078 nostri
1590 2048 1748 2080 Clementis

1006 2097 1059 2126 ΙΨ.
1081 2097 1114 2133 X,
1138 2101 1243 2126 cuncta
1259 2097 1382 2127 Sanctae
1398 2097 1479 2127 Sedis
1496 2098 1663 2128 auctoritati
1682 2108 1748 2138 pro-

1006 2146 1138 2184 ponenda
1172 2146 1233 2174 ιιιΙ2
1265 2146 1453 2185 apostolicam
1488 2147 1744 2177 confirmationem

1005 2195 1159 2235 petendam
1184 2195 1229 2224 liic
1253 2195 1466 2233 snbjiciuntur,
1493 2196 1649 2226 videlicet:

1044 2254 1063 2273 1.
1088 2244 1168 2280 Quod
1192 2244 1221 2274 in
1255 2247 1358 2274 nostrii
1391 2245 1533 2283 religione
1572 2245 1747 2276 lixcalceata
1769 2259 1944 2283 ιηιμιψωηρη.

1004 2298 1091 2323 eruin
1113 2294 1185 2323 duae
1210 2293 1352 2330 tinnulae,
1378 2294 1406 2323 iu
1430 2304 1503 2333 quas
1538 2299 1615 2324 totus
1652 2287 1860 2334 veniat}3j¹,¹¹f,⁴{,³[‚'2
1888 2287 1943 2308 ¹¹¹¹⁴⁰

1005 2343 1183 2372 universalis
1206 2342 1281 2372 tlrdo
1304 2343 1416 2373 divisus
1431 2368 1438 2381 ‚
1463 2353 1587 2383 quarum
1620 2354 1675 2374 una
1700 2345 1749 2375 (le-

1004 2392 1206 2422 nominabitur
1227 2392 1446 2432 intra-llispana
1470 2398 1498 2422 ct
1524 2394 1746 2434 exti‘a-llispana

1004 2442 1111 2477 altera3
1136 2445 1261 2481 utraque
1284 2442 1339 2471 erit
1362 2442 1416 2471 sub
1441 2442 1552 2472 titulari
1569 2442 1624 2472 sibi
1641 2444 1746 2474 electo.

1044 2500 1073 2520 it.
1098 2491 1178 2526 Quod
1203 2501 1235 2520 ex
1261 2491 1306 2520 tiis
1328 2491 1438 2521 duabus
1463 2492 1581 2521 l'amiliis
1598 2503 1674 2523 unus
1697 2494 1748 2524 mi-
1796 2500 1824 2520 Ex
1853 2506 1942 2526 auarum

1005 2540 1096 2570 nister
1119 2540 1264 2579 generalis
1287 2540 1315 2569 iu
1337 2545 1424 2580 caput
1446 2545 1474 2570 et
1497 2550 1597 2571 earum
1617 2531 1943 2582 superio-23133.-r..=.'l¹'132‘'..‘is

1005 2599 1064 2619 rem
1089 2589 1243 2627 eligendus
1265 2593 1307 2619 est
1322 2613 1329 2627 ‚
1353 2594 1381 2619 et
1405 2593 1503 2628 postea
1526 2585 1746 2623 commissarius
1758 2583 1802 2626 iiii}
1819 2586 1941 2630 Ἥῖἳῖ-Ϊιῗζ

1041 2646 1049 2669 1
1074 2643 1144 2670 Edit.
1167 2643 1248 2670 Maint
1272 2643 1336 2677 legit
1355 2651 1484 2670 concessa
1503 2644 1602 2680 (ιι.τ.).
1757 2634 1856 2659 ‘'¹²'¹¹¹¹¹'

1039 2687 1055 2713 2
1074 2685 1138 2713 Male
1160 2685 1225 2714 edit.
1250 2686 1332 2713 Main.
1356 2685 1420 2720 legit
1440 2689 1465 2714 et
1486 2687 1525 2721 (u.
1543 2688 1593 2722 ἰ·.).
