2182 3137
41 255 89 276 An.
106 251 135 276 C.
157 248 224 275 1733

234 297 289 330 sed
315 297 369 329 alii
395 295 488 329 etiam
516 294 625 328 clerici
652 294 836 326 saeculares
862 292 971 324 liuius—

233 350 335 389 modi,
358 349 549 392 praesertim
575 347 695 380 alumni
714 353 744 379 et
769 345 971 378 convictores

233 402 399 435 seminarii
425 401 602 445 praedicti,
625 401 698 432 inde
724 404 798 431 ante
824 398 972 430 absoluta

233 455 337 487 studia
364 455 579 496 egredientes⁷
597 454 636 485 ab
654 452 825 485 Ordinario
851 450 973 494 pariter

234 507 426 551 approbati,
452 513 488 538 ut
512 507 544 539 in
569 507 682 538 eodem
709 504 844 546 collegio
871 513 973 535 sacra-

234 570 304 592 rum
330 561 508 593 litterarum
534 570 569 591 ac
597 558 781 600 theologiae
818 556 974 589 theoreti-

234 623 290 645 cae
316 618 347 645 et
371 612 533 655 practicae
567 612 706 643 studium
737 619 974 652 prosequeren-

235 671 298 705 tur,
318 672 413 709 atque
433 666 512 697 ritus
531 665 764 698 ecclesiasticos
791 669 821 696 et
846 669 973 695 cantum

235 719 466 761 gregorianum
481 719 539 750 sub
558 717 838 760 praeceptoribus,
856 716 910 759 qui
930 716 972 747 so-

234 777 309 804 rent
334 771 516 814 presbyteri
546 770 727 803 saeculares
746 771 836 801 sacra
857 768 975 811 pagina

234 835 270 857 ac
294 825 392 857 verbo
417 824 471 856 Dei
508 823 630 866 scripto
667 828 698 854 et
730 821 845 854 tradito
872 820 974 863 probe

234 879 369 917 eruditi,
396 878 636 921 perdiscerent3
665 876 708 908 ita
742 876 828 918 quod
854 874 974 907 alumni

235 932 344 974 gratis,
370 931 573 963 convictores
598 940 673 962 vero
702 929 909 967 huiusmodi,
930 938 976 960 so-

234 985 309 1017 lutis
334 984 395 1027 ipsi
421 984 559 1025 collegio
585 983 735 1015 similiter
753 981 906 1024 congruis
924 981 976 1014 ali-

233 1037 376 1078 mentis‚
413 1037 688 1075 admitterentur;
719 1045 831 1067 omnes
869 1039 975 1066 autem

235 1090 344 1123 clerici
369 1091 504 1133 praefati
531 1091 589 1123 sub
620 1090 781 1131 regimine
809 1089 976 1131 presbyte-

235 1153 346 1176 rorum
371 1155 501 1186 quoque
519 1143 746 1181 saecularium,
767 1153 784 1174 a
802 1141 883 1174 Iulio
909 1151 978 1173 car-

235 1196 335 1229 dinali
371 1203 402 1229 et
437 1196 679 1229 successoribus
715 1195 889 1238 praedietis
920 1195 977 1227 eli-

235 1250 416 1292 gendorum
444 1256 475 1283 et
500 1250 772 1292 deputandorum,
792 1249 897 1281 vivere
924 1240 999 1281 de-¹

234 1303 372 1336 herent:
400 1304 527 1346 ipsique
561 1303 701 1345 collegio
738 1303 783 1335 sie
812 1308 920 1335 erecto
947 1307 976 1334 et

235 1356 390 1396 instituto,
410 1367 469 1400 pro
491 1357 578 1389 illius
595 1356 851 1394 manutentione,
867 1365 902 1387 ac
916 1355 978 1387 ele-

236 1410 379 1443 ricorum
406 1410 436 1442 in
462 1421 500 1443 eo
521 1411 619 1453 gratis
647 1411 907 1450 retinendorum,
933 1420 978 1441 re-

237 1464 344 1501 ctoris,
367 1465 533 1503 lectorum,
561 1464 805 1505 magistrorum,
825 1463 978 1496 aliorum-

236 1527 298 1559 que
325 1517 547 1549 ministrorum
573 1517 842 1555 substentatione,
870 1515 978 1548 omnia

236 1575 268 1602 et
297 1569 423 1612 singula
461 1570 569 1609 bona,
597 1580 668 1608 res,
705 1570 920 1612 proprietates
948 1574 978 1600 et

236 1623 379 1656 actiones
416 1624 454 1655 ad
493 1624 654 1666 hospitale
692 1624 735 1655 ita
770 1633 977 1665 suppressum

237 1682 268 1709 et
299 1676 473 1709 extinctum
508 1676 661 1719 illiusque
696 1682 854 1708 rectorem
888 1686 977 1707 cura-

238 1735 303 1761 tum
319 1730 496 1772 respective
518 1740 649 1772 quoquo
667 1729 764 1761 modo
786 1728 978 1771 spectantia,

237 1784 491 1826 eorumdemque
516 1783 675 1815 bonorum
698 1784 843 1821 tructus,
870 1782 979 1814 reddi-

239 1843 288 1869 tus
315 1843 346 1869 et
371 1843 570 1880 proventus,
594 1837 657 1879 qui,
685 1842 718 1868 ut
743 1836 866 1879 pariter
891 1847 980 1868 acce-

239 1900 410 1932 peramus,
437 1890 618 1922 octodecim
655 1890 790 1922 millium
825 1890 977 1922 librarum

240 1943 343 1975 dictae
376 1948 526 1975 monetae
563 1944 704 1975 valorem
741 1952 882 1975 annuum
915 1953 978 1974 non

241 1996 462 2036 excedebant,
488 1997 519 2028 in
546 2002 741 2038 perpetuum
769 2006 898 2039 (pioque
924 2007 981 2038 ap-

240 2049 432 2093 plicavimus
455 2055 485 2082 et
516 2049 791 2092 approbavimus:
824 2054 855 2081 et
880 2049 980 2088 alias,

242 2109 338 2146 prout
372 2103 403 2135 in
440 2103 561 2135 nostris
597 2103 738 2146 desuper
764 2104 822 2134 sul)
849 2103 980 2145 plumbo

241 2167 325 2188 anno
347 2156 577 2189 lncarnationis
595 2156 779 2188 Doiuiuicae
798 2165 980 2194 xicccxxxu,

242 2220 277 2242 111
303 2209 374 2241 idus
400 2209 482 2249 iulii,
501 2208 709 2252 pontificatus
731 2208 832 2240 nostri
855 2219 940 2240 anuo
959 2218 981 2240 11

242 2263 401 2305 expeditis
420 2263 546 2302 litteris,
565 2273 699 2305 quarum
718 2267 867 2294 tenorem
894 2272 983 2304 prae-

242 2317 388 2349 sentibus
421 2327 480 2358 pro
513 2318 610 2359 plene
644 2321 676 2348 et
702 2315 904 2348 sufficienter
930 2326 982 2347 ex-

243 2381 354 2414 presso
379 2382 415 2403 ac
441 2371 479 2403 de
506 2371 602 2402 verbo
629 2370 667 2402 ad
700 2370 831 2401 verbum
859 2369 981 2402 inserto

244 2425 356 2457 haberi
377 2426 534 2463 νοΙιιιιιιιε,
560 2424 689 2455 uberius
715 2423 911 2455 continetur.
939 2423 983 2455 Ac

244 2479 451 2520 postmodum
467 2476 650 2509 huiusmodi
666 2476 802 2517 litterae,
818 2486 876 2518 pro
891 2481 981 2518 parte

244 2532 345 2574 ipsius
378 2530 446 2563 lulii
474 2530 646 2562 cardinalis
673 2529 777 2562 eidem
804 2528 981 2561 venerabili

246 2585 334 2617 t'ratri
351 2584 504 2627 episcopo
518 2582 705 2615 Placentino
721 2582 895 2621 exhibitae,
912 2593 983 2625 pro-

245 2639 327 2673 tinus
352 2637 533 2671 executioni
559 2636 771 2669 demandatae
798 2636 926 2668 suerunt
950 2635 981 2667 in

865 243 1011 266 th-:MENS
1039 244 1082 266 ΧΗ
1110 245 1156 266 l'l'.

1650 230 1715 262 Δ477
1763 242 1813 264 An.
1835 237 1951 270 (3.1733

1016 294 1051 323 ea
1077 298 1179 334 parte,
1207 303 1268 335 qua
1295 296 1427 324 eatenus
1453 288 1642 323 demandari
1663 292 1758 330 pote·

1016 350 1096 383 rant,
1115 345 1204 383 sarta,
1224 345 1307 377 inter
1329 345 1399 383 alia,
1419 343 1639 386 assignatione
1657 341 1758 374 dicta-

1016 408 1084 429 rum
1111 404 1239 430 eentum
1265 398 1500 441 quinquaginta
1524 395 1660 438 singulis
1685 404 1759 437 per—

1016 450 1101 482 sonis
1128 461 1163 482 ac
1188 451 1357 490 ministris,
1384 451 1474 483 mille
1500 459 1575 481 vero
1601 447 1758 481 librarum

1016 513 1196 536 annuarum
1211 503 1324 536 similis
1342 509 1493 536 monetae
1508 502 1626 535 rectori
1647 502 1759 544 hospi-

1019 557 1089 588 talis
1108 557 1152 588 sie
1168 559 1332 599 suppressi
1351 562 1382 589 et
1395 555 1527 588 extincti
1543 565 1600 597 pro
1614 556 1758 596 congrua

1018 611 1085 642 eius
1119 610 1270 652 portione
1307 609 1526 647 alimentaria,
1554 607 1758 650 quemadmo-

1019 663 1093 695 dum
1113 663 1145 694 in
1165 662 1257 695 dictis
1277 662 1393 694 litteris
1413 662 1594 693 iniunctum
1618 662 1734 693 suerat.

1062 716 1076 758 ξ
1094 716 1125 749 3.
1142 715 1218 748 Cum
1235 721 1358 754 autem,
1379 714 1459 747 sicut
1476 715 1560 747 idem
1579 714 1677 746 lulius
1691 724 1760 746 car·
1836 723 1954 752 cardamus

1019 769 1135 801 dinalis
1156 769 1250 801 nobis
1269 778 1372 811 nuper
1389 768 1545 810 exposuit,
1565 767 1601 802 is.
1620 777 1678 809 pro
1695 778 1761 799 ma·
1771 749 1954 806 Rssssmffssiigssiffi

1019 822 1187 864 gnitudine
1206 821 1345 864 suscepti
1365 832 1382 853 a
1400 831 1432 853 Se
1450 820 1568 863 operis,
1588 820 1625 851 ad
1653 821 1759 852 locum
1771 802 1919 823 beneficam.

1020 877 1144 919 ipsum,
1172 882 1205 908 ut
1237 882 1352 907 cuneta
1378 874 1493 907 ordine
1520 873 1699 916 inspiceret
1725 883 1761 905 ac

1021 931 1224 972 disponeret,
1251 930 1406 961 accedere
1433 932 1655 970 opportunum
1681 926 1763 958 iudi-

1021 983 1152 1021 caverit,
1170 989 1201 1015 et
1219 983 1257 1015 ad
1279 982 1434 1015 maiorem
1454 981 1508 1013 Dei
1527 980 1675 1022 gloriam,
1694 979 1761 1012 suis

1021 1040 1135 1078 magna
1161 1048 1195 1069 ex
1230 1041 1320 1078 parte
1356 1034 1525 1078 pecuniis,
1559 1043 1671 1066 manus
1708 1033 1763 1065 ad-

1021 1090 1141 1123 moveri
1167 1090 1327 1122 curaverit
1352 1089 1522 1132 peramplo
1547 1087 1696 1120 aedilicio
1722 1086 1761 1118 ad

1022 1155 1112 1175 usum
1137 1142 1266 1184 collegii
1287 1147 1321 1174 ut
1342 1142 1524 1184 praefertur
1549 1140 1645 1173 erecti
1669 1145 1701 1172 et
1720 1139 1762 1171 iu-

1022 1197 1145 1237 sumti,
1174 1196 1262 1238 quod
1288 1195 1442 1239 prosequi
1470 1206 1505 1227 ac
1531 1193 1689 1237 perticere
1717 1193 1762 1225 in-

1022 1251 1126 1283 tendit
1160 1249 1265 1281 statim
1295 1260 1331 1281 ac
1364 1249 1524 1280 transacta
1550 1247 1669 1289 hyeme
1700 1256 1761 1289 per

1021 1304 1127 1336 minus
1148 1303 1251 1345 rigida
1272 1301 1347 1334 anni
1376 1300 1538 1344 tempora¹
1566 1300 1697 1339 licebit3
1725 1300 1761 1332 ea

1023 1368 1096 1389 vero
1123 1355 1303 1394 occasione,
1324 1353 1409 1386 serio
1435 1364 1543 1386 seeum
1568 1355 1707 1396 expensa
1725 1363 1763 1385 ac

1022 1422 1093 1443 eum
1130 1410 1201 1442 aliis
1244 1407 1461 1451 prudentibus
1497 1407 1572 1439 viris
1614 1407 1762 1439 consulta

1022 1470 1119 1507 atque
1146 1463 1291 1496 discussa
1326 1461 1448 1494 ratione
1486 1471 1556 1493 rem
1589 1459 1691 1503 ipsam
1723 1460 1762 1492 ad

1022 1523 1170 1561 optatum
1207 1515 1417 1558 debitumque
1457 1513 1606 1546 ellectum
1645 1514 1764 1556 perdu-

1022 1570 1127 1609 cendi,
1153 1568 1367 1612 compererit,
1393 1567 1479 1600 haud
1506 1567 1549 1599 ita
1575 1567 1668 1599 facile
1695 1567 1762 1600 sore

1023 1629 1068 1656 tot
1086 1624 1218 1656 idoneos
1239 1622 1448 1665 presbyteros
1473 1621 1655 1653 saeculares
1675 1631 1764 1653 seor-

1022 1678 1079 1709 sim
1106 1677 1259 1720 degentes
1296 1674 1442 1708 invenire
1459 1701 1466 1713 ‚
1493 1685 1530 1707 ac
1567 1684 1602 1706 ex
1631 1674 1764 1706 diversis

1022 1730 1167 1773 partibus
1191 1738 1367 1767 accersere,
1396 1727 1463 1771 qui,
1489 1738 1527 1759 eo
1546 1738 1610 1770 quo
1639 1737 1695 1769 par
1717 1732 1766 1759 est

1024 1785 1150 1817 t'ervore
1189 1783 1438 1824 animorumque
1476 1791 1635 1813 consensu
1653 1808 1660 1820 ,
1700 1790 1764 1813 non

1022 1839 1129 1870 minus
1154 1847 1279 1869 annuos
1311 1836 1459 1868 redditus
1496 1835 1639 1867 eiusdem
1665 1835 1765 1867 colle-

1023 1892 1064 1934 gii
1091 1891 1226 1934 provide
1245 1889 1481 1927 administrare,
1498 1899 1595 1930 quam
1627 1888 1765 1921 clericos

1024 1945 1185 1988 praefatos
1199 1943 1269 1982 rite,
1286 1943 1368 1974 sieut
1382 1941 1608 1985 praemittitur,
1624 1941 1763 1974 edocere

1024 2010 1059 2031 ac
1085 1999 1247 2030 instruere
1264 1997 1410 2034 valeant3
1429 2006 1465 2027 ac
1484 1995 1630 2037 proinde,
1651 1995 1763 2037 vigore
1780 2000 1958 2047 1=,‚„¹’‘3⁵b{‘⁹‘-⁰⁵

1026 2051 1184 2083 facultatis
1216 2049 1274 2082 sibi
1313 2049 1343 2081 in
1371 2048 1530 2081 enarratis
1566 2048 1682 2081 litteris
1709 2033 1956 2086 tio—³3¹³<igv¹i?‚'⁰gii³

1025 2105 1101 2137 stris
1127 2103 1319 2141 attributae,
1343 2103 1556 2145 presbyteros
1579 2102 1763 2143 Cougrega-
1775 2086 1956 2133 Ξῖῗνςυῑ-ἰῘ-ρὸιωωθ

1026 2158 1122 2191 tionis
1141 2156 1302 2189 Missionis
1322 2156 1447 2198 (utpote
1466 2166 1563 2197 quae,
1583 2155 1762 2187 secundum

1026 2212 1094 2244 eius
1120 2210 1304 2242 institutum
1324 2214 1356 2240 et
1380 2208 1552 2251 quamdam
1572 2207 1764 2240 declaratio-

1026 2274 1098 2296 nem
1141 2262 1335 2295 rerolendae
1374 2260 1552 2293 memoriae
1589 2260 1761 2293 Alexandri

1025 2318 1130 2360 Papae
1155 2316 1205 2348 Vll
1238 2314 1502 2358 praedecessoris
1535 2314 1629 2346 etiam
1659 2315 1761 2346 nostri

1025 2381 1083 2414 per
1109 2380 1180 2401 suas
1206 2369 1237 2400 in
1264 2367 1360 2400 simili
1388 2367 1490 2400 forma
1508 2367 1616 2399 Brevis
1639 2367 1762 2399 litteras·

1025 2424 1077 2456 die
1093 2433 1153 2456 xxti
1169 2421 1362 2464 septembris
1376 2430 1490 2460 iuanv,
1505 2421 1591 2452 clero
1607 2420 1762 2452 saeculari

1025 2481 1201 2519 aggregata
1219 2475 1337 2516 existit)
1357 2474 1395 2506 ad
1414 2472 1590 2515 praemissa
1607 2473 1765 2515 deputan-

1025 2531 1083 2562 dos
1110 2528 1235 2561 duxerit
1267 2528 1325 2559 sul)
1358 2526 1492 2559 diversis
1518 2525 1762 2558 conditionibus

1025 2593 1096 2615 cum
1122 2581 1342 2624 superioribus
1370 2579 1471 2622 ipsius
1495 2579 1764 2621 Congrcgationis

1063 2645 1071 2669 1
1092 2643 1162 2669 Edit.
1174 2642 1252 2668 lllain.
1265 2641 1329 2676 legit
1342 2641 1438 2675 riqido
1456 2661 1462 2667 .
1475 2661 1498 2668 ..
1516 2643 1643 2675 tempore
1659 2644 1697 2673 (n.
1713 2642 1761 2675 τ.).
