2182 3137
196 205 243 231 Αη.
266 204 282 229 c
316 204 380 231 ¹73t¹
427 195 467 226 ⁶24

385 252 565 294 privilegiis
593 252 635 283 nti
655 278 660 289 ,
684 262 718 282 ac
745 251 773 281 in
801 250 921 282 eisdem
949 248 1138 281 ordinibus'

386 305 478 336 etiam
506 304 534 336 iu
561 303 668 335 altaris
695 301 874 334 ministerio
912 300 1114 338 ministrare,

385 363 413 389 et
447 366 667 399 ‹piacruuupic
702 360 732 386 ct
766 353 1011 396 qualiacumque
1046 362 1138 383 cum*

385 412 457 441 eura
475 414 505 440 et
522 408 589 440 sine
607 409 681 439 eura
701 405 855 438 beneficia
875 404 1114 442 ecclesiastica,
1136 412 1138 428 ν’

385 461 525 500 etiamsi,
547 464 739 502 personatus
764 456 1061 490 administrationes
1086 460 1117 488 et

385 513 486 546 ‹issicia
504 513 597 546 etiam
615 517 723 544 curata
741 516 771 543 et
792 510 926 543 electiva
952 509 982 541 in
1009 508 1117 540 catlie-
1138 525 1139 528 =

386 566 526 598 «uatibus
546 571 576 597 ct
594 563 852 607 metropolitanis
872 564 919 595 vel
937 561 1117 604 collegiatis

385 617 546 655 ecclesiis,
572 627 626 648 scu
654 616 678 648 si
704 615 908 658 parochiales
941 613 1116 653 ecclesiae,

386 672 431 703 vel
459 680 566 702 earum
593 674 768 712 perpetuae
796 666 942 706 vicariae,
963 676 998 698 ac
1023 676 1118 699 cano—

388 722 510 754 nicatus
547 726 576 754 et
613 720 817 763 praebendae
855 730 889 751 ac
926 719 1117 761 dignitates,

387 780 570 807 nontamen
593 773 727 806 maiores
748 778 819 815 post
844 770 1065 814 pontificalem
1086 770 1119 803 iu

386 827 638 867 cathedralibus,
657 836 716 859 nec
742 825 939 868 principales
966 823 998 856 iu
1024 824 1120 857 colle-

386 880 477 921 giatis
502 879 646 913 ecclesiis
672 878 856 911 huiusmodi
877 877 1005 917 suerint,
1023 877 1047 910 si
1074 877 1120 910 eis

386 934 464 967 alias
491 933 643 966 canonice
670 932 890 971 conserantur,
909 936 962 963 aut
981 931 1042 974 ipsi
1068 931 1120 964 eli-

387 990 511 1027 gantur,
530 990 776 1028 praesententur
794 985 842 1016 vel
860 984 938 1017 alias
957 993 1120 1016 assuman-

389 1045 438 1071 tur
473 1038 511 1071 ad
538 1038 592 1071 illa
617 1043 645 1069 et
672 1037 881 1069 instituantur
916 1037 949 1069 in
987 1036 1118 1073 eisdem.

388 1090 542 1133 recipcre,
563 1095 605 1130 et,
625 1089 799 1122 dnmmodo
817 1090 910 1132 plura
935 1089 1029 1121 simul
1055 1099 1118 1121 non

388 1143 450 1175 sint
476 1152 570 1185 quam
597 1152 679 1185 quae
712 1152 727 1173 a
761 1140 904 1174 Concilio
930 1140 1120 1173 Tridentino

389 1195 598 1238 permittitur,
625 1195 730 1237 quoad
757 1194 892 1226 vixerint
918 1194 1059 1227 retinere
1086 1193 1122 1226 li-

389 1248 464 1281 bere
490 1253 520 1281 et
545 1248 630 1281 licite
657 1248 792 1284 valeant,
820 1247 969 1280 similiter
995 1247 1122 1291 dispen-

389 1311 509 1334 samus.

224 1362 377 1394 ”emmanue
431 1354 446 1397 ἓ
470 1353 501 1387 8.
530 1354 572 1386 Ae
597 1363 707 1386 omnes
734 1358 764 1386 et
790 1363 1012 1396 quoscumque
1039 1354 1122 1387 dese-

197 1389 315 1409 ἀώρως
343 1397 368 1434 ιΙ
388 1413 474 1448 ctus,
501 1407 525 1439 si
553 1408 605 1450 qui
633 1407 738 1439 forsan
764 1407 845 1446 sint,
866 1407 896 1439 in
915 1407 1066 1440 omnibus
1092 1414 1123 1441 et

358 1448 373 1477 Γ
388 1459 643 1503 quibuscumque
671 1460 906 1502 provisionibus
932 1470 968 1493 ac
994 1470 1123 1502 permu-

357 1510 563 1543 ·tationibus
589 1510 819 1544 beneficiorum
846 1521 1122 1554 quorumcumque

309 1553 327 1565 '¹
358 1554 363 1565 '
388 1563 575 1597 eorumden]
600 1564 874 1603 conclavium-iun,
903 1570 963 1596 tam
986 1563 1027 1597 ob
1048 1565 1123 1597 inul-

389 1616 589 1659 tiplieitatem
616 1617 800 1657 titulorum,
826 1628 862 1650 ac
887 1617 927 1649 ob
964 1617 1124 1650 incursio-

388 1679 460 1701 nem
487 1679 763 1712 quarumcumque
784 1680 1006 1710 censurarum,
1027 1670 1123 1703 etiam

388 1722 644 1764 irregularitatis,
664 1728 691 1755 et
715 1722 865 1755 similiter
891 1722 921 1755 in
948 1723 1124 1766 expeditio·

388 1775 481 1807 nibus
506 1775 683 1808 litterarum
705 1775 956 1818 apostolicarum
981 1776 1125 1819 superil-

388 1828 436 1867 lis,
462 1838 557 1870 quam
582 1828 659 1861 alias
686 1839 720 1861 ex
748 1829 859 1871 quavis
885 1830 980 1861 causa
1006 1839 1125 1872 prove-

389 1882 524 1921 nientes,
549 1882 654 1924 quoad
681 1882 893 1925 praeteritum
922 1888 1061 1921 tautum,
1088 1893 1124 1915 ac

389 1934 457 1966 sine
483 1934 681 1976 praeiudicio
708 1934 784 1967 iuris
809 1934 903 1967 alicui
926 1935 1073 1977 quaesiti,
1094 1940 1125 1967 et

390 1986 562 2018 dummodo
602 1997 666 2018 non
707 1986 927 2020 intercesserit
967 1987 1123 2020 simoniae

391 2038 478 2071 labes
495 2065 502 2079 ,
529 2049 587 2071 nec
612 2039 761 2082 aliqualis
799 2040 938 2083 desuper
963 2041 1123 2083 pendeat,

391 2101 554 2123 sanamus:
583 2103 618 2124 ac
644 2092 845 2134 provisiones
872 2093 1058 2126 huiusmodi
1084 2094 1147 2126 vi-*

392 2154 468 2185 gore
494 2145 712 2187 praesentium
739 2144 770 2176 in
797 2150 934 2188 utroque
954 2146 1033 2186 soro,
1052 2157 1127 2189 per-

392 2197 466 2229 inde
487 2207 521 2229 ac
547 2197 571 2229 si
599 2207 696 2229 novas
715 2197 915 2239 provisiones
937 2199 1125 2232 huiusmodi

393 2248 628 2289 obtinuissent,
648 2249 878 2290 revalidainus,
903 2256 950 2292 et,
970 2257 1126 2294 quatenus
1147 2264 1148 2271 ¹

393 2312 473 2344 opus
499 2301 553 2341 sit,
575 2301 721 2334 omuibus
748 2306 778 2334 et
803 2301 939 2345 singulis
965 2304 1127 2346 dignitati-

393 2356 452 2387 bus
477 2361 507 2388 et
531 2355 601 2387 aliis
626 2365 698 2387 cum
725 2357 799 2388 eura
823 2359 853 2389 et
877 2356 945 2389 sine
972 2359 1048 2390 eura
1072 2357 1127 2391 be·
1147 2374 1149 2388 ι

394 2407 516 2440 netieiis
542 2408 768 2441 ecelesiasticis
786 2409 1031 2450 quomodolibet
1056 2421 1126 2453 qua-
1147 2433 1150 2468 ἕ

396 2458 519 2491 liticatis
552 2465 582 2491 et
615 2460 821 2502 nuncupatis,
856 2460 951 2493 etiam
987 2462 1126 2495 cuiusvis

395 2511 520 2543 Ordinis
546 2512 757 2553 regularibus,
786 2523 842 2556 per
867 2523 921 2546 eos
948 2515 1126 2557 respective

963 200 1144 224 nutantum
1170 199 1323 223 uon-xxciii

396 2563 546 2605 obtentis,
575 2564 612 2598 de
639 2576 717 2598 novo
739 2565 832 2599 etiam
854 2567 1031 2611 respective
1056 2579 1127 2611 pro·

1905 198 1956 224 An.
1980 197 2007 224 G.
2026 197 2092 224 ¹730

1160 247 1319 284 videmusj.
1345 256 1380 277 ac
1406 255 1519 278 omnes
1546 250 1577 278 et
1603 246 1747 287 singulas
1773 245 1899 289 pensio-

1160 310 1217 331 nes
1244 299 1290 331 eis
1317 303 1347 331 et
1374 309 1483 331 corum
1515 298 1652 340 singulis
1682 309 1782 342 super
1819 310 1898 342 quo-

1160 351 1278 383 rumvis
1321 350 1551 384 beneficiorum
1602 351 1898 385 ecclesiasticorum

1160 403 1410 446 quomodolibet
1435 403 1693 446 qualificatorum
1720 410 1752 437 et
1777 415 1900 437 nuncu-

1160 462 1318 498 patorum,
1346 456 1441 488 etiam
1467 456 1601 489 alicuius
1625 457 1754 490 Ordinis
1775 458 1901 500 regula-

1161 508 1254 548 rium,
1282 509 1449 548 Fructibus,
1478 515 1554 548 etc„
1580 521 1615 542 ac
1632 510 1727 542 etiam
1753 510 1900 544 distribu-

1163 561 1305 594 tionibus
1330 561 1526 604 quotidianis
1553 563 1732 605 respective
1758 573 1900 596 reserva-

1163 619 1217 653 tas,
1236 614 1386 647 similiter
1403 615 1441 647 de
1460 625 1543 647 novo
1563 625 1786 648 reservamus:
1806 615 1900 658 ipsis-

1162 677 1224 710 que
1239 667 1442 700 conclavistis
1458 677 1636 710 eorumque
1654 667 1790 710 singulis
1805 678 1901 711 quos⁴

1163 730 1302 763 eumque
1343 720 1483 759 fructus,
1513 726 1597 760 ete.,
1635 719 1899 760 ecclesiasticos,

1163 772 1334 805 occasione
1367 782 1647 816 ‹piarumcumque
1685 772 1899 814 dignitatum,

1164 824 1413 857 canonicatuum
1425 829 1454 858 et
1472 825 1742 868 praebendarum,
1755 825 1903 859 aliorum-

1164 887 1227 920 que
1252 876 1485 910 beneficiorum
1510 878 1806 911 ecelesiasticorum
1827 889 1903 921 quo-

1165 940 1380 973 rumcumque
1405 936 1437 963 et
1469 941 1745 974 ‹piamimcumque
1776 931 1903 974 pensio-

1164 993 1240 1015 num
1265 993 1459 1023 annuarum,
1479 983 1557 1026 ipsis
1584 989 1616 1017 et
1641 994 1752 1017 eorum
1771 983 1904 1019 cuilibet

1165 1036 1344 1079 respective
1369 1037 1560 1069 collatorum
1586 1043 1617 1070 et
1642 1043 1901 1078 reservatorum,

1166 1093 1227 1120 tarn
1255 1098 1290 1120 ex
1318 1088 1487 1121 antedictis
1519 1100 1613 1132 quam
1645 1100 1681 1122 ex
1713 1089 1784 1122 aliis
1817 1090 1904 1124 dese-

1166 1139 1269 1173 ctibus
1306 1146 1335 1173 et
1372 1140 1618 1181 occasionibus,
1646 1141 1741 1174 etiam
1779 1142 1905 1175 ratione

1165 1192 1349 1226 omissionis
1376 1193 1576 1226 recitationis
1592 1194 1752 1227 Horarum
1777 1195 1905 1228 canoni-

1166 1256 1292 1286 carum,
1319 1247 1369 1279 vel
1395 1257 1509 1280 eorum
1536 1257 1597 1280 non
1624 1247 1840 1290 promotionis
1865 1248 1905 1282 ad

1165 1309 1277 1332 omnes
1302 1300 1396 1332 etiam
1423 1310 1532 1333 sacros
1554 1306 1585 1333 et
1603 1300 1842 1344 presbyteratus
1859 1312 1905 1334 01·-

1167 1352 1272 1393 diues,
1299 1353 1347 1385 vel
1374 1363 1437 1385 non
1464 1353 1683 1396 susceptionis
1708 1353 1827 1396 gradus
1852 1354 1907 1387 do-

1166 1409 1319 1443 ctoratus,
1340 1405 1484 1437 indebite
1510 1411 1695 1449 perceptos,
1722 1406 1907 1440 cuiuscum-

1167 1468 1228 1500 que
1254 1457 1440 1501 quantitatis
1466 1458 1598 1498 snei-ini,
1624 1459 1767 1501 gratiose
1794 1460 1905 1492 remit-

1169 1511 1262 1543 timus
1288 1516 1319 1543 et
1336 1510 1576 1544 condonamus:
1604 1523 1639 1544 ae
1657 1522 1727 1544 cum
1743 1512 1788 1545 eis
1808 1522 1907 1556 super

1168 1563 1368 1597 inhabilitate
1408 1569 1440 1596 et
1475 1563 1712 1606 irregularitate
1752 1575 1812 1608 per
1849 1576 1905 1599 eos

1168 1623 1342 1660 propterea
1374 1617 1624 1660 quomodolibet
1647 1621 1811 1652 eontracta
1826 1646 1833 1659 ,
1858 1620 1906 1653 vel

1169 1670 1263 1704 etiam
1289 1680 1324 1703 ex
1352 1680 1389 1703 eo
1416 1671 1503 1713 quod
1541 1670 1688 1704 censuris
1720 1671 1905 1706 huiusmodi

1169 1723 1256 1767 ligati
1282 1724 1394 1757 missas
1419 1729 1451 1757 et
1470 1724 1531 1758 alia
1550 1724 1656 1757 divina
1675 1724 1778 1758 officia
1803 1726 1908 1768 (duin-

1169 1777 1265 1809 modo
1292 1783 1397 1809 tamen
1424 1788 1488 1810 non
1525 1778 1558 1810 in
1584 1783 1807 1821 contemptum
1843 1780 1908 1813 cla-

1169 1830 1275 1873 vium)
1302 1829 1546 1870 celebraverint,
1573 1835 1626 1863 aut
1644 1831 1722 1863 alias
1740 1831 1773 1864 in
1791 1831 1907 1865 divinis

1169 1893 1202 1915 se
1228 1882 1480 1921 immiscuerint,
1507 1883 1672 1926 quodque,
1691 1883 1744 1917 illa
1766 1887 1796 1918 et
1819 1894 1909 1928 prae-

1170 1935 1273 1968 missis
1305 1934 1426 1968 eisdem
1461 1945 1526 1968 non
1558 1935 1786 1977 obstantibus,
1813 1938 1852 1970 ad
1877 1948 1910 1971 o-

1170 1996 1260 2018 mnes
1286 1985 1381 2018 etiam
1407 1996 1514 2018 sacros
1540 1991 1572 2019 et
1597 1987 1840 2031 presbyteratus
1858 1998 1910 2022 or-

1170 2039 1262 2072 dines
1283 2038 1362 2071 alias
1388 2038 1465 2078 rite,
1501 2043 1532 2071 et
1570 2039 1749 2073 dummodo
1785 2041 1910 2074 nullum

1170 2091 1255 2124 aliud
1293 2091 1386 2124 alicui
1426 2101 1537 2124 eorum
1570 2091 1679 2125 obstet
1718 2093 1910 2127 canonicum

1169 2145 1446 2188 impedimentum,
1465 2145 1662 2187 promoveri,
1682 2150 1714 2178 et
1738 2145 1770 2178 in
1795 2145 1860 2180 illis
1878 2152 1910 2180 et

1170 2198 1203 2230 in
1228 2198 1389 2241 susceptis
1414 2207 1473 2240 per
1499 2207 1555 2230 eos
1580 2197 1659 2230 alias
1692 2198 1753 2231 rite
1789 2199 1911 2232 ordini-

1170 2251 1229 2283 bus
1266 2250 1361 2283 etiam
1395 2250 1427 2282 in
1453 2250 1562 2283 altaris
1587 2250 1768 2284 ministerio
1793 2251 1907 2285 minis-

1172 2310 1256 2337 trare
1283 2305 1384 2337 libere
1411 2308 1441 2336 et
1467 2303 1553 2337 licite
1580 2305 1718 2345 valeant,
1745 2305 1909 2349 dispensa-

1171 2367 1254 2390 nius.

1215 2411 1230 2454 g
1255 2410 1285 2443 9.
1313 2409 1470 2453 Quodque
1497 2420 1612 2443 omnes
1638 2415 1669 2444 et
1687 2421 1910 2456 quaecumque
1948 2419 2105 2445 mucraoapo-
2154 2428 2157 2429 ⁷
2180 2413 2182 2416 '

1921 2446 2010 2467 stolicaa
2022 2451 2060 2472 pro
2070 2446 2107 2467 be·
2156 2457 2159 2462 ·
2178 2452 2182 2463 ι

1172 2463 1307 2506 gratiae,
1322 2462 1533 2507 provisiones,
1549 2463 1760 2497 commendae
1774 2469 1804 2497 et
1818 2475 1912 2508 quae·
1921 2472 2107 2519 giiiiisssssil-‘mssssf

1172 2516 1217 2549 vis
1236 2516 1317 2549 aliae
1333 2515 1460 2549 litterae
1474 2516 1670 2559 apostolicae
1688 2516 1911 2560 provisionum
1922 2525 1949 2546 tis
1963 2525 1995 2547 eis
2014 2524 2055 2546 dau
2072 2529 2106 2546 ao·

1173 2579 1446 2614 quorumcumque
1463 2569 1696 2605 beneficiorum
1714 2570 1907 2605 ecclesiasti-
