2182 3137
241 266 289 290 An.
305 264 334 290 C.
358 262 425 289 173⁹!

287 853 419 874 otisiiiniium

238 880 355 904 derogatio.

470 255 536 287 4402

434 311 537 344 dictae
563 311 806 353 praesidentes,
832 311 985 351 clericos,
1012 311 1176 343 thesaura-

433 364 518 396 rium
555 370 586 396 et
618 364 871 397 commissarium
908 365 1098 405 generales,
1124 375 1176 397 ce-

436 422 589 459 terosque
615 416 769 449 officiales
795 422 826 448 et
850 417 1017 449 ministros
1044 423 1176 450 nuncet

432 481 491 513 pro
518 475 664 513 tempore
691 471 886 510 existentes,
922 471 1046 503 sublata
1073 471 1118 503 eis
1145 477 1176 503 et

432 534 547 557 eorum
580 523 714 556 cuilibet
746 523 858 565 quavis
886 523 981 556 aliter
1012 524 1175 556 iudicandi

432 582 463 609 et
488 576 727 619 interpretandi
748 576 898 609 facultate
924 581 956 608 et
972 576 1175 616 auctoritate,

430 630 566 662 iudicari
592 635 623 662 et
647 629 773 661 definiri
803 629 944 667 debere,
976 640 1013 662 ac
1048 630 1175 661 irritum

432 689 464 717 et
488 684 584 716 inane
605 684 630 716 si
656 694 749 715 secus
768 683 936 726 superbis
964 694 981 715 a
1002 694 1174 726 quoquam,

431 737 543 780 quavis
572 736 764 769 auctoritate
784 763 791 776 ‚
818 736 961 769 scienter
997 737 1047 768 vel
1083 737 1176 778 igno-

431 796 540 822 ranter
558 817 565 830 ,
593 790 767 831 contigerit
791 790 955 822 attentari.

475 845 490 887 ἓ
515 844 546 876 4.
570 844 640 876 Non
666 843 871 876 obstantibus
896 843 997 875 felicis
1022 843 1174 874 recorda-

433 898 530 930 tionis
558 898 603 929 Pii
630 897 688 929 PP.
717 897 751 928 lV
774 896 1038 938 praedecessoris
1053 895 1196 938 pariter'

431 951 532 984 nostri
560 952 598 983 de
623 951 733 992 gratiis
759 950 999 992 qualecumque
1018 948 1173 980 interesse

431 1005 534 1037 dictae
560 1004 713 1037 Gamerae
740 1002 948 1046 Apostolicae
979 1012 1174 1034 concernen-

432 1058 516 1090 tibus
553 1057 585 1089 in
622 1056 734 1089 eadem
768 1056 900 1088 Cai'i'iei'fi
934 1055 1017 1086 intra
1050 1059 1173 1086 certum

432 1117 506 1143 tunc
543 1120 730 1152 expressum
771 1114 896 1150 tenipus
928 1107 1143 1149 registrandis
1164 1133 1171 1145 ‚

431 1164 511 1195 itaut
528 1167 718 1205 praesentes
736 1161 861 1193 litteras
881 1160 1001 1192 ibidem
1021 1170 1173 1202 praesen-

433 1216 489 1249 tari
516 1221 548 1248 et
573 1214 739 1257 registrari
765 1224 931 1256 nunquam
958 1223 1090 1245 neeesse
1116 1213 1171 1251 sit,

431 1269 567 1312 aliisque
593 1267 878 1301 constitutionibus
904 1272 935 1299 et
959 1266 1173 1299 ordinationi-

431 1324 489 1355 bus
517 1321 713 1365 apostolicis‚
743 1325 775 1352 et
799 1319 978 1362 quibusvis,
1007 1319 1102 1352 etiam
1128 1320 1174 1351 iii-

432 1380 579 1408 ramento
601 1402 608 1414 ,
635 1373 882 1407 confirmatione
909 1373 1094 1415 apostolica,
1121 1373 1171 1405 vel

431 1429 541 1473 quavis
568 1428 718 1460 firmitate
743 1427 807 1459 alia
832 1427 991 1459 roboratis
1013 1454 1019 1465 ,
1047 1427 1172 1458 statutis

433 1488 463 1515 et
488 1481 798 1519 consuetudinibus,
824 1480 1003 1523 privilegiis
1027 1490 1168 1522 quoque,

431 1536 562 1568 indultis
590 1540 622 1568 et
647 1534 763 1567 litteris
789 1533 979 1575 apostolicis
997 1533 1028 1565 iii
1050 1539 1173 1566 contra-

433 1590 513 1622 rium
539 1588 790 1632 praemissorum
822 1586 1069 1628 quomodolibet
1098 1597 1173 1619 con-

432 1643 550 1680 cessis,
577 1640 772 1674 confirmatis
804 1646 836 1672 et
867 1640 1045 1680 innovatis,
1076 1650 1112 1672 ac
1139 1650 1172 1672 0-

431 1695 561 1729 mnibus
587 1700 619 1728 et
642 1694 778 1735 singulis
803 1693 876 1732 illis,
899 1703 982 1735 quae
1009 1692 1040 1724 in
1067 1693 1172 1725 chiro-

433 1749 560 1791 grapho
585 1748 788 1791 praeinserto
814 1757 971 1779 concessa
996 1751 1071 1777 sunt
1106 1757 1171 1779 non

433 1803 586 1842 obstare,
615 1801 732 1844 quibus
757 1800 908 1832 omnibus
943 1805 974 1831 et
1010 1799 1170 1841 singulis,

432 1855 562 1888 illorum
589 1860 719 1886 tenores
745 1851 970 1895 praesentibus
996 1862 1054 1894 pro
1076 1852 1171 1894 plene

433 1915 464 1943 et
497 1909 696 1941 sufficienter
732 1906 891 1950 expressis
929 1917 965 1938 ae
1001 1906 1040 1938 de
1073 1906 1170 1938 verbo

432 1963 470 1995 ad
496 1963 630 1994 verbum
656 1960 785 1993 insertis
811 1959 984 1999 babentes,
1011 1959 1075 1991 illis
1094 1960 1172 1991 alias

432 2017 466 2049 in
491 2027 549 2049 suo
575 2015 695 2048 robore
720 2013 942 2057 permansuris
963 2039 970 2053 ‚
1008 2014 1046 2045 ad
1079 2024 1172 2056 prae-

433 2070 608 2102 missorum
634 2068 803 2106 effectum,
831 2067 892 2098 liac
917 2066 983 2098 vice
998 2066 1171 2106 dumtaxat,

433 2123 617 2166 specialiter
642 2127 673 2154 et
697 2131 848 2163 expresse
873 2120 1092 2161 derogainiis3
1120 2130 1171 2152 ce—

435 2177 576 2218 terisque
602 2174 773 2208 contrariis
799 2173 1070 2216 quibuscumque.

477 2229 593 2261 Datum
613 2228 743 2265 Romae,
769 2227 851 2269 apud
877 2226 909 2258 S.
930 2226 1057 2258 lllariani
1076 2226 1172 2259 Maio-

434 2293 510 2321 rem,
538 2282 596 2314 sub
622 2282 742 2314 annulo
769 2280 955 2317 Piscatoris,
982 2279 1034 2311 die
1061 2291 1096 2311 xv
1121 2290 1171 2312 se-

434 2337 590 2379 ptembris
616 2344 810 2374 iinccxxxn,
836 2334 1042 2377 pontificatus
1067 2334 1170 2366 nostri

433 2401 519 2423 anno
546 2400 593 2423 iii.

469 2452 532 2479 Dat.
547 2452 593 2478 die
610 2453 641 2478 15
655 2451 825 2486 septembris
842 2450 921 2482 1732,
933 2450 1032 2485 pontif.
1049 2456 1170 2476 annom.

722 2506 756 2538 F.
784 2505 873 2538 card.
900 2504 1080 2537 OtiiniiUs.

1016 262 1199 286 BULLARIUM
1225 264 1380 288 ROMANUM

1528 313 1643 345 LXXV.

1217 382 1316 415 Serva
1333 383 1393 415 Dei
1407 383 1586 416 catherina
1603 383 1641 414 de
1656 383 1788 423 Ricci’is,
1806 384 1958 417 monialis

1262 444 1408 476 eoepresse
1430 434 1575 476 professa
1605 433 1739 467 Ordinis
1770 435 1875 466 sancti
1898 435 1960 467 Do—

1261 487 1396 525 minici,
1428 486 1543 518 maiae
1567 487 1698 519 nomine
1721 487 1903 530 appellari,
1923 498 1960 520 ac

1262 549 1334 571 cum
1359 539 1464 571 radiis
1486 539 1603 582 pi'nqi,
1629 544 1707 580 elo,
1735 539 1930 573 conceditur.

1430 620 1564 646 Clemens
1586 621 1664 653 Papa
1682 621 1747 653 XII,

1332 665 1367 691 ad
1389 669 1568 698 perpetuam
1587 665 1634 691 rei
1654 665 1841 692 memoriam.

1262 736 1295 767 In
1322 736 1520 778 apostolicae
1548 736 1712 777 dignitatis
1733 736 1868 777 fastigio,
1890 737 1960 769 nul-

1218 789 1256 821 lis
1282 789 1357 821 licet
1371 790 1561 821 meritorum
1581 795 1768 822 nostrorum
1788 788 1957 831 suffragiis,

1218 853 1276 885 pei·
1301 842 1497 875 inell'abilem
1525 843 1650 874 divinae
1675 842 1829 875 bonitatis
1855 843 1957 875 abun-

1218 895 1359 927 dantiam
1386 896 1552 927 constituti
1579 923 1586 935 ,
1625 896 1663 928 ad
1689 906 1726 927 ea
1746 922 1753 935 ‚
1781 906 1839 938 per
1874 906 1956 938 quae

1217 958 1379 980 sacrarum
1395 949 1568 989 virginum,
1589 959 1662 981 cuin
1679 948 1809 981 caelesti
1828 948 1956 991 Sponso

1218 1000 1249 1031 in
1275 1000 1368 1033 beata
1387 1001 1578 1033 aeternitate
1597 1001 1816 1043 regnantium,
1835 1000 1867 1033 in
1886 1002 1957 1044 qui-

1217 1053 1276 1084 bus
1301 1059 1413 1095 utpote
1434 1054 1569 1086 vasculis
1588 1054 1855 1086 imbecillioribus
1874 1065 1956 1098 opus

1217 1105 1368 1137 dexterae
1389 1106 1513 1138 Exeelsi
1540 1106 1721 1138 mirabilius
1746 1108 1906 1149 apparuit,
1921 1117 1957 1140 ac

1218 1164 1380 1201 tamquam
1412 1159 1565 1201 pretiosis
1596 1159 1770 1192 monilibus
1801 1160 1955 1203 multipli-

1217 1211 1298 1244 citer
1334 1213 1452 1254 gaudet
1485 1218 1581 1255 atque
1618 1212 1760 1254 refulget
1795 1213 1956 1246 Ecclesiae

1216 1266 1326 1298 matris
1363 1266 1505 1307 gloriosa
1543 1266 1747 1305 fecunditas,
1782 1267 1886 1298 cultus
1924 1272 1956 1299 et

1216 1320 1381 1352 veneratio
1407 1320 1438 1351 iii
1466 1319 1559 1351 terris
1585 1324 1824 1362 promoveatur,
1850 1319 1955 1352 liben-

1217 1378 1265 1404 ter
1282 1373 1487 1411 intendimus,
1507 1373 1588 1405 sicut
1613 1373 1666 1415 pia
1691 1372 1953 1405 christifidelium

1216 1426 1406 1468 praesertim
1425 1426 1859 1468 catliolicoruniprincipum
1883 1431 1955 1458 vota

1216 1481 1382 1521 postulant
1400 1506 1407 1518 ,
1435 1485 1465 1512 et
1490 1480 1528 1512 ad
1555 1479 1785 1522 omnipotentis
1810 1478 1867 1511 Dei
1891 1480 1956 1521 glo-

1216 1532 1305 1572 riam,
1325 1532 1490 1575 ipsiusque
1515 1532 1676 1564 Ecclesiae
1701 1532 1799 1564 decus
1817 1537 1849 1564 et
1866 1542 1956 1574 prae-

1216 1585 1358 1624 sidium,
1385 1596 1421 1617 ac
1446 1585 1707 1617 aedificationem
1742 1584 1887 1617 fidelium
1924 1591 1956 1617 et

1215 1639 1395 1670 animarum
1421 1639 1558 1670 salutem
1587 1637 1811 1680 cognoscimus
1837 1637 1870 1670 in
1894 1638 1955 1671 Do-

1215 1694 1303 1724 mino
1330 1693 1495 1734 expedire.

1259 1746 1273 1788 g
1298 1746 1327 1777 i.
1353 1745 1429 1778 Cum
1454 1745 1573 1787 itaque,
1588 1750 1733 1777 accurate
1749 1743 1900 1776 discussis
1914 1750 1956 1777 at-

1969 269 2020 292 An.
2034 267 2063 292 C.
2084 266 2153 295 1732

1996 748 2115 770 Exordium.

1988 1753 2101 1774 Processus
2114 1758 2148 1774 su-

1966 1785 2003 1806 pei·
2009 1781 2065 1801 vitae
2071 1780 2150 1800 saneti—

1216 1810 1278 1842 que
1294 1799 1461 1842 perpensis
1480 1810 1539 1841 pei·
1556 1797 1846 1839 Congregationem
1864 1808 1955 1830 vene·
1966 1809 2023 1831 tate,
2038 1808 2079 1827 etc.
2093 1806 2146 1827 con·

1965 1833 2084 1859 gregationi
2112 1838 2148 1854 ex-

1217 1853 1365 1885 rabilium
1382 1853 1515 1884 fratrum
1532 1857 1713 1884 nostrorum
1728 1850 1826 1883 §.RE
1850 1851 1955 1883 cardi·
1965 1861 2029 1881 amini
2048 1860 2118 1881 datus.

1216 1907 1334 1938 naliuui
1354 1906 1452 1938 sacris
1472 1906 1585 1937 ritibus
1604 1905 1863 1948 praepositorum
1882 1915 1954 1948 pro-

1216 1961 1360 1992 cessibus
1386 1960 1424 1991 de
1454 1959 1546 1991 Sedis
1580 1958 1787 2001 Apostolicae
1821 1957 1954 1990 licentia

1216 2013 1373 2045 confectis
1398 2023 1497 2055 super
1522 2013 1604 2044 vitae
1630 2011 1798 2043 sanctitate
1829 2016 1860 2043 et
1891 2011 1954 2043 vir-

1217 2066 1338 2098 tutibus
1362 2067 1393 2098 in
1420 2065 1520 2106 gradu
1547 2065 1703 2104 heroico,
1727 2064 1844 2107 quibus
1861 2074 1952 2097 serva

1216 2120 1269 2152 Dei
1295 2120 1465 2152 Catlieriiia
1491 2119 1530 2151 de
1557 2119 1698 2158 Ricciis,
1726 2117 1875 2150 iiionialis
1900 2128 1952 2150 ex-

1216 2184 1325 2215 presse
1350 2174 1497 2216 professa
1521 2172 1649 2204 Ordinis
1664 2171 1764 2203 sancti
1781 2170 1951 2210 Dominici,

1215 2228 1393 2266 claruisse,
1421 2237 1546 2259 necnon
1573 2225 1736 2257 miraculis
1755 2252 1762 2265 ‚
1794 2235 1875 2267 quae
1913 2225 1953 2257 ad

1216 2282 1284 2313 eius
1310 2280 1574 2312 intercessionem
1601 2290 1617 2310 a
1632 2279 1696 2311 Deo
1711 2284 1835 2321 patrata
1854 2278 1953 2310 fuisse

1216 2335 1467 2373 asserebantur,
1494 2333 1709 2375 Congregatio
1734 2333 1877 2375 praefata
1902 2342 1953 2365 co-

1216 2399 1283 2421 rain
1310 2388 1402 2420 nobis
1419 2389 1605 2425 constituta,
1626 2387 1743 2419 auditis
1762 2387 1856 2419 etiaiii
1875 2396 1952 2418 con-

1215 2443 1374 2474 sultorum
1400 2440 1569 2482 suffragiis,
1597 2440 1793 2472 unanimiter
1817 2449 1953 2472 censue-

1215 2496 1279 2534 rit,
1314 2495 1352 2526 ad
1389 2495 1533 2526 eiusdem
1569 2504 1680 2526 servae
1706 2494 1759 2526 Dei
1790 2492 1953 2526 beatifica-

1217 2549 1353 2586 tionem,
1380 2548 1651 2590 quandocumque
1670 2547 1763 2579 nobis
1780 2546 1950 2587 videretur,

1217 2606 1285 2633 tiito
1312 2600 1443 2643 procedi
1471 2610 1583 2642 posse:
1610 2599 1686 2631 liine
1704 2599 1855 2641 estquod
1881 2609 1949 2639 nos,

1217 2655 1277 2698 piis
1303 2660 1398 2697 atque
1425 2653 1526 2685 enixis
1552 2653 1660 2686 dilecti
1681 2652 1736 2685 filii
1754 2652 1873 2684 nobilis
1891 2652 1948 2684 viri
