2182 3137
171 197 219 223 An.
237 196 266 224 C.
291 195 358 223 ¹730
406 187 448 220 60

365 246 506 277 savorem
527 250 600 276 tunc
620 243 825 275 existentium
845 242 984 275 ministri
1006 252 1101 284 gene-

364 297 441 329 ralis
458 302 489 329 et
513 295 733 339 procuratoris
753 305 788 328 ac
806 294 1020 328 commissarii
1045 305 1099 338 ge-

364 349 482 382 neralis
507 348 635 381 Ordinis
662 348 793 380 fratrum
815 348 974 381 Minorum
996 352 1101 381 sanct-

364 401 522 433 Francisci
544 400 797 443 Capuccinorum
826 405 1098 443 nuncupatorum,

364 458 555 485 emanarunt
581 453 706 485 litterae
733 453 764 484 in
790 453 887 485 simili
907 453 1010 485 forma
1029 453 1100 485 Bre-

363 506 418 544 νῐς,
444 506 563 538 tenoris
589 505 641 548 qui
668 505 822 548 sequitur,
847 505 1021 537 videlicet:

407 559 553 592 Unam-rs
577 558 633 591 Pr.
657 557 739 598 vm,
769 557 811 589 ad
838 562 1028 600 perpetuam
1052 558 1101 590 rei

363 611 561 643 memoriam,
580 610 716 643 Iniuncti
735 610 828 643 nobis
844 621 860 643 a
875 610 1012 643 Domino
1028 621 1099 654 apo·

363 664 467 697 stolici
493 664 637 696 muneris
664 664 744 696 ratio
769 664 938 706 postulat,
969 670 1005 696 ut
1028 665 1100 698 reli-

363 717 528 758 giosorum
560 717 712 755 virorum,
746 717 818 759 qui,
853 717 972 759 spretis
1004 717 1100 751 buius

362 769 482 801 saeculi
507 769 708 808 vanitatibus,
727 768 825 801 divini
847 769 990 802 numinis
1011 770 1101 803 ohse-

363 822 446 864 quiis
471 822 529 853 sub
555 821 638 853 suavi
670 821 837 864 religionis
865 822 942 865 iugo
969 828 1000 855 et
1025 823 1100 855 stri-

362 875 471 907 ctioris
495 875 722 908 observantiae
747 875 867 918 regulis
888 886 920 909 se
939 876 1101 919 mancipa-

362 934 448 965 runt,
472 933 639 971 paternam
666 938 775 961 curam
802 934 965 971 gerentes,
990 929 1022 961 in
1051 929 1100 961 bis

363 979 504 1013 eiusdem
531 980 672 1013 muneris
698 986 806 1023 partes
825 981 938 1013 sedulo
956 981 1102 1014 intenda-

362 1043 449 1073 mus,
473 1043 530 1076 per
561 1043 642 1076 quae
679 1043 836 1076 prospero
871 1033 1021 1077 felicique
1048 1044 1102 1067 eo·

363 1095 430 1117 rum
456 1086 551 1118 statui
577 1091 610 1118 et
626 1086 798 1119 directioni
821 1093 1008 1130 opportune
1027 1097 1102 1120 con-

362 1140 497 1178 sulatur,
525 1145 622 1182 prout
647 1140 679 1171 in
712 1140 847 1173 DomIno
885 1140 1102 1184 conspicimus

361 1192 535 1225 salubriter
553 1193 717 1235 expedire.
742 1193 822 1226 IIinc
848 1199 895 1227 est
919 1194 1006 1237 quod
1033 1204 1101 1234 nos,

362 1255 426 1287 quo
462 1245 683 1284 difficultates,
710 1257 808 1289 quae,
834 1252 868 1279 ut
904 1248 1100 1291 accepimus,

360 1298 470 1332 Ordini
497 1299 628 1332 fratrum
655 1300 812 1333 Minorum
845 1301 945 1334 sancti
972 1301 1101 1335 Franci-

362 1352 405 1384 sci
426 1352 679 1396 Capuccinorum
702 1360 961 1398 nuncupatorum
980 1356 1100 1399 aliquid

362 1406 529 1439 molestiae
555 1406 726 1447 adferunt,
755 1418 771 1440 e
797 1408 906 1441 medio
933 1409 1101 1449 tollantur,

362 1464 516 1502 quantum
542 1470 614 1492 cum
640 1460 776 1493 Domino
808 1471 1001 1503 possumus,
1027 1472 1102 1505 pro-

361 1511 468 1544 videre
493 1513 649 1554 volentes,
667 1512 852 1546 ministrum
870 1514 1101 1556 provincialem

362 1564 543 1607 provinciae
558 1565 724 1598 Romanae
738 1565 814 1598 dicti
829 1565 967 1605 Ordinis,
983 1567 1102 1610 ipsam-

362 1628 422 1660 que
448 1618 648 1661 provinciam
671 1629 741 1651 cum
767 1619 918 1652 omnibus
944 1625 975 1652 et
991 1620 1100 1662 singu-

362 1671 400 1703 lis
427 1671 494 1704 eius
528 1672 677 1705 domibus
713 1672 859 1716 locisque
895 1673 1099 1716 regularibus

362 1730 393 1758 et
419 1725 648 1765 conventibus,
676 1725 802 1759 dilectis
833 1724 906 1759 filiis
932 1726 1099 1759 modernis

362 1784 390 1812 et
428 1789 486 1822 pro
522 1784 668 1822 tempore
705 1779 915 1813 existentibus
950 1779 1099 1812 ministro

362 1832 505 1874 generali
522 1837 554 1865 et
569 1833 773 1876 procuratori
789 1832 934 1875 generali
953 1833 1099 1867 eiusdem

361 1884 509 1926 Ordinis,
535 1886 609 1918 dum
636 1885 688 1918 bic
713 1886 797 1919 vices
835 1886 934 1929 ipsius
960 1886 1097 1919 ministri

362 1938 522 1980 generalis
547 1939 692 1978 sustinet,
720 1938 1026 1982 commissariusque
1045 1949 1098 1981 ge-

362 1991 482 2024 neralis
519 1993 703 2035 appellatur
739 1997 770 2024 et
803 1996 870 2032 est,
908 1991 947 2024 iis
972 1992 1098 2034 legibus

363 2054 467 2087 eoque
503 2044 613 2085 modo,
647 2055 711 2088 quo
751 2050 879 2078 ceterae
914 2043 1099 2088 provinciae

362 2097 528 2140 ceterique
553 2097 692 2130 ministri
726 2097 942 2140 provinciales
969 2096 1098 2130 Ordinis

362 2148 545 2182 huiusmodi
565 2150 651 2182 iuxta
669 2150 737 2183 eius
755 2150 1005 2183 constitutiones
1026 2159 1100 2193 apo-

361 2202 475 2235 stolica
500 2203 689 2236 auctoritate
710 2202 913 2236 confirmatas
934 2202 1098 2235 subiectae

362 2259 394 2287 et
418 2255 554 2288 subiecti
581 2260 664 2295 sunt,
690 2256 871 2299 apostolica
896 2255 1098 2295 auctoritate,

363 2312 475 2341 tenore
494 2308 721 2352 praesentium,
740 2308 939 2348 subiicimus,
958 2318 993 2341 ac
1010 2319 1100 2352 prae-

361 2361 504 2393 sentibus
542 2361 661 2394 nostris
698 2361 813 2394 litteris
851 2361 927 2394 alias
961 2372 978 2394 a
1004 2361 1098 2394 nobis

363 2413 413 2445 die
437 2424 488 2447 xv1
520 2415 628 2447 martii
665 2424 804 2448 uncxxw
838 2419 1002 2447 emanatas
1040 2414 1100 2447 mi-

362 2466 449 2499 nime
469 2467 605 2509 obstare,
620 2478 744 2511 nosque
768 2478 828 2511 per
852 2468 1098 2501 secundodictas

361 2520 484 2553 litteras
510 2521 700 2554 auctoritate
727 2521 938 2555 commissarii
965 2531 1099 2564 genera-

360 2574 399 2609 lis
430 2573 505 2608 dicti
541 2574 688 2616 Ordinis,
715 2575 764 2609 cui
791 2575 935 2609 minister
967 2574 1098 2618 provin·

947 193 1127 218 BULLARIUM
1149 193 1304 218 ROMANUM

1143 242 1233 275 cialis
1268 252 1421 275 romanae
1457 242 1645 286 provinciae
1681 243 1880 286 praedictae,

1144 295 1277 338 ipsaque
1303 294 1479 338 provincia,
1499 305 1589 329 more
1607 300 1788 329 ceterarum
1811 306 1882 339 pro-

1144 347 1321 380 vinciarum
1347 353 1594 392 ceterorumque
1626 348 1801 389 Ordinum,
1826 359 1882 392 pa-

1145 410 1216 433 rere
1243 400 1386 440 debent,
1413 411 1451 434 eo
1477 401 1615 435 maxime
1642 407 1790 445 tempore
1817 412 1882 445 quo

1144 453 1248 486 dicturis
1274 453 1420 486 minister
1456 454 1619 496 generalis
1651 454 1882 488 transmarinas

1145 511 1176 538 et
1208 507 1433 539 ultramarinas
1465 507 1647 550 provincias
1685 507 1798 540 incolit
1833 507 1884 540 in-

1145 559 1291 602 visitque,
1319 559 1464 592 noluisse
1490 570 1549 593 uec
1576 560 1754 593 intendisse
1780 561 1880 593 dero-

1144 623 1219 654 gare
1246 612 1458 645 declaramus.
1493 613 1680 646 Mandantes
1706 618 1883 657 propterea

1144 665 1262 698 dilecto
1299 664 1365 698 filio
1404 665 1560 698 moderno
1594 671 1626 698 et
1650 676 1711 708 pro
1738 671 1884 709 tempore

1144 718 1293 751 existenti
1330 718 1482 752 ministro
1519 719 1709 762 provinciali
1746 719 1883 762 aliisque

1145 770 1340 804 officialibus
1377 776 1409 803 et
1446 771 1598 804 fratribus
1624 771 1728 804 dictae
1754 772 1886 815 provin-

1144 825 1213 856 ciae
1234 834 1388 857 romanae
1407 825 1658 867 quomodolibet
1678 825 1884 868 nuncupatis,

1145 886 1229 909 nunc
1267 883 1297 909 et
1332 887 1391 920 pro
1418 883 1564 920 tempore
1590 877 1825 918 existentibus,
1852 878 1885 910 in

1145 931 1260 963 virtute
1286 935 1414 963 sanctae
1440 930 1665 970 obedientiae,
1685 940 1721 963 ac
1739 931 1797 962 suh
1823 941 1887 964 sus-

1145 984 1313 1026 pensionis
1348 990 1378 1017 et
1414 985 1665 1027 irregularitatis
1701 985 1885 1027 depositio-

1146 1037 1261 1081 nisque
1289 1038 1327 1070 ab
1353 1048 1465 1070 eorum
1487 1037 1602 1070 officiis
1628 1043 1659 1071 et
1684 1038 1886 1079 muneribus,

1145 1096 1390 1134 perpetuaeque
1424 1090 1617 1134 privationis
1647 1090 1735 1124 vocis
1765 1091 1885 1124 activae

1146 1148 1178 1176 et
1203 1144 1350 1187 passivae
1370 1143 1441 1187 ipso
1460 1144 1544 1177 facto
1565 1143 1781 1184 incurrendis,
1800 1143 1887 1177 aliis-

1146 1207 1208 1239 que
1243 1197 1378 1229 arbitrio
1416 1196 1525 1229 dilecti
1561 1195 1618 1229 filii
1652 1197 1754 1229 nostri
1791 1198 1888 1230 Anto-

1147 1250 1189 1282 nii
1217 1250 1370 1283 videlicet
1401 1249 1433 1282 S.
1462 1250 1545 1282 Petri
1571 1250 1609 1282 ad
1640 1249 1773 1283 Vincula
1797 1260 1887 1293 pres-

1146 1302 1248 1346 byteri
1285 1302 1458 1335 cardinalis
1496 1301 1528 1335 S.
1566 1301 1726 1345 Onuphrii
1762 1312 1887 1335 nuncu-

1145 1355 1228 1398 pati,
1255 1354 1356 1388 nostri
1394 1354 1575 1387 secundum
1609 1365 1740 1388 carnem
1779 1355 1886 1388 fratris

1145 1407 1305 1450 germani,
1331 1408 1480 1440 moderni
1509 1412 1540 1440 et
1565 1418 1624 1451 pro
1651 1413 1801 1451 tempore
1826 1408 1888 1441 exi-

1145 1461 1259 1493 stentis
1295 1460 1425 1493 Ordinis
1461 1460 1619 1503 praedicti
1656 1461 1740 1504 apud
1770 1471 1830 1494 nos
1855 1466 1888 1494 et

1144 1512 1259 1546 Sedem
1283 1513 1501 1556 Apostolicam
1527 1513 1733 1556 protectoris,
1760 1515 1884 1557 poenis,

1145 1570 1178 1598 ut
1203 1566 1385 1598 ministrum
1411 1567 1614 1609 generalem,
1640 1577 1677 1599 ac
1702 1572 1887 1610 procurato-

1144 1626 1210 1649 rem
1237 1618 1422 1658 generalem
1449 1617 1522 1649 dum
1550 1617 1634 1650 vices
1663 1616 1763 1660 ipsius
1794 1617 1887 1650 mini-

1143 1669 1199 1701 stri
1226 1669 1388 1711 generalis
1416 1668 1570 1709 sustinet,
1596 1674 1709 1713 estque
1736 1669 1886 1702 commis-

1144 1722 1247 1755 sarius
1279 1723 1442 1765 generalis
1468 1723 1713 1765 praefatorum,
1739 1723 1771 1756 in
1809 1733 1883 1757 suos

1143 1776 1327 1819 superiores
1365 1775 1524 1819 recipiant
1548 1781 1579 1808 et
1609 1782 1807 1818 agnoscant,
1831 1787 1886 1810 eo·

1144 1839 1277 1872 rumque
1304 1828 1445 1861 salubria
1471 1829 1591 1861 monita
1616 1833 1649 1861 et
1680 1829 1764 1862 iussa
1789 1829 1887 1862 susci·

1144 1882 1232 1924 piant
1259 1881 1436 1921 humiliter,
1457 1887 1488 1914 et
1507 1882 1683 1915 efficaciter
1703 1882 1884 1926 adimplere

1142 1940 1331 1978 procurent.
1370 1934 1436 1967 Non
1475 1935 1697 1973 obstantibus,
1725 1941 1885 1978 quatenus

1143 1999 1225 2031 opus
1251 1989 1301 2027 sit,
1327 1988 1504 2032 praedictis
1541 1989 1660 2021 nostris
1685 1988 1821 2030 litteris,
1849 1998 1885 2022 ac

1143 2042 1309 2084 quibusvis
1336 2041 1620 2074 constitutionibus
1651 2047 1682 2075 et
1707 2041 1885 2075 ordinatio-

1143 2095 1237 2127 nibus
1255 2094 1456 2138 apostolicis,
1476 2105 1601 2128 necnon
1616 2094 1744 2128 Ordinis
1762 2099 1794 2129 et
1811 2105 1884 2139 pro-

1144 2148 1266 2181 vinciae
1304 2148 1509 2187 huiusmodi,
1547 2148 1644 2181 etiam
1681 2148 1881 2188 iuramento,

1143 2201 1389 2234 confirmatione
1414 2201 1604 2244 apostolica,
1624 2201 1673 2234 vel
1695 2201 1803 2244 quavis
1828 2201 1883 2234 fir-

1143 2254 1253 2287 mitate
1290 2253 1350 2287 alia
1386 2253 1565 2293 roboratis,
1592 2254 1718 2287 statutis
1749 2260 1781 2287 et
1805 2265 1884 2288 con-

1144 2307 1383 2347 suetudinibus,
1409 2307 1590 2351 privilegiis
1616 2318 1755 2351 quoque,
1782 2308 1885 2342 indul-

1144 2360 1183 2393 tis
1208 2365 1240 2393 et
1272 2360 1388 2393 litteris
1413 2360 1623 2403 apostolicis,
1657 2359 1801 2394 eisdem¹
1827 2359 1886 2394 Or—

1143 2412 1209 2445 dini
1236 2418 1268 2446 et
1292 2413 1494 2456 provinciae,
1520 2423 1555 2446 ac
1579 2412 1729 2446 ministro
1754 2413 1884 2456 provin-

1142 2465 1224 2505 ciali,
1241 2465 1378 2509 aliisque
1395 2466 1545 2498 fratribus
1564 2466 1752 2509 praedictis,
1770 2471 1802 2499 et
1817 2466 1884 2509 qui-

1142 2518 1250 2552 busvis
1275 2519 1360 2559 aliis,
1387 2519 1447 2552 sub
1473 2518 1735 2563 quibuscumque
1762 2519 1883 2553 tenori-

1177 2582 1188 2607 1
1212 2580 1282 2608 Edit.
1304 2580 1383 2608 Main.
1405 2580 1468 2617 legit
1488 2581 1616 2615 eiusdem
1635 2581 1736 2617 (nan).

1890 193 1940 222 An.
1955 193 1988 222 G.
2008 193 2078 222 ¹730
