2182 3137
194 282 241 307 An.
263 280 292 306 r..
311 279 378 307 1734
424 271 488 304 Gali

214 659 318 680 :ultr-,dum
333 658 373 678 liar.

191 699 195 704 .
233 692 249 704 ΙΪ

193 711 299 730 tundalum

191 739 307 762 privilegus
339 743 373 758 or-

386 341 422 362 ac
447 330 640 373 praesertim
667 331 698 363 in
727 331 895 374 temporali
915 330 946 363 S.
966 331 1003 364 R.
1022 331 1056 363 E.
1077 331 1124 363 di-

387 384 472 415 tione
500 383 722 416 institutorum
748 385 869 417 salubri
889 384 1024 417 consilio
1040 395 1124 417 ema-

385 446 476 468 nasse
502 443 699 477 noscuntur,
726 444 760 469 ut
778 437 867 470 lirina
885 444 1123 481 sen'iperatqne

386 490 507 522 illibata
533 490 730 533 persistant,
746 491 919 533 apostolici
935 491 1122 523 muniminis

385 543 486 574 nostri
514 543 701 585 pracsidio,
729 554 801 576 cum
828 555 845 576 a
871 544 964 576 nobis·
988 544 1122 587 petitur,

384 596 523 627 libenter
547 596 807 629 corroboranms.

428 649 443 690 g
468 648 498 680 1.
526 649 652 681 [tadum
682 650 843 693 siquidem
881 650 984 683 felicis
1018 661 1122 683 recor-

306 685 525 734 ‘*,¹''¹Xttaiionis
550 701 655 734 Sixtus
682 702 740 734 Pl‘.
768 703 790 734 V
815 703 1049 746 praedecessor
1066 714 1122 736 no-

383 760 449 786 ster
474 755 648 797 collegium
675 755 788 788 Montis
813 756 875 789 Alti
902 763 1120 799 nuncupatum

384 808 414 840 in
442 807 569 840 civitate
596 808 791 841 Bononiensi
812 821 828 842 a
847 820 879 842 se
900 810 1069 842 fundatum
1091 816 1122 842 et

384 866 537 901 erectum,
564 862 716 905 illiusque
743 869 914 901 rectorem,
942 863 1119 902 scholares,

385 915 592 958 capellanos,
619 925 834 953 oeconomos,
860 915 1034 953 officiales,
1062 916 1121 948 mi-

384 969 519 1007 nistros,
546 979 581 1000 ac
607 978 762 1011 personas
788 974 819 1001 et
845 969 930 1000 bona
951 968 1120 1007 universa,

385 1021 423 1053 ab
438 1023 525 1054 omni
552 1032 610 1064 pro
637 1026 779 1065 tempore
805 1021 1008 1054 existentium
1030 1021 1120 1054 Sedis

385 1075 591 1117 Apostolicae
617 1076 649 1107 in
676 1075 842 1117 praedicta
865 1074 992 1107 civitate
1018 1075 1122 1107 Bono-

384 1127 489 1159 niensi
515 1128 553 1160 de
580 1128 681 1160 latere
706 1127 814 1169 legati,
834 1132 865 1160 et
881 1128 1121 1171 archiepiscopi

383 1180 598 1213 Bononiensis
623 1185 655 1213 et
678 1180 864 1223 quorumvis
890 1180 1027 1213 aliorum
1046 1179 1122 1212 iudi-

382 1244 454 1266 cum
479 1233 708 1277 superioritate
734 1239 766 1266 et
789 1233 1032 1274 iurisdictione,
1054 1244 1122 1266 nec-

382 1298 448 1320 non
474 1298 490 1319 a
515 1298 795 1330 quorumcumque
822 1288 1035 1330 pedagiorum
1065 1287 1121 1319 im-

382 1341 546 1384 positione
579 1352 614 1374 ac
637 1341 857 1374 subsidiorum
883 1341 1048 1374 solutione
1073 1352 1123 1374 ex-

382 1394 478 1427 emit:
507 1395 633 1437 ipsique
658 1395 811 1437 collegio,
831 1394 965 1437 eiusque
987 1394 1123 1435 colonis,

382 1449 635 1482 conductoribus
654 1454 684 1481 et
701 1449 920 1492 emphyteutis
947 1449 1120 1488 frumenta,

382 1502 524 1545 aliasque
551 1502 658 1545 fruges
685 1513 721 1535 ex
748 1502 1010 1545 possessionibus
1046 1503 1121 1535 dicti

382 1555 510 1597 collegii
536 1555 780 1598 provenientes,
795 1555 835 1588 de
861 1555 1028 1598 quibusvis
1053 1567 1122 1599 pro-

382 1608 508 1647 vinciis,
528 1608 622 1641 terris
647 1614 679 1641 et
704 1609 783 1642 locis
798 1636 805 1648 ‚
826 1608 930 1641 eidem
958 1609 1121 1642 Romanae

383 1661 544 1694 Ecclesiae
569 1661 726 1694 mediate¹
745 1663 792 1695 vel
814 1663 997 1695 immediate
1015 1663 1122 1696 subie-

383 1715 440 1747 ctis
457 1741 464 1754 ,
490 1715 627 1747 cuiusvis
652 1715 783 1748 licentia
815 1716 956 1758 desuper
991 1716 1121 1748 minime

384 1767 557 1810 requisita,
585 1772 617 1800 et
641 1768 763 1811 absque
793 1768 928 1801 alicuius
964 1769 1121 1811 pecuniae

382 1822 432 1854 vel
448 1821 580 1853 alterius
597 1820 643 1854 rei
658 1821 819 1854 solutione
838 1827 870 1854 et
888 1821 1120 1865 praestatione,

383 1874 588 1914 extrahendi,
615 1880 646 1907 et
670 1875 707 1907 ad
726 1875 929 1918 praedictum
948 1875 1120 1917 collegium

382 1938 442 1970 pro
468 1928 555 1960 illius
581 1938 638 1960 usu
664 1928 880 1967 conducendi,
908 1933 939 1960 et
965 1929 1061 1960 etiam
1086 1929 1122 1960 il-

380 1981 427 2014 las
452 1980 484 2013 in
517 1982 661 2024 praefata
697 1981 824 2014 civitate
851 1981 1050 2014 Bononiensi
1083 1982 1121 2014 il-

381 2034 511 2078 liusque
545 2035 697 2068 comitatu
729 2045 766 2067 ac
797 2035 923 2078 reliquo
950 2034 1040 2068 Statu
1065 2035 1122 2068 Ec-

382 2088 565 2121 clesiastico
591 2089 771 2129 vendendi,
798 2093 829 2121 et
853 2089 892 2122 de
918 2088 983 2122 illis
1009 2089 1047 2121 ad
1069 2099 1122 2122 eo-

382 2151 452 2174 rum
478 2141 605 2174 libitum
632 2141 828 2185 disponendi
850 2152 857 2175 :
884 2152 944 2185 pro
978 2147 1121 2185 tempore

382 2205 459 2228 vero
484 2195 578 2228 aliter
602 2195 753 2228 existenti
778 2195 809 2228 S.
838 2196 875 2228 R.
905 2196 940 2228 E.
968 2195 1121 2229 cardinali

383 2249 528 2281 eiusdem
554 2249 684 2291 collegii
711 2249 885 2292 protectori
901 2260 937 2282 ac
955 2249 1053 2282 iudici
1072 2261 1122 2282 or-

384 2302 511 2335 dinario
536 2302 688 2335 officiales
714 2308 746 2335 et
771 2302 936 2336 ministros
963 2303 1122 2346 deputan-

384 2356 426 2395 di,
452 2361 568 2389 statuta
593 2356 765 2396 condendi,
790 2367 967 2400 omnesque
992 2358 1065 2390 lites
1091 2363 1123 2391 et

384 2420 498 2442 causas
534 2410 664 2450 civiles,
703 2410 887 2444 criminales
924 2416 956 2444 et
991 2411 1121 2452 mixtas,

384 2462 504 2495 dictum
530 2463 701 2506 collegium
719 2463 874 2506 illiusque
893 2474 1053 2507 personas
1071 2475 1121 2497 res

385 2521 416 2547 et
431 2516 517 2548 bona
534 2516 779 2559 quomodolibet
796 2522 1043 2558 concernentes,
1059 2523 1120 2550 tam

386 2568 502 2602 activas
526 2580 619 2612 quam
644 2570 796 2613 passivas,
815 2570 911 2603 etiam
929 2570 1000 2604 illas
1021 2581 1039 2603 a
1055 2571 1123 2614 qui-

385 2621 528 2655 buslibet
552 2622 711 2656 iudicibus
737 2623 904 2656 avocando
923 2651 930 2665 ‚
964 2624 1122 2667 privative

421 2687 433 2710 1
455 2683 526 2711 Edit.
548 2684 628 2713 Maia,
648 2685 715 2721 legit
733 2685 882 2714 mediante
897 2688 937 2722 (a.
954 2687 1004 2722 12).

965 282 1149 306 tintinnum
1173 282 1331 306 ROMANUM

1167 332 1275 375 quoad
1301 341 1415 364 omnes
1440 336 1471 364 et
1496 332 1639 375 singulos
1671 333 1750 366 alios
1783 332 1904 366 iudices

1167 384 1349 417 ordinarios
1368 390 1398 417 et
1416 385 1583 427 delegatos
1603 395 1783 429 eorumque
1801 386 1904 418 curias

1167 444 1197 470 et
1223 438 1410 476 tribunalia,
1436 439 1605 479 audiendi,
1633 440 1848 482 cognoscendi
1874 446 1905 473 et

1167 491 1230 524 tine
1258 492 1367 524 debito
1401 492 1614 531 terminandi,
1641 493 1825 526 facultatem
1852 494 1905 526 tri-

1167 545 1251 582 buit,
1279 545 1469 588 diversaque
1496 545 1629 578 babeat'
1656 546 1838 589 privilegia,
1866 547 1905 580 sa-

1166 600 1325 637 cultores,
1353 599 1592 641 praerogativas
1609 626 1616 636 ‚
1642 600 1759 641 gratias
1795 606 1826 632 et
1858 600 1905 632 in-

1166 652 1253 684 dulta
1278 652 1383 684 eidem
1409 652 1549 694 collegio
1576 652 1726 696 illiusque
1756 654 1904 696 personis

1166 706 1261 737 relius
1288 711 1318 738 et
1342 705 1436 738 bonis
1461 706 1623 738 concessit
1640 732 1647 744 ,
1679 716 1714 738 ac
1750 706 1904 749 elargitus

1166 764 1229 798 cst·,
1258 763 1288 791 et
1313 759 1401 798 alias,
1419 762 1515 802 prout
1540 759 1571 791 in
1598 758 1698 802 ipsius
1715 759 1791 792 Sixti
1810 770 1905 802 prae-

1167 810 1349 844 decessoris
1375 811 1489 844 litteris
1516 811 1657 854 desuper
1682 812 1742 844 sub
1759 812 1903 855 plumbo,

1167 874 1251 897 anno
1266 864 1501 897 incarnationis
1518 865 1698 898 dominicae
1712 875 1905 904 iuanxxvm‚

1165 927 1202 949 xv
1228 917 1382 950 kalendas
1407 918 1598 957 decembris,
1626 918 1805 961 expeditis,
1829 929 1908 961 qua-

1166 980 1235 1002 rum
1262 975 1407 1002 tenorem
1433 970 1658 1013 praesentibus
1683 980 1742 1013 pro
1764 972 1860 1014 plene
1877 976 1908 1003 et

1166 1022 1366 1056 sufficienter
1391 1034 1545 1066 expresso
1582 1035 1617 1056 ac
1655 1024 1693 1056 de
1729 1024 1829 1056 verbo
1867 1024 1906 1056 ad

1166 1075 1297 1108 verbum
1324 1076 1445 1110 inserto
1467 1077 1580 1110 baberi
1596 1078 1755 1117 volumus,
1774 1077 1907 1109 uberius

1166 1128 1361 1162 continetur.

1210 1183 1224 1225 ἓ
1250 1181 1281 1215 Ξ.
1309 1183 1385 1215 Cum
1420 1188 1553 1223 autem,
1592 1184 1675 1217 sicut,
1707 1183 1815 1217 dilecti
1850 1183 1905 1217 lilii

1168 1240 1274 1267 rector
1310 1241 1342 1268 et
1377 1236 1542 1269 scholares
1582 1237 1711 1279 collegii
1748 1236 1906 1280 praedicti

1167 1289 1260 1321 nobis
1286 1300 1391 1332 nuper
1417 1290 1533 1332 exponi
1567 1290 1731 1330 fecerunt,
1768 1290 1907 1334 praefati

1166 1342 1242 1374 Sivti
1269 1343 1531 1385 praedecessoris
1557 1343 1705 1383 litterae,
1732 1353 1768 1376 ac
1792 1343 1825 1376 in
1858 1343 1905 1376 eis

1166 1400 1332 1435 contenta,
1353 1396 1511 1428 hactenus
1536 1396 1668 1435 illibate,
1687 1401 1722 1428 ut
1746 1406 1803 1439 par
1827 1401 1907 1436 erat,

1166 1449 1333 1481 observata
1358 1449 1502 1488 suerint,
1530 1460 1565 1482 ac
1590 1450 1686 1482 etiam
1725 1460 1801 1482 num
1838 1451 1907 1493 ple-

1167 1512 1244 1534 num
1271 1502 1440 1534 obtineant
1454 1502 1606 1544 vigorem,
1624 1503 1846 1547 privativaque
1865 1504 1908 1535 iu-

1167 1555 1322 1594 risdictio,
1338 1556 1494 1588 cardinali
1510 1555 1699 1599 protectori,
1714 1555 1796 1588 sicut
1812 1566 1906 1599 prac-

1166 1608 1311 1648 mittitur,
1330 1608 1494 1649 attributa,
1515 1608 1652 1651 geminis
1678 1609 1773 1642 etiam
1793 1610 1908 1643 rescri-

1166 1663 1229 1705 ptis
1255 1662 1447 1705 Signaturae
1473 1662 1616 1695 iustitiae
1633 1690 1640 1702 ‚
1667 1673 1702 1695 ac
1736 1663 1907 1696 novissime

1167 1715 1310 1752 decreto,
1327 1725 1386 1758 per
1401 1715 1505 1747 bonae
1524 1715 1699 1748 memoriae
1714 1715 1906 1759 prosperum

1167 1768 1270 1800 dictae
1295 1768 1327 1800 S.
1349 1768 1384 1800 B.
1406 1768 1441 1800 E.
1469 1767 1668 1801 cardinalem
1694 1768 1906 1802 Maresuscum

1166 1828 1408 1864 nuncupatum,
1441 1821 1516 1854 dum
1554 1822 1747 1855 recolendae
1781 1833 1904 1856 memo-

1167 1875 1233 1908 riae
1266 1875 1440 1908 Clementis
1471 1875 1529 1907 PP.
1569 1875 1607 1907 XI
1643 1876 1907 1919 praedecessoris

1167 1939 1297 1972 quoque
1322 1929 1422 1961 nostri
1448 1928 1630 1961 auditorem
1655 1930 1787 1972 agebat,
1807 1930 1905 1970 edito,

1167 1982 1359 2014 iudicialiter
1382 1987 1504 2014 asserta
1529 1992 1565 2015 ac
1589 1982 1749 2017 vindicata
1783 1982 1879 2016 suerit
1898 2010 1906 2021 ,

1167 2036 1339 2079 ipsumque
1370 2035 1545 2078 collegium
1579 2045 1645 2069 non
1681 2036 1752 2069 sine
1785 2037 1907 2080 ingenti

1166 2089 1330 2122 studiosae
1355 2089 1530 2122 iuventutis
1555 2089 1587 2121 in
1613 2099 1651 2122 eo
1672 2089 1819 2132 degentis
1836 2100 1910 2133 pro-

1167 2153 1281 2186 gressu
1320 2153 1357 2175 ac
1390 2142 1610 2175 univcrsitatis
1636 2143 1818 2176 studiorum
1853 2154 1907 2186 gc-

1167 2196 1326 2229 neralium
1345 2196 1449 2229 dictae
1467 2196 1603 2229 civitatis
1622 2196 1836 2230 Bononiensis
1856 2197 1909 2230 de-

1167 2260 1242 2283 core
1268 2255 1300 2282 et
1323 2255 1513 2282 ornamento
1538 2260 1624 2283 nunc
1641 2260 1770 2293 quoque
1788 2250 1908 2284 eximie

1167 2304 1286 2337 llorere
1311 2304 1544 2346 dignoscatur;
1584 2303 1658 2347 quia
1696 2309 1802 2337 tamen
1834 2304 1909 2338 soli-

1167 2357 1237 2390 dius
1263 2356 1456 2396 subsistunt‚
1482 2368 1565 2400 quae
1587 2357 1684 2390 huius
1703 2357 1837 2391 Sanctae
1856 2358 1908 2391 Se-

1167 2410 1215 2443 dis
1240 2411 1369 2454 saepius
1403 2410 1579 2444 fulciuntur
1604 2411 1818 2451 auctoritate,
1845 2412 1907 2455 ipsi

1167 2470 1370 2508 exponentes
1396 2465 1576 2508 praemissa
1600 2466 1798 2508 apostolicae
1831 2476 1910 2499 con—

1167 2517 1359 2550 firmationis
1394 2524 1525 2550 nostrae
1561 2518 1678 2551 robore
1714 2518 1909 2552 communiri

1167 2581 1375 2614 summopere
1394 2571 1596 2604 desiderent:
1616 2581 1688 2612 nos,
1706 2571 1837 2605 eosdem
1854 2582 1909 2605 ex·

1167 2630 1328 2668 ponentes
1347 2624 1544 2668 specialibus
1567 2624 1731 2658 favoribus
1749 2630 1780 2658 et
1797 2625 1909 2668 gratiis

1204 2687 1214 2713 1
1237 2686 1351 2715 Videtur
1370 2686 1517 2722 legendum
1536 2687 1599 2715 alia
1618 2695 1667 2723 pro
1688 2687 1792 2716 habeat
1809 2688 1844 2723 (n.
1857 2688 1906 2721 τ.).

1915 285 1964 310 An.
1984 284 2014 311 C.
2032 282 2098 313 ¹734

1959 1193 2016 1218 Onne
2031 1194 2102 1214 omnia

1918 1221 2036 1246 apostolica
2065 1227 2102 1240 an-

1919 1249 2017 1269 ctoritate
2035 1247 2103 1268 robu-

1919 1277 1998 1295 rantur.
