2182 3137
187 252 237 279 An.
257 250 285 277 c.
304 250 371 277 ¹732
416 241 480 275 356

224 1331 304 1352 Vicarii
326 1337 370 1352 mu-

186 1365 244 1380 11613.

375 308 438 328 111111
462 298 568 337 potiori
591 302 671 337 parte
694 301 862 334 annuente,
888 306 949 327 rem
971 296 1006 326 ad
1028 295 1115 326 ahba-

374 351 431 376 tem
456 346 622 385 generalem
645 346 765 376 deserat.

415 403 472 424 xiv.
496 395 560 424 Etsi
590 395 741 433 proprium
775 394 887 424 abbatis
918 393 1048 423 osticium
1072 396 1116 423 est

375 443 586 473 monasterium
602 443 657 472 sibi
674 443 862 473 commissum
886 443 1042 480 diligenter
1064 451 1116 480 gu—

374 492 519 530 bernare,
543 501 638 531 neque
667 492 692 521 is
715 497 832 531 propter
863 491 942 521 aliud
964 491 1114 531 quidpiam

375 541 444 570 huic
468 541 583 570 muneri
606 541 706 570 deesse
728 541 824 575 debet,
845 541 867 569 si
888 540 1003 579 quando
1019 544 1115 569 tamen

376 598 428 628 per
443 589 531 618 0111611
554 589 599 618 5111
622 589 843 627 occupationem
867 588 978 625 licebit,
999 588 1116 618 concio-

375 637 439 667 nari
461 642 489 667 et
511 638 709 667 consessiones
731 637 833 667 audire
856 638 973 677 poterit.

417 694 463 715 xv,
487 686 557 715 Tam
579 685 668 715 abbas
691 695 776 725 quam
793 695 894 715 omnes
913 685 962 715 alii
981 685 1116 715 sacerdo-

376 738 421 763 tes
443 734 601 773 aliquando
623 734 699 763 intra
723 743 831 763 annum
855 733 982 763 osticium
1006 734 1050 763 vel
1074 733 1114 762 os-

376 783 441 812 ficia
464 793 578 820 eorum,
603 783 652 823 qui
676 785 854 813 monasterio
876 783 1053 821 inserviunt,
1081 783 1116 812 ad

376 837 491 871 tempus
513 833 630 871 aliquod
655 832 776 862 obibunt
799 832 833 862 ad
852 832 1025 862 exercitium
1049 831 1117 861 reli-

376 881 473 919 giosae
492 881 668 911 humilitatis
691 885 720 910 et
742 881 988 910 mortificationis.

538 930 606 960 CAP.
628 930 688 959 Vll.
712 948 749 952 —
772 930 812 959 De
834 930 948 959 vicario.

415 987 434 1008 1.
460 979 591 1008 vicarius
607 978 726 1016 eligitur
749 977 784 1007 ab
807 977 911 1007 abbate
931 976 1114 1013 monasterii,

376 1028 498 1067 eiusque
520 1028 649 1057 officium
671 1027 781 1056 tamdiu
805 1026 901 1062 durat,
919 1026 1060 1064 quamdiu
1075 1026 1118 1054 01-

377 1077 476 1106 ficium
499 1076 626 1112 abbatis,
651 1085 704 1105 nec
727 1075 762 1104 ab
785 1085 818 1104 eo
841 1075 984 1104 removeri
1006 1074 1094 1104 (lebet
1108 1097 1116 1110 ‚

377 1126 434 1155 nisi
457 1126 492 1155 116
514 1134 659 1155 consensu
692 1124 930 1162 congregationis
960 1123 1119 1153 monacho-

379 1182 456 1203 rum.
481 1173 551 1203 Eius
573 1178 669 1203 autem
693 1173 773 1203 locus
795 1173 833 1202 sit
850 1173 960 1211 primus
984 1176 1048 1211 post
1070 1171 1119 1201 ab-

380 1221 495 1259 batem,
519 1227 546 1252 et
575 1227 639 1262 post
669 1231 718 1251 605
751 1222 801 1261 qui
831 1221 945 1251 abbatis
973 1220 1119 1259 generalis

381 1271 425 1300 vel
448 1272 679 1309 hegumenorum
703 1271 798 1301 officio
821 1271 914 1301 suncti
937 1275 1015 1300 sunt.
1108 1270 1110 1272 ’

421 1329 451 1349 11.
475 1320 578 1350 [liunus
611 1320 800 1359 praecipuum
831 1319 933 1349 vicarii
962 1323 1006 1348 est
1033 1317 1121 1347 abba-

381 1373 439 1399 tem
462 1369 563 1399 iuvare
591 1369 620 1398 in
654 1369 689 1398 iis
721 1378 795 1409 quae
827 1369 856 1398 in
888 1378 994 1407 genere
1024 1367 1068 1397 vel
1090 1367 1120 1396 in

382 1418 554 1457 particulari
570 1419 595 1448 ei
611 1418 843 1455 commendabit,
862 1427 915 1447 nec
931 1416 1120 1456 dispensandi

382 1470 430 1496 aut
449 1467 580 1497 mutandi
603 1472 652 1497 aut
675 1468 832 1506 quidquam
857 1466 994 1503 faciendi,
1012 1466 1069 1494 nisi
1086 1474 1122 1494 ex

383 1516 512 1559 eiusdem
537 1516 734 1555 praescripto,
759 1516 926 1545 facultatem
949 1514 1080 1544 habebit.

422 1574 463 1594 111.
487 1564 615 1595 Absente
637 1564 738 1594 abbate
761 1565 857 1594 omnia
881 1565 976 1594 136616
1000 1563 1120 1602 poterit,

384 1623 456 1653 quae
479 1614 541 1653 ipse
557 1613 646 1643 abbas
668 1614 829 1643 secundum
854 1613 997 1651 regulam,
1015 1611 1123 1641 consti—

384 1662 512 1692 tutiones
544 1666 572 1692 et
605 1662 831 1692 consuetudines
867 1661 1041 1701 approbatas
1077 1659 1122 1689 sui

384 1712 567 1741 monasterii.
587 1712 615 1741 Si
633 1721 702 1741 vero
721 1711 831 1750 aliquid
856 1709 1122 1740 extraordinarium

385 1761 545 1795 acciderit,
569 1761 646 1800 quod
679 1761 748 1790 adeo
781 1765 882 1798 urgeat
916 1764 946 1789 111
972 1758 1122 1789 commode

385 1809 473 1839 abbas
495 1810 645 1849 expectari
667 1814 806 1849 nequeat,
829 1809 857 1838 id
880 1808 1020 1847 expedire
1042 1812 1123 1845 pote-

385 1859 423 1888 rit
444 1859 582 1896 vicarius,
599 1859 705 1888 auditis
721 1858 949 1895 consultoribus,
966 1857 1122 1895 statimque

385 1908 521 1939 redeunti
543 1908 641 1938 abbati
662 1909 780 1938 reserat.
804 1909 963 1938 Praesente
984 1916 1053 1936 vero
1075 1906 1123 1935 ab·

385 1957 462 1996 bate,
486 1959 520 1987 ea
542 1962 654 1988 tantum
678 1958 880 1988 iurisdictione
903 1960 1022 1993 utetur,
1049 1965 1123 1995 quae

386 2007 441 2037 sibi
464 2007 553 2037 1116111
575 2007 741 2037 commissa.

426 2065 464 2086 lv.
488 2056 634 2086 Osficiales
656 2056 769 2093 visitet,
793 2056 908 2095 quoties
931 2064 1002 2094 opus
1024 2054 1122 2092 suerit,

387 2104 568 2134 observando
590 2105 734 2144 quomodo
756 2115 841 2134 suum
857 2105 980 2144 quisque
996 2103 1122 2133 officium

387 2158 561 2192 exequatur.
590 2153 772 2192 Frequenter
800 2154 887 2183 etiam
921 2153 1004 2182 adeat
1037 2153 1124 2182 cellas

387 2206 415 2232 et
431 2202 485 2232 alia
502 2203 564 2232 loca
580 2202 764 2239 monasterii,
781 2207 812 2232 ut
829 2203 932 2232 domus
951 2201 1057 2231 munda
1073 2201 1122 2240 sit,

387 2256 415 2281 et
436 2251 531 2281 onmia
554 2251 664 2290 ubique
696 2251 835 2281 decenter
867 2251 927 2281 suis
954 2251 1025 2280 10615
1047 2260 1124 2280 60111-

387 2300 492 2339 posita,
509 2310 542 2330 ac
560 2300 730 2340 praesertim
753 2301 783 2330 in
806 2301 853 2338 iis,
877 2309 952 2339 quae
974 2299 1009 2329 ab
1031 2304 1124 2329 exter-

387 2349 433 2379 nis
460 2349 556 2379 videri
579 2350 685 2379 solent.
708 2349 848 2379 Noctibus
880 2349 1004 2386 singulis
1026 2354 1123 2387 portas

387 2399 556 2428 monasterii
579 2399 676 2428 videat
699 2408 734 2428 an
757 2399 832 2428 116116
854 2398 969 2428 61311536
997 2399 1072 2436 sint,
1097 2403 1125 2428 et

387 2447 474 2477 cellas
506 2448 715 2477 monachorum
747 2447 845 2477 visitet
876 2457 912 2477 ne
945 2447 1009 2486 quis
1041 2452 1122 2477 extra

386 2496 552 2526 cubiculum
577 2501 708 2534 vagetur.
732 2496 872 2527 Observet
893 2496 979 2526 etiam
1002 2496 1122 2533 crebro,

387 2553 456 2574 num
480 2545 589 2584 aliquid
611 2544 685 2574 desit
711 2554 745 2574 ex
769 2544 943 2574 necessariis
965 2548 1014 2574 aut
1035 2544 1125 2574 abun-

387 2593 435 2623 det
456 2593 616 2623 monachis.
641 2593 805 2632 Eorumque
820 2602 919 2623 curam
942 2593 1124 2632 potissimum

388 2641 491 2671 habeat
507 2666 515 2680 ,
539 2642 588 2681 qui
610 2642 640 2672 in
663 2643 793 2682 corporis
823 2643 895 2672 cura
923 2642 1067 2672 minorem
1089 2642 1124 2673 de

957 248 1139 272 BULLARIUM
1164 248 1320 273 ROMANUM

1156 305 1187 326 se
1210 297 1281 336 ipsis
1303 297 1530 327 sollicitudinem
1552 302 1670 335 gerunt,
1694 297 1895 336 rationemque

1156 345 1191 374 de
1213 345 1301 375 rebus
1325 346 1460 375 omnibus
1483 345 1673 383 monasterii,
1697 354 1769 384 quas
1791 345 1896 375 viderit

1157 398 1207 424 aut
1228 398 1369 424 executus
1401 395 1488 424 1116111
1502 419 1509 432 ,
1539 394 1638 424 abbati
1656 418 1663 432 ,
1687 394 1800 433 quoties
1822 402 1895 433 opus

1158 443 1257 480 suerit,
1274 443 1376 473 reddat
1398 447 1425 472 et
1446 444 1565 473 referat.
1588 442 1770 481 Redigatque
1791 442 1821 472 in
1837 450 1896 471 me-

1158 492 1292 529 moriam,
1310 501 1384 531 quae
1406 491 1571 521 necessaria
1587 491 1765 521 monasterio
1787 490 1896 520 iudica-

1158 540 1211 576 bit,
1234 545 1265 570 111
1287 540 1322 570 de
1344 541 1476 570 emendis
1502 540 1589 570 rebus
1611 540 1646 570 ad
1669 540 1778 569 victum
1800 543 1828 569 et
1850 548 1898 569 ve-

1158 589 1260 618 stitum
1279 589 1463 626 necessariis,
1481 594 1509 619 61
1524 589 1647 618 fratrum
1664 588 1754 618 nimio
1770 593 1820 618 aut
1837 588 1898 618 exi·

1158 647 1214 676 guo
1236 637 1347 675 labore,
1367 638 1402 667 de
1424 637 1547 667 sanitate
1569 641 1597 667 et
1619 636 1777 666 similibus.

1199 695 1226 715 v.
1241 686 1327 716 Horis
1344 686 1479 716 omnibus
1494 686 1601 716 divinis
1614 685 1766 715 nocturnis
1781 690 1810 715 et
1821 685 1898 715 diur-

1158 735 1204 765 nis
1226 740 1313 775 atque
1342 745 1441 765 sacrae
1473 735 1608 773 liturgiae
1638 734 1832 775 personaliter
1853 734 1896 763 in-

1160 785 1254 823 tersit,
1279 788 1307 814 et
1329 784 1462 814 observet
1487 794 1523 813 an
1546 793 1647 813 omnes
1670 783 1787 818 adsint,
1811 787 1839 812 et
1862 791 1897 812 an

1159 834 1206 863 die
1230 838 1338 863 statuto
1360 833 1394 863 ad
1417 833 1630 863 consessionem
1661 836 1689 861 et
1720 831 1900 861 communio-

1160 891 1226 912 nem
1250 882 1406 919 accedant,
1431 886 1480 911 aut
1502 882 1619 911 missam
1643 879 1803 910 celebrent.
1827 879 1898 909 ltem

1160 934 1240 960 notet
1258 940 1294 960 an
1317 931 1485 960 constitutis
1508 930 1587 959 horis
1609 929 1637 958 in
1662 928 1815 958 refectorio
1831 937 1900 957 con-

1161 979 1290 1017 veniant,
1314 984 1364 1009 aut
1386 989 1400 1008 e
1424 979 1600 1009 monasterio
1622 978 1822 1016 egrediantur,
1839 977 1899 1006 sive

1161 1028 1197 1057 ad
1214 1028 1286 1057 illud
1307 1028 1526 1066 regrediantur,
1546 1037 1582 1057 an
1614 1036 1629 1056 e
1652 1027 1726 1056 lecto
1750 1030 1898 1064 surgant,

1161 1080 1211 1105 aut
1226 1076 1356 1106 cubitum
1379 1081 1456 1106 eant.
1480 1076 1614 1106 Defectus
1636 1076 1763 1114 denique
1786 1084 1898 1110 omnes,

1161 1125 1185 1154 si
1209 1134 1280 1164 quos
1312 1125 1343 1154 in
1366 1125 1542 1154 monasterio
1569 1124 1829 1161 animadverterit,
1856 1123 1900 1152 vel

1162 1174 1280 1203 aliunde
1301 1174 1492 1211 intellexerit,
1516 1178 1544 1203 et
1567 1182 1767 1212 quaecumque
1789 1173 1845 1202 alia
1867 1172 1900 1202 ad

1162 1221 1267 1251 bonam
1291 1222 1533 1260 gubernationem
1561 1222 1615 1252 sibi
1639 1221 1833 1257 occurrerint,
1853 1220 1903 1250 ab—

1163 1272 1222 1302 bati
1245 1272 1360 1302 reserat.

1203 1330 1241 1350 v1.
1266 1321 1394 1359 Singulis
1429 1321 1617 1351 hebdomadis
1647 1320 1781 1359 disponat
1807 1320 1900 1349 officia

1164 1370 1346 1408 monasterii,
1361 1369 1532 1408 tabulasque
1545 1369 1690 1399 conficiat.
1704 1368 1900 1398 Ministrorum

1165 1418 1246 1448 chori
1270 1422 1297 1447 et
1319 1418 1470 1456 ecclesiae,
1485 1418 1631 1457 horasque
1648 1418 1803 1446 missarum
1827 1416 1903 1445 inter

1165 1467 1330 1497 sacerdotes
1352 1467 1529 1505 distribuat,
1564 1476 1650 1506 quam
1680 1466 1796 1506 quidem
1819 1465 1902 1495 tabu-

1165 1516 1233 1553 lam,
1252 1515 1287 1545 ab
1311 1515 1414 1545 abbate
1437 1516 1639 1555 approbatam,
1656 1515 1685 1545 in
1709 1516 1771 1545 loco
1793 1515 1903 1554 patenti

1166 1568 1315 1604 exponat,
1340 1569 1371 1594 111
1393 1565 1422 1593 111
1445 1564 1601 1594 1616610110
1623 1564 1776 1602 legendam
1810 1568 1902 1593 curet.

1166 1614 1230 1653 lpse
1253 1624 1321 1644 vero
1344 1613 1399 1643 sibi
1422 1614 1633 1644 hebdomadam
1666 1618 1724 1643 tam
1756 1613 1785 1642 in
1815 1613 1904 1642 choro

1166 1672 1253 1702 quam
1275 1663 1305 1692 in
1330 1663 1427 1692 missis
1456 1663 1611 1700 canendis,
1636 1663 1711 1692 sicut
1734 1665 1762 1691 et
1783 1661 1905 1700 reliquis

1166 1712 1316 1750 fratribus,
1341 1711 1461 1742 tribuat.

1186 1763 1259 1791 CAP.
1276 1761 1350 1791 vill,
1367 1778 1403 1781 —
1421 1760 1459 1790 De
1481 1771 1619 1790 oeconomo
1640 1771 1687 1789 seit
1707 1765 1885 1799 procuratore

1450 1810 1620 1838 nmaasterii.

1206 1868 1226 1888 1.
1251 1858 1434 1889 Occonomus
1455 1857 1517 1887 sive
1539 1861 1712 1896 procurator
1743 1857 1778 1887 ab
1801 1856 1906 1886 abbate

1167 1907 1338 1937 monasterii
1374 1906 1582 1936 constituitur:
1619 1906 1740 1946 eiusque
1775 1905 1905 1935 osticium

1167 1962 1211 1987 est
1227 1967 1274 1987 res
1294 1955 1468 1995 temporales
1490 1956 1659 1985 monasterii
1681 1965 1784 1985 curare
1806 1960 1835 1985 et
1856 1955 1906 1985 ad-

1167 2007 1358 2043 ministrare,
1383 2006 1536 2045 omniaque
1570 2006 1742 2045 tempestive
1773 2005 1907 2045 provide-

1168 2066 1209 2091 re,
1234 2055 1341 2095 quibus
1364 2055 1497 2084 monachi
1520 2055 1663 2093 indigent.

1207 2114 1236 2135 11.
1272 2105 1302 2134 ln
1336 2104 1439 2143 primis
1471 2103 1561 2142 igitur
1593 2113 1679 2133 nosse
1712 2102 1798 2133 debet
1829 2102 1904 2132 bona

1168 2154 1265 2183 onmia
1282 2152 1463 2191 monasterii,
1481 2157 1538 2182 tam
1554 2152 1672 2182 mobilia
1695 2161 1782 2191 quam
1804 2151 1905 2181 immo-

1167 2203 1248 2240 bilia,
1271 2211 1368 2240 agros,
1393 2201 1503 2239 vineas,
1528 2205 1622 2240 prata,
1652 2200 1778 2238 oliveta,
1803 2209 1904 2239 greges

1167 2252 1276 2288 ovium,
1299 2255 1328 2280 61
1349 2250 1394 2280 1115
1416 2249 1543 2279 similia:
1560 2259 1683 2289 quorum
1706 2249 1904 2279 inventarium

1167 2309 1256 2340 penes
1278 2309 1309 2329 se
1331 2298 1459 2336 habebit,
1478 2308 1611 2338 quaeque
1629 2308 1715 2337 saepe
1738 2308 1804 2328 cum
1826 2299 1904 2329 socio

1167 2349 1286 2379 visitare
1301 2347 1427 2385 debebit,
1441 2357 1477 2377 ne
1493 2347 1560 2387 quid
1576 2347 1745 2377 detrimenti
1760 2357 1798 2377 ex
1812 2348 1904 2388 ipsius

1167 2397 1347 2436 negligentia
1369 2397 1498 2436 capiant.

1206 2456 1248 2477 111.
1273 2447 1434 2476 Proventus
1459 2455 1661 2485 quoscumque
1683 2446 1855 2476 monasterii
1877 2451 1905 2476 et

1167 2497 1379 2534 eleemosynas,
1399 2504 1470 2534 quas
1489 2495 1585 2534 ipsum
1608 2494 1697 2525 abbas
1719 2495 1837 2533 exigere
1860 2495 1905 2525 iu-

1166 2544 1258 2582 bebit,
1282 2544 1378 2582 exigat
1410 2548 1438 2573 et
1469 2544 1603 2582 recipiat.
1627 2543 1812 2582 Syngraphas
1834 2552 1902 2574 vero

1166 2593 1341 2631 solutionis,
1366 2592 1481 2632 quando
1515 2601 1587 2631 opus
1610 2591 1714 2630 suerit,
1739 2591 1800 2630 ipse
1823 2590 1903 2621 dabit

1166 2641 1346 2681 subscriptas
1374 2640 1409 2671 ab
1440 2640 1566 2679 abbate,
1590 2644 1640 2670 aut
1667 2649 1681 2670 a
1708 2648 1739 2669 56
1765 2648 1800 2669 ex
1821 2639 1903 2670 illius

1907 252 1956 274 An.
1978 248 2093 278 &1732

1951 1871 2100 1893 Procuratotis

1916 1897 2014 1920 officium.
