2182 3137
105 220 157 249 An.
177 217 206 246 C.
225 215 292 245 ¹730

158 1764 283 1787 clausulae.

221 2556 339 2582 tiemgauo

153 2587 318 2609 GOltiNllqulB-

943 197 1083 222 CLEMENS
1111 197 1151 220 ΧΠ
1178 196 1224 220 Pr.

300 262 382 297 licae
408 255 665 294 confirmationis
695 250 876 297 patrocinio
903 257 1044 281 commu-

301 316 373 350 nire
399 315 438 348 de
462 310 665 354 benignitate
692 304 872 350 apostolica
898 301 1047 344 dignare-

303 380 386 404 mur.
406 367 470 401 Nos
497 365 606 408 igitur,
628 360 729 405 ipsius
749 354 972 403 procuratoris
993 363 1046 396 ge-

303 421 423 456 neralis
447 418 527 452 votis
553 417 613 449 hac
640 415 671 447 in
699 423 752 452 re,
781 415 939 454 quantum
974 416 1046 439 cum

303 475 439 509 Domino
461 478 641 516 possumnS,
662 464 882 500 favorabiliter
904 469 1048 495 annuere

304 529 463 566 volentes,
485 533 625 567 eumque
645 532 660 554 a
679 517 848 565 quibusvis
868 524 1050 550 exeommu-

305 579 499 619 nicationis,
537 573 763 620 suspensionis
804 576 835 604 et
875 566 1049 606 interdicti,

306 635 442 678 aliisque
469 628 698 665 ecelesiasticis
725 623 911 662 sententiis,
943 629 1052 654 censu-

307 689 350 722 ris
373 692 403 720 et
439 684 572 730 poenis,
609 693 625 715 a
653 682 722 714 iure
758 679 806 711 vel
833 677 872 710 ab
904 674 1050 713 bomine,

308 739 419 785 quavis
445 737 616 772 occasione
643 735 691 768 vel
718 733 813 766 causa
838 729 922 767 latis,
941 727 967 760 si
987 725 1054 770 qui-

308 794 369 828 bus
396 789 638 837 quomodolibet
666 785 840 820 innodatus
868 781 990 820 existit,
1015 779 1054 812 ad

310 847 456 882 effectum
489 841 710 889 praesentium
745 839 910 871 dumtaxat.
942 843 1055 867 conse-

311 899 501 944 quendum,
528 897 642 930 barum
680 892 764 926 serie
791 890 998 924 absolventes
1024 890 1057 919 et

313 953 496 987 absolutum
535 950 604 983 fore
641 950 831 983 censentes,
867 939 1055 974 buiusmodi

312 1003 611 1051 supplicationibus
648 998 806 1039 inclinati,
833 997 871 1029 de
897 1003 1057 1028 memora-

315 1065 419 1093 torum
446 1055 670 1094 cardinalium,
698 1051 750 1096 qui
778 1060 845 1083 rem
873 1048 1057 1081 universam

315 1119 440 1147 matum
478 1120 536 1154 per
570 1108 662 1141 binas
699 1106 786 1139 vices
822 1103 1056 1141 discusserunt,

316 1165 462 1205 consilio,
488 1167 609 1197 statuta
634 1166 667 1194 et
691 1160 823 1193 decreta
845 1155 1059 1200 praeinserta,

317 1231 353 1255 ae
378 1218 486 1253 omnia
512 1222 543 1250 et
566 1214 695 1258 singula
716 1213 746 1245 in
767 1211 812 1245 eis
832 1213 994 1245 contenta,
1011 1216 1062 1238 au-

318 1274 466 1308 ctoritate
485 1268 672 1315 apostolica,
693 1271 808 1300 tenore
829 1259 1060 1307 praesentium,

318 1327 545 1362 confirmamus
583 1328 614 1356 et
650 1319 894 1364 approbamus,
932 1314 1062 1358 illisque

320 1379 518 1415 inviolabilis
544 1374 744 1421 apostolicae
776 1369 938 1404 firmitatis
964 1367 1065 1400 robur

321 1433 511 1471 adiicimus,
537 1440 574 1464 ac
609 1437 722 1462 omnes
758 1430 790 1459 et
814 1422 961 1466 singulos
986 1419 1065 1453 iuris

323 1493 356 1522 et
382 1486 454 1521 sacti
482 1485 651 1522 defectus,
678 1481 704 1514 si
732 1479 785 1524 qui
817 1478 958 1520 desuper
989 1483 1065 1518 qno-

323 1540 505 1575 modolibet
519 1533 766 1572 intervenerint,
786 1531 993 1575 supplemus:
1012 1526 1068 1559 sal-

324 1597 362 1629 νῑι
387 1600 495 1627 tamen
522 1599 652 1634 semper
685 1588 717 1621 in
743 1583 933 1631 praemissis
958 1585 1068 1614 aueto-

325 1649 418 1682 ritate
444 1649 642 1680 memoratae
668 1636 941 1684 Congregationis
966 1633 1069 1667 cardi-

326 1702 462 1736 nalium.

372 1756 387 1800 g
404 1754 440 1788 4.·
455 1754 685 1789 Decernentes‚
704 1748 793 1793 ipsas
812 1748 1002 1790 praesentes
1024 1741 1073 1775 lit-

329 1815 414 1843 teras
434 1816 567 1851 semper
584 1804 703 1842 firmas,
721 1800 843 1835 validas
869 1804 901 1831 et
927 1796 1073 1831 efficaces

329 1863 468 1896 existere
497 1865 529 1893 et
554 1859 640 1897 fore,
670 1864 810 1898 suosque
847 1849 1017 1895 plenarios
1043 1852 1074 1881 et

330 1916 476 1958 integros
501 1912 633 1946 effectus
654 1908 765 1943 sortiri
791 1911 823 1940 et
847 1905 1016 1943 obtinere,
1039 1911 1075 1934 ae

330 1969 409 2008 illis,
441 1967 481 2000 ad
514 1975 596 2010 quos
628 1967 753 2007 spectat
782 1965 814 1993 et
838 1969 899 2003 pro
925 1962 1076 1999 tempore

331 2019 517 2067 spectabit,
556 2018 587 2050 in
621 2014 773 2050 omnibus
811 2018 842 2045 et
877 2020 936 2055 per
968 2007 1077 2042 omnia

333 2073 525 2120 plenissime
540 2068 724 2112 suffragari,
737 2072 769 2100 et
783 2066 822 2098 ab
837 2064 883 2097 eis
901 2060 1077 2105 respective

336 2125 568 2162 inviolabiliter
589 2121 764 2160 observari,
789 2119 903 2162 sicque
928 2116 960 2148 in
985 2124 1080 2159 prae-

337 2180 443 2214 missis
465 2189 522 2223 per
540 2184 767 2220 quoscumque
793 2171 918 2204 iudices
944 2167 1077 2202 ordina-

339 2234 404 2267 rios
421 2238 452 2266 et
473 2232 651 2274 delegatos,
670 2228 765 2261 etiam
782 2233 951 2259 causarum
970 2221 1081 2266 palatii
1103 2257 1105 2262 ⁸

341 2285 507 2328 apostolici
534 2283 709 2321 auditores,
738 2278 871 2312 iudicari
899 2281 931 2310 et
955 2273 1082 2309 definiri
1104 2309 1106 2316 ¹

344 2337 488 2376 debere,
514 2347 548 2369 ac
582 2335 707 2368 irritum
744 2337 775 2365 et
811 2331 907 2364 inane
940 2328 965 2361 si
991 2337 1107 2366 secus,

344 2398 444 2433 super
462 2388 510 2421 liis
524 2399 541 2420 a
559 2397 732 2431 quoquam,
752 2383 863 2429 quavis
881 2380 1084 2419 auctoritate,
1105 2369 1108 2409 i

347 2442 486 2476 scienter
516 2441 564 2473 vel
598 2439 807 2483 ignoranter,
834 2433 1008 2478 contigerit
1040 2437 1087 2465 at-

349 2494 478 2530 mamm.

394 2549 409 2592 ἓ
433 2548 464 2582 5.
492 2547 559 2581 Non
584 2545 786 2580 obstantibus
803 2540 1088 2589 eonstitutionilms

353 2608 385 2637 ct
408 2600 670 2635 ordinationibus
690 2597 889 2642 apostolicis,
910 2607 957 2637 ae,
977 2599 1090 2638 quate-

1747 175 1788 208 59

1089 256 1149 278 nus
1166 255 1248 288 opus
1267 243 1317 282 sit,
1332 240 1506 286 quibusvis,
1524 238 1619 272 etiam
1636 236 1828 269 iuramento,

1089 296 1336 331 confirmatione
1362 293 1552 338 apostolica,
1580 291 1628 323 vel
1651 288 1760 333 quavis
1780 285 1832 318 fir-

1090 351 1201 383 mitate
1239 350 1299 383 alia
1334 346 1518 384 roboratis,
1546 343 1672 377 statutis
1700 346 1731 373 et
1756 349 1833 372 con-

1091 403 1330 441 suetudinibus,
1345 399 1521 444 privilegiis
1537 406 1678 440 qnoque,
1698 392 1833 427 indultis

1092 463 1124 491 et
1141 455 1256 490 litteris
1274 452 1463 497 apostolicis
1481 453 1511 484 in
1530 449 1727 483 eontrarium
1745 456 1836 489 prac-

1094 510 1264 543 missorum
1291 504 1537 550 quomodolibet
1563 500 1736 538 concessis,
1759 508 1836 531 con-

1094 561 1229 595 firmatis
1267 566 1298 593 et
1333 557 1517 596 innovatis,
1546 555 1663 599 quibus
1687 551 1836 586 omnibus

1095 622 1126 650 et
1145 613 1294 658 singulis,
1314 612 1443 645 illorum
1463 615 1592 642 tenores
1612 605 1837 650 praesentibus

1097 680 1156 713 pro
1193 669 1289 711 plene
1317 672 1348 698 et
1374 664 1574 696 sufficienter
1606 659 1768 702 expressis
1803 668 1839 689 ae

1098 724 1137 757 de
1163 721 1263 755 verbo
1290 720 1327 753 ad
1356 718 1487 751 verbum
1516 714 1646 747 insertis
1669 713 1839 746 babentes,

1099 777 1162 810 illis
1200 775 1279 808 alias
1318 773 1348 805 in
1375 782 1431 804 suo
1458 770 1575 802 robore
1606 763 1840 810 permansuris,

1099 831 1138 863 ad
1176 827 1429 871 praemissorum
1469 822 1637 859 ellectum,
1677 819 1736 850 bac
1772 817 1839 848 vice

1100 884 1286 919 dumtaxat,
1312 878 1500 923 specialiter
1537 881 1568 908 et
1605 881 1757 916 expresse
1791 870 1845 901 de-

1101 945 1275 979 rogamus,
1304 931 1488 974 ceterisque
1515 926 1685 962 contrariis
1712 923 1846 967 quibus-

1102 1000 1251 1033 cumque,

1146 1045 1161 1088 ξ
1194 1043 1225 1075 6.
1253 1041 1408 1074 Volumus
1445 1042 1552 1071 autem
1591 1040 1625 1066 ut
1656 1029 1845 1065 earumdem
1901 1038 1961 1082 ¹'','¹''‘
1987 1040 2043 1055 ι,.,,.

1103 1094 1326 1141 praesentium
1352 1094 1534 1126 litterarum
1554 1084 1774 1129 transumptis,
1793 1072 1917 1115 senum·
1931 1072 1996 1083 ‘'¹'''''⁴

1104 1148 1273 1193 exempliS,
1300 1146 1396 1180 etiam
1423 1142 1604 1188 impressis,
1632 1148 1729 1173 manu
1752 1137 1851 1170 alieu-

1104 1204 1153 1237 ius
1180 1201 1296 1236 notarii
1324 1198 1446 1244 publici
1467 1194 1669 1238 subscriptis,
1689 1197 1720 1225 et
1742 1189 1850 1233 sigillo

1106 1266 1267 1302 personae
1295 1254 1326 1286 in
1354 1250 1577 1286 ecclesiastica
1598 1246 1754 1290 dignitate
1774 1253 1852 1276 con-

1106 1311 1235 1344 stitutae
1272 1305 1425 1345 munitis,
1465 1304 1578 1337 eadem
1605 1311 1739 1345 prorsus
1774 1299 1853 1332 fides

1109 1370 1171 1397 tam
1205 1363 1236 1395 in
1270 1360 1390 1394 iudicio
1425 1368 1520 1402 quam
1553 1362 1642 1390 extra
1679 1354 1758 1388 illud
1797 1353 1854 1385 lia-

1108 1417 1242 1455 beatur,
1267 1423 1349 1458 quae
1388 1411 1465 1455 ipsis
1500 1408 1728 1454 praesentibus
1754 1406 1854 1439 liabe-

1111 1476 1198 1504 retur
1216 1469 1240 1502 si
1262 1468 1369 1502 forent
1383 1464 1548 1499 exhibitae
1567 1463 1617 1496 vel
1643 1466 1808 1495 ostensae.

1155 1523 1269 1555 Datum
1297 1521 1431 1558 Romae,
1451 1516 1535 1560 apud
1561 1515 1592 1548 S.
1612 1514 1742 1547 Mariam
1761 1512 1855 1544 Maio-

1113 1587 1197 1615 rem,
1225 1575 1283 1608 sub
1306 1573 1430 1607 annulo
1455 1569 1645 1609 piscatoris,
1673 1567 1725 1600 die
1754 1576 1784 1599 xi
1811 1576 1858 1598 sc.-

1113 1629 1269 1674 ptembris
1304 1635 1469 1665 unccxxx,
1511 1621 1719 1667 pontificatus
1754 1618 1857 1652 nostri

1115 1693 1200 1716 anno
1228 1692 1249 1715 r

1152 1744 1210 1771 Dat.
1229 1743 1274 1770 die
1298 1743 1324 1768 tt
1348 1739 1515 1777 septembris
1539 1738 1616 1772 1730,
1634 1736 1736 1773 pontif.
1750 1743 1824 1762 anno
1842 1740 1859 1760 1.

1837 183 1887 210 An.
1911 181 1938 209 C.
1959 181 2024 208 ¹730

1408 1795 1440 1828 F.
1469 1793 1557 1828 card.
1586 1792 1770 1826 Otivffluus.

1476 1957 1512 1989 X.

1124 2038 1336 2084 Confirmatio
1364 2037 1475 2071 Brevis
1504 2034 1629 2069 Urbani?
1662 2030 1745 2066 VIII
1773 2038 1865 2074 snper

1166 2093 1359 2127 subiectione
1395 2089 1580 2134 provinciae
1616 2087 1783 2120 Romanae
1814 2084 1868 2116 Or-

1168 2147 1257 2180 dinis
1285 2145 1453 2180 Minorum
1478 2143 1509 2174 S.
1548 2139 1718 2174 Francisci
1749 2139 1864 2180 Cupite·

1169 2201 1321 2233 cinai-mn
1345 2199 1609 2238 nuncupatorum
1638 2202 1697 2235 pro
1732 2195 1869 2232 (empore

1170 2251 1385 2287 eaeistentibus
1409 2247 1564 2281 ministro
1588 2243 1743 2288 yenerali,
1770 2247 1808 2278 el,
1836 2242 1867 2273 in

1171 2307 1240 2339 eius
1258 2302 1427 2341 absentia,
1446 2298 1650 2344 procuratori
1675 2301 1702 2329 et
1728 2295 1871 2327 commis·

1172 2358 1261 2392 sario
1286 2354 1435 2400 qenerali
1460 2351 1603 2386 eiusdem
1630 2349 1777 2383 Ordinis.

1338 2427 1478 2454 clemens
1499 2424 1582 2457 Papa
1602 2422 1666 2454 ΧΠ,

1273 2475 1309 2501 ad
1330 2472 1465 2499 futuram
1485 2468 1530 2496 rei
1546 2465 1731 2495 memoriam.

1915 2532 1979 2552 llrrie
2004 2531 2011 2551 l

1888 2567 1906 2578 ιιι
1926 2559 1977 2580 illl.

2023 2531 2058 2551 ‚tut

1176 2539 1190 2580 ς’
1208 2536 1238 2568 l.
1260 2534 1383 2567 lindum
1403 2543 1420 2565 a
1447 2531 1548 2564 felicis
1569 2527 1801 2562 recordationis
1820 2525 1875 2559 Ur-

1133 2591 1217 2624 bano
1245 2588 1302 2621 Pr.
1323 2585 1385 2617 Vlll
1411 2584 1664 2628 praedecessore
1689 2588 1813 2621 nostro,
1838 2582 1875 2613 ad
