2182 3137
209 158 264 182 An.
279 156 308 182 C.
332 155 400 181 ⁴730
447 145 512 179 10⁶2

406 202 482 232 bona
507 210 710 242 quaecumque
734 200 852 231 mobilia
870 200 913 230 vel
936 199 1098 229 immobilia
1120 203 1148 228 et

404 251 549 288 redditus,
566 258 751 290 quocumque
769 249 833 278 iure
849 252 898 278 aut
921 248 1004 278 titulo
1026 247 1062 277 ad
1084 247 1147 286 ipsa

405 299 624 338 quomodolibet
647 298 836 337 pertinentia,
865 306 958 336 usque
981 297 1010 326 in
1034 296 1148 335 quanti-

406 351 494 376 tatem
519 347 578 376 illis
603 357 617 376 a
640 347 767 386 capitulo
789 346 921 384 generali
944 346 1023 375 iuxta
1047 353 1149 374 nume-

406 404 471 425 rum
495 396 705 425 monachorum
729 399 853 425 taxatam
878 395 922 424 vel
946 393 1111 423 taxandam.

256 464 394 490 mmmmm„
444 453 484 473 ln.
509 444 567 474 Sub
586 444 779 483 dispositione
795 443 1034 482 praecedentium
1053 446 1147 471 extra-

211 491 393 538 ffigffijffiflssffl·
406 493 573 530 vagantium
591 501 648 522 non
666 491 955 530 comprehendantur
971 490 1146 520 monasteria

403 544 571 569 nostrarum
596 540 778 569 monialium.

258 609 393 635 mmmm,
445 597 483 618 ιν.
508 589 610 618 Nostra
646 588 820 619 monasteria
855 588 968 627 possint
994 590 1146 625 acceptare

210 641 262 683 ἔξεο
286 636 434 666 “cipiewet
458 642 610 676 acceptent
633 646 832 676 quascumque
858 636 1048 675 capellanias,
1075 644 1147 674 quas

405 686 505 716 fideles
525 696 576 726 pro
596 695 696 715 eorum
719 686 875 715 devotione
897 685 1042 714 voluerint
1064 684 1147 714 insti-

404 739 499 772 tuere,
517 744 583 764 cum
601 735 718 764 licentia
741 734 858 764 Ordinis
880 734 924 764 vel
950 733 1039 773 patris
1061 742 1146 771 gene-

404 784 474 813 ralis
506 785 582 813 inter
614 784 776 822 capitulum
811 787 839 813 et
871 783 1045 821 capitulum,
1079 791 1145 811 cum

404 842 589 871 quocumque
611 842 735 862 numero
758 832 914 861 missarum
943 835 993 860 aut
1021 831 1145 860 aliorum

404 880 545 910 bonorum
579 880 790 920 spiritualium,
820 883 848 909 et
870 880 998 909 retinere
1021 879 1095 908 bona
1118 882 1146 907 et

404 929 535 959 redditus
552 929 623 968 ipsis
640 938 691 968 pro
707 928 843 957 omnibus
853 927 1030 966 supradictis
1042 927 1145 956 donata

403 979 446 1007 vel
466 979 578 1008 relicta.
602 977 631 1007 Si
655 986 724 1007 vero
749 986 800 1016 pro
823 976 998 1015 supradictis
1022 976 1147 1005 elcemo-

403 1037 489 1065 synn,
520 1026 655 1065 aliquave
689 1025 799 1055 dotatio
832 1025 958 1064 desuper
991 1025 1064 1054 sacta
1097 1029 1146 1053 aut

402 1075 546 1111 facienda,
570 1075 599 1104 in
632 1075 786 1104 numerata
821 1074 944 1112 pecunia
976 1073 1145 1102 monasterii

402 1125 466 1154 data
485 1124 583 1161 suerit,
602 1133 667 1153 cum
686 1124 735 1153 tali
756 1123 881 1162 pecunia
896 1123 1004 1153 nedum
1022 1122 1144 1161 possint,

402 1182 503 1202 verum
537 1172 662 1201 debeant
695 1177 722 1201 et
756 1176 910 1201 teneantur
941 1180 1038 1200 emero
1071 1170 1144 1199 bona

405 1221 520 1251 stabilia
539 1226 567 1251 ot
584 1222 726 1257 redditus,
751 1221 857 1260 illaque
879 1220 1007 1250 retinere
1029 1224 1057 1249 et
1080 1229 1146 1258 pos-

403 1270 498 1299 sidere
515 1294 522 1307 ‚
555 1274 585 1299 ut
613 1279 627 1298 a
657 1271 743 1299 sacra
771 1269 1000 1307 Congregatione
1023 1268 1145 1298 Concilii

401 1319 551 1348 decretum
575 1323 602 1348 ot
625 1318 833 1348 inviolabiliter
855 1318 1005 1348 observari
1027 1318 1146 1347 manda-

405 1372 464 1397 tum
489 1368 551 1397 suit.

602 1442 797 1472 Coxsrirurio
820 1442 939 1471 XXXlX.

234 1533 263 1553 De
281 1537 391 1555 mmm,
441 1512 625 1552 Recipiendus
647 1512 681 1541 ad
701 1512 822 1540 habitum
840 1512 927 1540 nostri
950 1511 1073 1549 Ordinis,
1098 1522 1145 1540 an-

206 1558 510 1611 ffi‘o'ffigffiffssgftequam
526 1562 560 1590 ad
583 1561 663 1589 illum
685 1560 856 1595 admittatur,
873 1560 1019 1597 diligenter
1040 1562 1144 1589 earumi-

208 1613 250 1639 cipi
263 1613 341 1633 ueneni
353 1618 390 1637 ru·
402 1614 482 1638 netur
504 1619 555 1648 per
574 1611 712 1648 priorem,
743 1609 766 1637 si
788 1608 870 1645 uelit,
900 1613 947 1637 aut
966 1618 1018 1646 per
1039 1609 1144 1647 aliquos

208 1639 451 1696 aozallcgids,grtaqeper
473 1668 534 1686 enm
563 1658 598 1686 ad
626 1658 654 1686 id
682 1657 852 1695 assigyrmtos,
887 1660 979 1684 utrum
1000 1666 1051 1694 pro
1073 1661 1145 1686 statu

208 1692 527 1745 {ssgssssfesssissi'ssiclericali
548 1717 583 1735 an
607 1706 701 1735 laicali
723 1706 758 1734 sit
780 1709 871 1743 aptus,
897 1709 923 1733 ct
953 1707 981 1733 in
1011 1715 1040 1734 eo
1062 1711 1142 1740 statu,

402 1765 452 1794 quo
470 1755 522 1785 sibi
542 1757 630 1784 visum
651 1755 748 1793 fuerit,
773 1754 935 1792 recipiatur.
952 1754 986 1782 Et
1009 1756 1035 1783 si
1056 1756 1144 1793 fuerit

400 1809 525 1843 ‘receptus
547 1805 573 1833 iu
598 1804 739 1837 clericum,
762 1804 810 1841 siat
843 1805 868 1831 ei
900 1812 1000 1831 rasura
1025 1804 1144 1832 ciusdem

400 1854 571 1891 quantitatis,
595 1863 663 1891 quae
685 1853 746 1891 ficri
776 1852 912 1880 consucvit
940 1853 1094 1881 constitutis
1116 1853 1144 1881 in

403 1903 505 1936 sacris,
541 1902 649 1930 etiamsi
681 1910 734 1929 non
768 1901 888 1928 artiterit
918 1901 953 1928 ad
988 1900 1144 1929 clericalem

400 1955 541 1980 tonsuram
561 1953 719 1988 promotns‚·
742 1949 822 1978 cuins
843 1957 957 1977 coronae
979 1948 1144 1987 capillorum

403 1999 544 2038 longitudo
576 2000 754 2037 quantitatem
790 1999 906 2027 duorum
938 1999 967 2026 in
998 1998 1145 2027 latitudine

402 2049 551 2085 digitorum
574 2057 626 2076 non
648 2047 769 2083 excedat,
793 2056 841 2075 nec
863 2047 940 2075 auris
962 2047 1144 2075 summitatem

406 2098 533 2135 attingat.
558 2097 672 2126 Fratres
693 2100 783 2125 autem
808 2105 860 2134 pro
889 2095 983 2124 laicali
1009 2099 1081 2124 stata
1102 2106 1145 2125 re-

402 2147 474 2185 cepti
496 2156 624 2175 coronam
645 2155 699 2174 non
723 2145 867 2183 deferant:
894 2148 918 2172 et
940 2145 1099 2173 mondnmns
1121 2148 1145 2173 et

401 2196 571 2231 ordinamus,
589 2195 658 2233 quod
680 2204 732 2223 non
753 2194 838 2232 possit
861 2203 943 2229 super
966 2193 1013 2222 hoc
1035 2194 1146 2232 dispen-

401 2245 460 2272 sari
481 2243 579 2282 absque
609 2242 727 2281 capituli
752 2241 889 2280 ycneralis
918 2241 963 2270 vel
988 2242 1081 2277 patris
1100 2251 1146 2279 {Je-

403 2292 509 2321 nei-alis
531 2292 604 2321 inter
625 2290 777 2330 capitulum
799 2294 824 2319 et
851 2290 1005 2327 capitulum
1034 2290 1146 2319 licentia

401 2340 527 2380 speciali.

644 2421 907 2442 EXTRAVAGANTES.

221 2507 315 2533 Quisque
331 2507 391 2529 inea
443 2494 462 2514 1.
488 2485 606 2514 Fratres
628 2484 658 2514 in
681 2487 760 2514 statu
782 2483 879 2513 laicali
893 2483 1014 2522 recepti,
1031 2490 1146 2520 semper

1012 151 1194 175 BULLAmUM
1220 151 1376 174 ROMANUM

2116 0 2156 70 tf}

2151 74 2157 103 l

1939 153 1990 180 An.
2011 154 2040 181 C.
2058 155 2133 185 ¹7³0·
2156 129 2158 209 J

1191 204 1381 237 permaneant
1403 200 1431 229 in
1456 201 1491 230 ea
1513 200 1664 230 vocatione
1686 205 1714 231 et
1733 204 1810 231 statu
1825 201 1855 232 in
1873 210 1931 241 quo
1942 221 1989 236 eum
2003 215 2024 237 ᾗ,
2039 195 2132 243 religio}

1191 256 1205 276 a
1228 247 1285 277 Deo
1308 248 1336 277 in
1360 248 1531 286 religionem
1566 249 1661 278 vocati
1690 253 1779 285 sunt;
1814 253 1842 279 et
1863 258 1930 279 cum
1941 243 2147 291 ξξῗωξξξζξςω.

1190 305 1255 326 sero
1277 297 1311 326 ad
1335 298 1457 326 chorum
1490 298 1679 335 accesserint,
1714 302 1859 336 ponantur
1892 299 1929 328 ad

1190 345 1306 382 signum
1329 346 1524 384 poenitentiae
1540 347 1615 376 sicut
1631 347 1788 376 choristae.
1808 347 1930 386 Insuper

1191 392 1318 422 chorista
1342 394 1390 432 qui
1414 394 1443 423 in
1467 394 1568 424 ordine
1591 404 1674 424 sacro
1701 395 1840 425 constitui
1864 405 1931 434 pro-

1191 442 1349 480 curaverit,
1374 442 1436 481 ipso
1459 443 1533 473 facto
1554 444 1683 481 graviter
1705 444 1855 482 puniatur.

1231 499 1261 519 11.
1285 490 1346 519 Non
1370 491 1549 530 recipiantur
1578 492 1612 521 ad
1642 497 1774 522 nostrum
1797 492 1930 522 habitum
1955 515 2058 541 aengien
2073 516 2124 538 am.

1191 538 1320 576 religiosi
1344 539 1466 569 alterius
1481 539 1609 578 Ordinis,
1627 541 1689 570 sine
1706 541 1823 570 licentia
1843 541 1932 580 patris
1943 543 2131 590 rius-oraminum.
2156 551 2157 576 ζ

1192 587 1363 624 generalis,
1401 589 1531 626 exceptis
1564 589 1712 618 canonicis
1748 575 2036 628 regularibusm'pum
2061 583 2068 590 ”

1192 639 1240 664 aut
1262 635 1408 673 religiosis
1424 635 1564 665 Ordinum
1589 637 1771 667 militarium.

1230 692 1271 712 1n.
1296 683 1398 713 Nullus
1421 685 1512 723 possit
1534 686 1625 724 recipi
1643 686 1670 714 in
1688 686 1862 716 monachum
1887 686 1932 716 vel

1193 732 1310 761 fratrem
1333 732 1439 762 laicum
1462 733 1554 763 nostri
1577 733 1710 770 Ordinis,
1735 734 1784 773 qui
1807 743 1842 763 ex
1864 744 1933 764 neo-

1193 780 1300 819 phytis,
1315 790 1365 810 seu
1380 781 1494 811 noviter
1507 782 1540 811 ad
1554 787 1682 811 nostram
1699 787 1828 812 sanctam
1844 782 1932 812 fidem

1192 829 1352 866 conversis,
1377 835 1455 859 anta
1473 830 1595 867 iudaeis,
1613 831 1690 860 intra
1708 835 1847 870 quartum
1869 841 1932 869 gra-

1191 878 1270 915 dum,
1295 883 1391 908 ortum
1409 880 1453 909 vel
1476 880 1619 917 originem
1643 880 1728 909 ducat
1746 885 1795 909 aut
1811 880 1933 910 descen-

1191 928 1250 961 dat,
1274 927 1327 956 sub
1351 930 1444 966 poena
1467 928 1781 958 exconnnunicationis
1813 929 1932 958 maioris

1191 976 1254 1015 ipso
1277 977 1352 1006 facto
1375 976 1568 1005 incurrendae
1593 981 1649 1006 tam
1673 976 1708 1005 ab
1732 986 1765 1006 eo
1787 977 1836 1015 qui
1867 986 1933 1016 pro-

1192 1025 1284 1054 fessus
1308 1025 1395 1054 suerit
1411 1025 1537 1054 scienter
1560 1029 1660 1063 tegens
1675 1026 1753 1055 hunc
1775 1026 1930 1061 desectum,

1191 1082 1278 1111 quam
1295 1072 1330 1101 ab
1348 1073 1406 1102 illis
1422 1073 1471 1111 qui
1488 1073 1614 1102 scientes
1633 1073 1727 1112 ipsum
1747 1074 1930 1112 receperint,

1190 1125 1218 1150 et
1240 1121 1364 1150 ulterius
1386 1121 1423 1149 sit
1446 1121 1527 1150 nulla
1559 1126 1587 1150 et
1619 1121 1745 1150 invalida
1779 1122 1931 1161 professio.

1190 1168 1269 1203 Quod
1293 1169 1499 1198 confirmatum
1528 1174 1571 1199 est
1601 1179 1652 1208 per
1675 1169 1788 1199 Bullam
1817 1174 1933 1209 aposto-

1190 1218 1287 1247 licum.
1799 1224 1802 1227 '

1230 1276 1268 1296 ιν.
1289 1266 1347 1296 Sub
1370 1267 1479 1296 eisdem
1503 1267 1604 1305 poenis
1622 1277 1679 1296 non
1696 1267 1879 1306 recipiantur
1901 1267 1931 1297 in
1955 1277 2096 1309 Nectariundi
2112 1285 2126 1300 a

1189 1315 1282 1344 nostri
1315 1315 1432 1344 Ordinis
1465 1316 1623 1345 monachos
1655 1316 1698 1345 vel
1734 1317 1857 1353 fratres,
1881 1305 2126 1355 quiffissss'jssffflsa’

1190 1364 1371 1393 descendunt
1402 1369 1430 1393 et
1462 1364 1605 1401 originem
1642 1364 1754 1394 ducunt
1790 1374 1805 1394 a
1839 1365 1932 1404 stirpe

1191 1422 1358 1441 maurorum
1378 1417 1406 1442 et
1424 1422 1643 1451 saracenorum,
1661 1423 1752 1452 usque
1768 1413 1802 1443 ad
1820 1414 1930 1444 dictum

1189 1467 1326 1501 quartum
1350 1462 1470 1499 gradum
1488 1473 1494 1498 ;
1529 1463 1604 1501 quod
1628 1463 1738 1501 pariter
1759 1467 1804 1493 est
1826 1463 1933 1493 confir-

1190 1514 1298 1538 matum
1323 1519 1374 1548 per
1397 1510 1508 1539 Bullam
1533 1511 1734 1549 apostolicam.

1230 1567 1256 1587 v.
1282 1559 1320 1587 Ex
1354 1558 1516 1588 inviolabili
1548 1559 1630 1598 praxi
1665 1564 1693 1589 et
1717 1560 1932 1590 consuetudine

1189 1606 1395 1645 antiquissima.
1428 1611 1546 1635 nostrae
1578 1607 1752 1645 religionis,
1777 1618 1852 1647 quae
1874 1608 1932 1638 iam

1189 1656 1245 1684 vim
1280 1656 1352 1693 legis
1383 1655 1521 1691 obtinuit,
1546 1656 1791 1695 quandocumque
1826 1657 1932 1696 aliquis

1188 1704 1217 1733 in
1242 1709 1341 1734 nostro
1357 1704 1465 1734 Ordine
1488 1705 1578 1744 recipi
1600 1705 1634 1734 ad
1659 1705 1791 1735 habitum
1817 1705 1933 1735 deside-

1188 1756 1232 1782 rat
1255 1756 1283 1782 et
1302 1753 1383 1791 petit,
1401 1753 1587 1792 infrascripta
1611 1753 1730 1783 omnino
1753 1757 1930 1783 serventur:

1260 1802 1444 1840 {eripiendus
1476 1801 1510 1830 ad
1544 1801 1676 1831 habitum
1700 1812 1714 1831 a
1738 1803 1836 1840 priore
1864 1812 1931 1832 cum

1188 1850 1334 1888 deputatis
1356 1850 1434 1878 omni
1458 1851 1529 1879 curii
1558 1854 1585 1879 et
1614 1850 1768 1888 diligentia
1795 1850 1830 1880 de
1851 1860 1933 1880 voca-

1189 1899 1266 1927 tione
1289 1903 1316 1928 ct
1340 1898 1516 1933 intentione,
1541 1898 1647 1937 quibus
1676 1899 1711 1928 ad
1733 1903 1863 1928 nostram
1886 1908 1933 1928 re-

1188 1948 1325 1985 ligionem
1349 1947 1474 1984 accedit,
1499 1947 1659 1985 prudenter
1681 1948 1879 1985 examinetur,
1903 1951 1931 1978 et

1188 1998 1217 2026 in
1234 1997 1308 2025 dicto
1325 1997 1460 2025 examine
1483 1996 1610 2025 discrete
1628 2001 1656 2025 et
1679 2000 1762 2026 caute
1781 1997 1930 2035 spiritum,

1188 2055 1245 2084 quo
1270 2049 1401 2074 movetur
1433 2048 1461 2073 et
1494 2045 1523 2073 in
1558 2045 1699 2082 religione
1722 2045 1813 2083 recipi
1837 2045 1929 2084 petit,

1188 2093 1354 2131 intelligere
1377 2098 1405 2122 et
1433 2093 1570 2130 detegere
1598 2093 1691 2122 dictus
1721 2093 1801 2131 prior
1828 2097 1856 2122 et
1883 2092 1932 2122 (le-

1189 2142 1280 2181 pulati
1303 2142 1428 2171 sollicite
1451 2145 1604 2170 conentur.

1248 2191 1277 2219 Si
1311 2190 1386 2219 bono
1420 2190 1525 2228 spiritu
1558 2190 1745 2228 perfectaque
1780 2190 1931 2219 vocatione

1189 2243 1351 2274 moveatur,
1369 2239 1475 2267 iterum
1494 2238 1677 2268 examinetur
1700 2238 1734 2267 de
1757 2242 1862 2274 aetate,
1880 2248 1933 2267 no-

1189 2288 1268 2316 mine
1301 2291 1357 2316 tam
1392 2287 1512 2325 proprio
1542 2296 1628 2326 quam
1662 2286 1832 2324 genitorum
1864 2296 1934 2316 avo-

1189 2345 1313 2375 rumque
1346 2336 1500 2375 utriusque
1523 2336 1618 2365 lineae
1633 2359 1641 2372 ,
1673 2336 1707 2365 de
1740 2336 1856 2375 patria,
1880 2335 1931 2365 ubi

1188 2385 1291 2413 vivunt
1313 2388 1363 2413 aut
1385 2384 1558 2422 quandoque
1581 2384 1743 2421 vixerunt,
1768 2383 1802 2412 de
1824 2383 1930 2412 officiis

1189 2442 1262 2471 quae
1296 2436 1434 2461 exercent
1461 2432 1505 2461 vel
1537 2436 1621 2461 antea
1657 2435 1874 2468 exercuerunt;
1905 2430 1930 2460 si

1189 2481 1316 2511 habeant
1338 2481 1469 2510 redditus
1492 2485 1520 2510 et
1542 2481 1695 2510 facultates
1713 2481 1748 2510 ad
1771 2488 1930 2517 congruam

1982 700 2087 727 Neophyti
2106 702 2127 732 et
2140 708 2148 716 ⁴

1942 732 2016 747 recens
2029 732 2130 748 convernv
2158 733 2159 754 3

1942 759 1984 774 nun
1999 753 2126 780 recipiendi.

1977 1568 2070 1589 Examen
2083 1573 2128 1595 pro
2152 1568 2166 1583 ἵν

1943 1595 2080 1621 recip1eudis.

208 2535 320 2555 vocatione
348 2537 430 2563 quaet
458 2537 610 2572 perpetuo,
645 2532 754 2572 absque
786 2531 886 2571 aliqua
917 2530 1144 2570 dispensatione,
1190 2534 1218 2559 et
1239 2530 1390 2560 decentem
1413 2530 1488 2559 vitae
1511 2529 1797 2566 substentationem3
1825 2528 1850 2557 si
1872 2528 1931 2557 sint
