2182 3137
46 265 96 289 An.
114 262 142 287 C.
164 261 228 287 1731

231 348 235 368 1

105 694 229 714 Earumdem

51 721 193 742 observantia.

43 1695 178 1716 obstantium
191 1698 226 1716 de-

41 1722 136 1747 rogatio:
152 1722 224 1742 addua

40 1748 187 1769 nonnullarum
194 1755 227 1769 ex·

43 1775 172 1800 emptionum
179 1781 225 1801 spe-

42 1802 91 1821 ciali
112 1804 226 1823 monnone.

850 260 993 283 CLEMENS
1017 259 1064 282 xil
1092 262 1141 283 PP.

243 309 367 342 sublata
405 309 451 341 eis
488 315 518 341 et
555 319 670 341 eorum
707 308 841 341 cuilibet
871 306 985 350 quavis

243 363 338 395 aliter
363 362 540 401 iudicandi,
564 362 740 395 definiendi
767 367 799 393 et
823 361 986 402 interpre-

243 416 331 447 tandi
359 415 512 448 facultate
538 420 570 447 et
596 415 811 453 auctoritate,
838 413 985 451 iudicari,

243 468 371 501 deliniri
398 474 430 500 et
456 467 663 510 interpretari
690 468 828 505 debcre3
853 477 889 498 ac
914 466 986 498 irri—

243 526 310 552 tum
338 527 370 553 et
395 521 491 553 inane
518 521 545 552 si
571 531 666 552 secus
684 530 783 562 super
805 520 856 551 his
873 529 890 550 a
908 529 986 561 quo-

242 584 353 615 quam,
379 573 491 616 quavis
526 573 738 611 auctoritate,
767 572 909 604 scienter
934 571 985 603 vel

242 626 439 667 ignoranter,
466 626 666 668 contingerit
684 625 850 658 attentari.

286 679 299 721 5
325 678 378 711 43.
416 678 572 716 Quocirca
604 679 732 711 dilectis
768 678 842 710 filiis
871 682 984 709 nostro

241 742 278 764 ac
302 732 492 774 praedictae
517 732 548 764 S.
577 732 614 764 R.
642 732 677 764 Ε.
716 731 895 764 camerario
928 741 983 762 seu

242 786 505 827 procamerario,
543 796 670 818 necnon
708 784 982 824 vicecamerario,

243 838 457 878 thesaurario,
483 850 519 871 ac
545 838 672 870 clericis
699 838 983 881 praesidentibus,

240 891 489 930 commissario,
531 897 562 923 et
597 891 667 923 aliis
704 891 808 923 dictae
834 890 985 923 Gamerae

242 943 442 981 officialibus,
471 944 510 976 ad
533 955 616 986 quos
642 949 788 985 spectat,
822 954 881 986 per
905 954 985 986 apo-

240 997 354 1029 stolica
382 997 501 1039 scripta
529 997 748 1040 praecipimus
786 1003 817 1029 et
852 997 985 1029 manda·

240 1060 332 1094 mus,
361 1055 394 1082 ut
420 1050 551 1082 easdem
579 1057 793 1092 praesentes,
823 1056 854 1082 et
879 1050 910 1081 in
938 1050 985 1081 eis

239 1109 393 1135 contenta
418 1113 669 1146 quaecumque,
697 1104 727 1135 111
766 1104 918 1136 omnibus
954 1110 985 1136 et

238 1155 374 1197 singulis
401 1156 539 1188 firmiter
564 1161 596 1188 et
620 1156 852 1189 inviolabiliter
872 1156 984 1189 obser-

239 1217 322 1249 vent,
349 1217 381 1243 et
406 1211 526 1242 saciant
551 1210 589 1242 ab
615 1211 686 1243 aliis
706 1210 887 1248 observari,
907 1220 981 1242 con-

240 1264 432 1296 tradictores
471 1263 637 1305 quoslibet
669 1269 700 1295 et
741 1264 909 1302 rebelles,
946 1274 982 1295 ac

238 1316 428 1359 praemissis
447 1327 513 1348 non
531 1322 694 1358 parentes,
714 1327 773 1359 per
790 1315 980 1354 sententias,

237 1380 390 1402 censuras
416 1375 448 1402 et
473 1380 596 1413 poenas
622 1370 872 1407 ecclesiasticas,
906 1370 980 1402 alia-

238 1434 300 1466 que
327 1429 514 1466 opportuna
539 1423 619 1455 iuris
651 1428 683 1455 et
707 1423 780 1455 sacti
809 1423 981 1461 remedia,

238 1476 325 1508 omni
352 1481 383 1508 et
410 1486 614 1518 quacumque
647 1477 892 1519 appellatione,
932 1487 982 1508 re—

238 1540 336 1562 cursu
363 1535 394 1562 et
418 1530 654 1562 reclamatione
682 1530 827 1569 remotis,
855 1540 982 1573 compe-

238 1583 369 1621 scendo,
396 1583 546 1615 invocato
573 1583 669 1615 etiam
695 1584 733 1615 ad
750 1584 823 1621 1100,
848 1584 874 1615 si
900 1594 981 1626 opus

238 1636 348 1673 suerit,
372 1635 493 1668 auxilio
519 1635 646 1668 brachii
673 1637 866 1668 saecularis.

281 1689 296 1731 g*
321 1688 375 1721 14.
401 1688 473 1721 Non
498 1688 704 1721 obstantibus
736 1689 979 1731 praedictarum

238 1741 339 1773 litium
377 1741 575 1784 pendentia,
613 1751 742 1774 necnon
785 1742 980 1774 recolendae

237 1794 414 1826 memoriae
440 1794 595 1826 Bonisacii
625 1794 680 1826 rt).
707 1794 770 1827 Vlll
797 1795 834 1827 de
852 1797 927 1834 una,
948 1800 980 1827 et

238 1847 269 1879 in
296 1847 435 1880 concilio
461 1847 606 1888 generali
640 1847 679 1879 de
706 1847 831 1880 duabus
857 1848 954 1880 dietis
971 1875 978 1887 ,

238 1900 415 1933 dummodo
452 1901 524 1943 quis
559 1901 644 1932 ultra
670 1905 734 1932 tres
761 1901 864 1933 dietas
890 1906 980 1933 extra

237 1964 328 1985 suam
371 1953 533 1985 civitatem
571 1954 618 1986 vel
646 1953 822 1986 dioecesim
859 1954 898 1986 ad
933 1955 980 1986 iu-

237 2006 356 2038 dicium
390 2006 578 2038 earumdem
612 2006 723 2048 vigore
754 2007 979 2049 praesentium

237 2069 300 2091 non
338 2059 502 2099 trahatur,
540 2069 667 2091 necnon
696 2061 760 2091 una
785 2059 823 2091 ad
849 2059 980 2091 Ordinis

237 2112 516 2151 praedicatorum,
546 2123 582 2144 ac
606 2113 709 2144 altera
734 2112 893 2154 praedicti
920 2113 980 2144 Be-

236 2165 358 2197 ncdicti
384 2165 649 2207 praedecessoris
676 2166 714 2197 ad
746 2166 880 2197 trau-um
907 2176 976 2198 ere-

235 2218 384 2250 mitarum
421 2219 524 2250 sancti
557 2218 747 2260 Augustini,
774 2219 975 2261 respective,

237 2271 379 2303 savorem
405 2270 552 2310 Ordinis,
575 2272 861 2304 constitutionibus
884 2283 978 2314 prae-

235 2325 344 2362 dictis,
372 2335 498 2357 necnon
524 2325 699 2357 concordia
716 2336 790 2357 cum
812 2325 977 2367 praedicta

235 2379 367 2410 Camera
394 2380 503 2410 nostra
539 2378 682 2421 desuper
719 2384 754 2410 ut
790 2379 977 2421 praefertur

235 2432 420 2470 celebrata,
457 2431 642 2474 ceterisque
668 2431 778 2473 gra-tiis
805 2436 837 2463 et
867 2442 976 2464 exem-

234 2483 412 2526 ptionibus,
432 2483 541 2515 favore
563 2493 839 2527 quarumcumque
861 2495 975 2527 perso-

233 2546 358 2576 narum,
384 2547 400 2569 a
421 2536 586 2569 solutione
607 2546 742 2568 onerum
764 2537 974 2569 cameralium

234 2596 265 2622 et
288 2590 427 2622 aliorum
454 2599 762 2632 quorumcumque,
788 2591 855 2622 sive
894 2596 975 2623 tem-

234 2641 390 2684 poraliter
408 2642 494 2674 etad
520 2642 628 2681 vitam,
657 2652 715 2684 per
740 2642 890 2675 eumdem
916 2643 974 2675 Bc-

1030 308 1194 340 nedictum
1220 311 1509 352 praedecessorem
1525 309 1773 353 quomodolibet

1030 359 1177 399 indultis,
1207 362 1302 394 etiam
1330 373 1390 405 per
1415 358 1633 406 chirographa
1666 369 1697 395 et
1721 373 1774 395 ce-

1030 412 1123 444 dulas
1148 417 1254 445 motus
1276 416 1406 457 proprii
1431 416 1679 458 quomodolibet
1697 425 1773 448 con-

1030 466 1140 505 cessis,
1158 466 1294 509 aliisque
1312 468 1461 500 omnibus
1480 475 1511 501 et
1529 469 1663 511 singulis
1682 479 1771 511 prae-

1029 519 1158 558 missis,
1184 530 1312 552 necnon
1349 524 1461 553 nostra
1495 527 1526 553 et
1551 521 1771 554 Cancellcriae

1030 573 1236 615 Apostolieae
1255 575 1368 615 regula
1387 574 1426 606 de
1445 574 1514 606 iure
1534 575 1683 617 quaesito
1706 586 1771 607 non

1030 627 1188 663 tollendo.
1215 637 1263 665 ac,
1292 632 1454 669 quatenus
1481 638 1563 669 opus
1590 629 1649 667 sit,
1681 639 1772 670 prae-

1029 680 1105 712 dicti
1132 680 1176 712 Pii
1204 681 1470 723 praedecessoris
1499 681 1537 713 de
1559 682 1671 723 gratiis
1699 693 1771 725 qua-

1028 733 1200 775 lecumque
1227 733 1387 765 interesse
1407 732 1510 765 dictae
1529 733 1681 766 Gamerae
1700 745 1772 767 con-

1029 785 1240 817 cernentibus
1266 786 1297 817 in
1324 786 1436 818 eadem
1456 785 1589 819 Camera
1619 797 1773 829 praesen-

1030 837 1135 870 tandis
1162 844 1193 869 et
1218 838 1442 879 registrandis,
1480 839 1560 870 itaut
1585 845 1772 881 praesentes

1030 891 1060 923 in
1087 893 1124 923 ea
1161 892 1366 934 praesentari
1404 897 1457 924 aut
1494 892 1662 934 registrari
1690 903 1772 924 nun-

1030 955 1126 986 quam
1150 955 1284 977 necesse
1311 945 1370 984 sit,
1398 945 1535 987 aliisque
1561 945 1770 987 apostolicis,

1028 1008 1064 1030 ac
1104 998 1136 1030 in
1173 998 1412 1030 universalibus
1443 1000 1490 1031 vel
1518 999 1773 1041 provincialibus

1029 1051 1177 1084 conciliis
1204 1051 1311 1091 editis,
1337 1051 1548 1093 generalibus
1574 1052 1621 1084 vel
1648 1052 1772 1094 specia-

1029 1104 1428 1143 1111115,001131111111011111115
1447 1110 1478 1136 et
1495 1105 1772 1143 ordinationibus,

1028 1168 1156 1189 necnon
1182 1157 1436 1199 provinciarum,
1463 1158 1643 1197 civitatum,
1671 1164 1771 1189 terra-

1028 1222 1116 1250 rum,
1143 1211 1362 1254 oppidorum,
1395 1218 1594 1251 castrorum,
1628 1217 1660 1243 et
1690 1211 1771 1244 alio-

1028 1275 1097 1296 rum
1117 1265 1193 1296 dicti
1219 1264 1327 1296 Status
1355 1270 1417 1296 tam
1437 1264 1577 1296 mediate
1596 1275 1690 1307 quam
1712 1265 1771 1297 im-

1027 1318 1168 1350 mediate
1195 1317 1416 1350 subiectorum
1444 1319 1589 1350 locorum
1620 1318 1770 1357 statutis,

1026 1372 1121 1403 etiam
1136 1370 1387 1403 confirmatione
1401 1371 1583 1413 apostolica
1598 1373 1645 1404 vel
1660 1372 1770 1414 quavis

1026 1424 1177 1456 firmitate
1203 1424 1267 1456 alia
1292 1424 1466 1462 roboratis,
1495 1425 1622 1456 statutis
1641 1430 1673 1456 et
1694 1435 1771 1457 con·

1025 1476 1266 1515 suetudinibus,
1294 1476 1473 1518 privilegiis
1500 1487 1644 1519 quoque,
1666 1477 1772 1510 indul-

1027 1530 1074 1569 tis,
1102 1530 1380 1567 concessionibus,
1409 1530 1684 1572 exemptionibus,
1711 1531 1772 1562 im-

1025 1582 1246 1620 munitatibus,
1273 1582 1421 1622 licentiis,
1451 1582 1671 1620 l‘acullatibus,
1693 1593 1769 1615 con-

1025 1634 1271 1675 firmationibus,
1294 1634 1539 1676 chirographis,
1561 1634 1684 1667 cedulis
1704 1645 1770 1666 mo-

1025 1691 1115 1719 tuum
1139 1687 1362 1729 propriorum,
1391 1694 1422 1719 01
1447 1686 1518 1719 aliis
1545 1687 1715 1729 scripturis
1737 1693 1770 1720 et

1024 1740 1138 1779 literis,
1166 1740 1262 1772 etiam
1291 1740 1478 1782 apostolicis
1505 1740 1632 1782 legatis,
1661 1741 1770 1782 prole-

1025 1793 1116 1835 gatis,
1143 1794 1427 1835 gubernatoribus,
1446 1794 1659 1836 praetoribus,
1679 1794 1768 1826 aliis-

1024 1858 1086 1890 que
1112 1847 1304 1879 officialibus
1331 1848 1516 1890 praedictis,
1543 1858 1579 1879 ac
1598 1848 1767 1890 quibusvis

1024 1900 1105 1939 aliis,
1133 1900 1229 1932 ctiam
1255 1901 1557 1939 communitatibus,
1577 1900 1768 1932 universita-

1025 1953 1119 1992 tibus,
1148 1953 1375 1992 monasteriis,
1403 1953 1620 1995 hospitalibus
1637 1980 1644 1993 ‚
1670 1953 1767 1986 etiam

1023 2006 1051 2038 S.
1071 2006 1519 2050 1011111115111010501311111111111,
1544 2006 1683 2049 aliisque
1706 2007 1767 2049 piis

1024 2064 1055 2091 01.
1081 2070 1145 2091 non
1173 2059 1234 2102 piis
1261 2060 1350 2099 locis,
1377 2059 1472 2092 etiam
1489 2059 1621 2102 speciali
1642 2062 1716 2092 nota
1735 2065 1768 2092 et

1023 2112 1191 2145 mentione
1217 2112 1337 2154 dignis,
1366 2113 1461 2145 etiam
1487 2119 1589 2152 motu,
1616 2113 1764 2152 scientia,

1023 2171 1053 2197 et
1079 2171 1237 2208 potestate
1264 2165 1408 2207 paribus,
1434 2177 1470 2197 ac
1489 2166 1585 2197 etiam
1605 2165 1768 2198 concisto-

1022 2218 1166 2257 rialiter,
1201 2223 1232 2250 ct
1263 2218 1302 2250 de
1329 2219 1521 2251 eorumdem
1547 2218 1765 2251 cardinalium

1022 2271 1159 2303 consilio
1185 2277 1405 2311 etconsensu‚
1427 2272 1488 2303 sub
1504 2271 1765 2313 quibuscumque

1021 2325 1195 2357 verborum
1221 2325 1332 2357 formis
1358 2331 1389 2357 et
1415 2325 1593 2364 tenoribus,
1631 2335 1668 2356 ac
1693 2335 1764 2357 curn

1021 2377 1189 2420 quibusvis
1227 2378 1322 2409 ctiam
1361 2377 1642 2418 derogatoriarum
1670 2377 1765 2409 dero-

1019 2430 1165 2472 gatoriis,
1191 2430 1328 2473 aliisque
1355 2430 1594 2463 efficacioribus
1620 2435 1651 2461 et
1677 2429 1764 2462 inso-

1018 2483 1084 2515 litis
1110 2483 1286 2522 clausuliS,
1312 2493 1349 2514 ac
1385 2481 1589 2514 irritantibus
1623 2488 1655 2514 ct
1690 2482 1764 2515 aliis

1018 2536 1171 2575 decretis,
1196 2536 1292 2569 ctiam
1318 2535 1349 2567 in
1370 2535 1431 2567 vim
1449 2539 1633 2568 contractus
1663 2535 1762 2568 iurati

1019 2595 1050 2622 et
1075 2588 1227 2621 camerali
1254 2587 1456 2630 obligatione
1481 2589 1592 2620 vallati
1619 2594 1650 2621 et
1682 2599 1763 2631 quo-

1018 2643 1063 2674 vis
1099 2642 1163 2675 alio
1200 2642 1317 2674 robore
1355 2648 1386 2674 et
1411 2642 1536 2675 cautela
1561 2640 1701 2682 firmati,
1727 2642 1761 2674 in

1673 252 1737 285 235
1783 262 1832 286 Αιι.
1850 261 1878 286 c.
1906 262 1967 287 1731
