2182 3137
205 234 252 259 An.
270 233 297 259 e.
323 232 389 260 ¹732
435 223 498 257 3⁶20

241 1627 268 1646 De
288 1626 395 1650 indulgeu-

223 1660 254 1672 i.iu
275 1653 394 1673 liutusuuuli

213 1680 367 1706 publicatione.

398 293 493 326 quam
520 282 660 315 cuiusvis
686 281 813 315 Ordinis
851 285 881 316 et
917 282 1054 315 instituti
1086 293 1132 315 re-

398 336 557 378 gularem,
585 347 620 368 ex
640 335 835 378 approbatis,
855 340 889 367 ut
907 335 1134 379 praemittitur,

397 399 414 420 a
439 389 586 421 lot-orum
611 388 809 428 Ordinariis,
836 388 890 431 qui
917 399 972 421 eos
1009 389 1047 422 ab
1086 400 1134 421 ex-

398 442 712 482 communicationis,
740 441 972 484 suspensionis,
999 447 1030 474 et
1065 442 1135 476 aliis

398 495 625 528 ecclesiasticis
662 494 831 527 sententiis
869 500 900 527 et
932 496 1091 535 censuris,
1118 507 1135 528 a

399 549 466 581 iure
492 549 541 581 vel
567 549 606 580 ab
633 548 777 588 homine,
803 548 913 591 quavis
938 551 1033 581 causa
1065 549 1135 581 latis

399 612 455 634 seu
482 600 630 641 inflictis,
657 611 787 633 necnon
812 601 851 633 ab
876 601 1027 633 omnibus
1059 612 1136 644 pee-

400 654 491 694 catis,
518 654 710 694 excessibus,
737 654 925 687 criminibus
946 660 977 687 et
995 655 1134 693 delictis,

400 706 604 751 quantumvis
630 707 780 750 gravibus
808 713 839 740 et
863 707 1063 747 enormibus,
1089 713 1136 740 et-

401 761 461 793 iam
498 761 644 793 locorum
680 759 859 793 Ordinariis
895 761 960 793 sive
985 760 1080 793 nobis
1107 766 1137 793 et

400 813 474 847 Sedi
500 813 703 857 Apostolicae
740 814 837 846 etiam
873 813 904 846 in
930 814 1046 846 litteris
1084 813 1136 846 die

401 867 525 901 Coenae
562 866 686 899 Domini
723 867 785 910 legi
813 866 918 900 solitis
959 866 1135 908 contentis,

403 927 434 954 et
469 922 547 955 alitis
583 932 641 965 per
666 932 882 964 quascumque
914 927 1060 961 nostras,
1087 924 1138 954 aut

402 975 621 1008 Romanorum
639 973 827 1007 Pontificum
844 974 1136 1017 praedecessorum

401 1033 584 1061 nostrorum
609 1026 865 1067 constitutiones,
893 1037 1028 1070 quarum
1049 1031 1138 1059 teno-

402 1091 455 1114 res
492 1081 718 1124 praesentibus
756 1080 867 1113 haberi
906 1081 1054 1113 volumus
1078 1090 1138 1123 pro

404 1134 583 1178 expressis,
618 1133 924 1177 quomodocumque
950 1133 1135 1173 reservatis,

402 1188 434 1221 in
462 1188 530 1221 soro
556 1187 774 1220 eonscientiae
802 1192 833 1220 et
850 1187 911 1220 hac
930 1187 996 1220 vice
1016 1192 1138 1220 tantum

403 1242 571 1275 absolvere
598 1246 629 1274 et
653 1241 797 1274 liberare
823 1242 970 1282 valeant;
998 1246 1029 1273 et
1053 1240 1140 1273 insu-

402 1306 462 1339 per
486 1299 559 1327 vota
585 1305 807 1338 quaecumque
835 1294 1017 1338 (religionis
1044 1300 1075 1327 et
1092 1304 1140 1327 ca-

404 1348 521 1381 stitatis
547 1348 705 1392 exceptis)
731 1348 763 1380 in
789 1348 851 1380 alia
868 1348 921 1391 pia
939 1353 970 1381 et
991 1347 1140 1380 salutaria

404 1412 504 1445 opera
529 1407 750 1441 commutare,
776 1401 917 1434 iniuncta
955 1406 1060 1434 tamen
1095 1401 1140 1433 eis

405 1462 435 1488 et
453 1466 566 1488 eorum
583 1455 715 1488 cuilibet
734 1455 764 1487 in
783 1455 975 1498 supradictis
991 1455 1140 1488 omnibus

405 1509 531 1542 casibus
557 1508 758 1551 poenitentia
785 1508 928 1548 salutari,
953 1508 1089 1552 aliisque
1110 1519 1141 1541 e-

406 1563 531 1595 iusdem
556 1561 742 1594 confessarii
762 1562 895 1594 arbitrio
921 1561 1138 1604 iniungendis.

450 1616 464 1659 ἓ
489 1615 521 1648 4.
548 1615 751 1658 Quapropter
777 1621 886 1648 tenore
924 1615 1140 1658 praesentium

407 1671 439 1704 in
465 1671 583 1703 virtute
609 1675 738 1702 sanctae
764 1669 971 1702 obedientiae
998 1669 1141 1702 districte

406 1724 625 1768 praecipimus
651 1729 748 1766 atque
775 1722 962 1755 mandamus
991 1722 1141 1755 omnibus

407 1783 439 1810 et
464 1778 724 1821 quibuscumque
756 1775 998 1809 venerabilibus
1035 1776 1141 1808 fratri-

406 1832 465 1864 bus
490 1830 692 1874 patriarchis
718 1829 991 1872 archiepiscopis,
1017 1829 1142 1872 episco-

406 1884 477 1928 pis,
505 1889 535 1917 et
561 1883 632 1916 aliis
660 1883 870 1916 ecclesiarum
896 1882 1073 1926 praelatis,
1106 1893 1142 1915 ac

408 1938 665 1982 quibuscumque
701 1936 880 1970 Ordinariis
917 1936 1078 1969 civitatum
1111 1942 1142 1969 et

408 1991 616 2029 dioecesum,
642 1990 837 2033 oppidorum
864 1995 895 2022 et
920 1994 1074 2023 terrarum
1111 1996 1144 2022 et

408 2046 555 2078 locorum
581 2043 689 2076 ltaliae
726 2049 757 2076 et
792 2043 970 2076 insularum
1005 2043 1032 2076 ei
1059 2043 1143 2076 adia-

409 2097 551 2130 centium
578 2096 784 2137 huiusmodi,
810 2107 987 2140 eorumque
1016 2096 1142 2130 vicariis

409 2156 440 2184 et
464 2150 668 2190 officialibus,
687 2151 749 2190 vel,
768 2150 807 2182 iis
825 2149 1059 2191 deficientibus,
1079 2150 1142 2183 illis

409 2204 463 2248 qui
489 2214 597 2237 curam
623 2204 803 2236 animarum
823 2209 986 2244 exercent,
1006 2209 1050 2244 ut,
1069 2215 1141 2237 cuni

407 2258 629 2302 praesentium
654 2257 836 2290 litterarum
862 2262 1060 2300 transumpta
1090 2263 1143 2291 aut

408 2312 557 2354 exempla
574 2339 581 2351 ,
619 2311 715 2344 etiam
741 2311 911 2353 impressa,
938 2311 1142 2354 acceperint,

407 2364 462 2398 illa
488 2364 595 2397 statim
622 2364 741 2407 absque
775 2364 840 2397 ulla
864 2365 975 2404 mora,
1002 2365 1143 2398 retarda-

409 2418 495 2451 tione
519 2419 568 2451 vel
595 2417 827 2461 impedimento
852 2428 910 2461 per
935 2427 1007 2450 suas
1041 2418 1143 2451 eecle-

408 2471 470 2504 sias
506 2476 538 2504 et
563 2470 742 2510 dioeceses,
767 2470 961 2513 provincias,
988 2470 1142 2511 civitates,

409 2525 540 2568 oppida,
568 2529 668 2557 terras
693 2529 724 2557 et
748 2524 817 2557 loca
842 2523 1009 2568 publicent
1035 2529 1066 2557 et
1090 2535 1144 2568 pu-

978 233 1159 257 BL'LLARIUM
1187 234 1340 258 Romanu

1221 283 1235 326 ξ
1260 283 1291 315 Γ).
1310 282 1378 316 Non
1398 283 1594 316 intendimus
1614 287 1720 316 autem
1746 294 1804 327 per
1821 293 1912 327 prae-

1178 342 1286 369 sentes
1305 347 1402 380 super
1419 337 1527 380 aliqua
1546 336 1783 379 irregularitate
1809 336 1915 380 publi-

1179 392 1215 423 ca
1237 390 1283 422 vel
1308 390 1445 429 occulta,
1465 391 1554 429 nota,
1582 389 1708 422 defectu
1724 416 1731 428 ‚
1756 389 1917 433 incapaci-

1181 448 1243 476 tate
1261 453 1316 474 seu
1337 442 1541 475 inhabilitate
1566 453 1698 486 quoquo
1723 442 1819 475 inodo
1840 452 1917 476 con—

1181 499 1277 529 tracta
1308 496 1522 539 dispensare,
1546 496 1593 529 vel
1619 497 1758 540 aliquam
1785 496 1916 529 faculta-

1182 556 1243 582 tem
1267 549 1407 582 tribuere
1434 549 1641 593 dispensandi
1668 560 1722 581 seu
1749 548 1917 581 habilitan-

1181 602 1223 641 di,
1252 607 1282 634 et
1308 602 1338 634 in
1362 601 1533 645 pristinum
1561 607 1678 634 statum
1705 601 1916 643 restituendi,

1181 655 1277 688 etiam
1303 655 1334 687 in
1362 655 1430 688 soro
1457 655 1671 696 efficientiae,
1698 665 1805 698 neque
1821 655 1917 688 etiam

1181 708 1312 741 easdem
1339 713 1528 752 praesentes
1565 708 1624 749 iis,
1652 719 1732 752 quae
1769 719 1786 741 a
1822 708 1917 741 nobis

1181 767 1212 794 et
1237 761 1425 805 ,apostolica
1451 761 1531 794 Sede
1562 762 1610 794 vel
1636 761 1675 794 ab
1701 760 1810 804 aliquo
1827 771 1919 804 prae-

1183 816 1247 848 lato
1272 826 1327 848 seu
1353 815 1459 848 iudice
1486 814 1703 848 ecclesiastico
1739 824 1920 847 excommu-

1182 868 1277 901 nicati
1295 896 1302 908 ‚
1331 868 1500 912 suspensi,
1528 867 1712 907 interdicti,
1750 877 1807 900 seu
1843 866 1920 899 alias

1183 922 1213 954 in
1233 921 1410 954 sententias
1435 926 1466 954 et
1491 931 1644 953 censuras
1671 919 1831 961 incidisse,
1857 919 1918 952 nisi

1183 975 1265 1007 intra
1291 980 1419 1017 tempus
1449 974 1603 1007 dictarum
1630 973 1764 1006 duarum
1796 971 1918 1006 hebdo-

1183 1027 1347 1060 madarum
1370 1027 1664 1067 satisfecerint,aut
1680 1037 1752 1059 eum
1772 1025 1918 1069 partibus

1183 1080 1476 1120 concordaverint,
1511 1081 1577 1113 ullo
1616 1080 1711 1112 modo
1751 1078 1918 1121 suffragari

1183 1144 1276 1177 posse
1303 1139 1355 1166 aut.
1381 1134 1513 1166 debere.

1227 1188 1241 1230 ἓ
1265 1187 1296 1220 6.
1322 1187 1392 1220 Non
1417 1186 1618 1220 obstantibus
1636 1185 1919 1220 constitutionibus

1183 1247 1215 1274 et
1232 1241 1491 1275 ordinationibus
1509 1240 1708 1284 apostolicis,
1727 1239 1918 1284 praesertim

1183 1295 1298 1338 quibus
1324 1294 1457 1327 facultas
1475 1293 1658 1327 absolvendi
1677 1292 1709 1325 in
1729 1292 1824 1326 certis
1844 1298 1919 1325 tunc

1184 1348 1344 1393 expressis
1370 1347 1496 1381 casibus
1531 1348 1575 1381 ita
1600 1347 1745 1380 Romano
1771 1345 1918 1380 Pontifici

1184 1414 1242 1447 pro
1284 1409 1428 1445 tempore
1465 1401 1614 1435 existenti
1640 1405 1849 1439 reservatur,
1884 1405 1920 1433 ut

1185 1467 1244 1489 nec
1265 1455 1362 1488 etiam
1389 1454 1511 1488 similes
1536 1455 1584 1487 vel
1611 1453 1782 1487 dissimiles
1818 1452 1920 1486 indul-

1185 1510 1366 1552 gentiarum
1388 1514 1419 1542 et
1437 1509 1622 1542 facultatum
1642 1507 1825 1541 huiusmodi
1844 1517 1919 1540 con-

1185 1563 1361 1603 cessiones,
1386 1562 1446 1595 nisi
1473 1562 1512 1595 de
1538 1561 1602 1595 illis
1627 1571 1779 1605 expressa
1798 1560 1918 1594 mentio

1187 1623 1240 1650 aut
1276 1617 1424 1660 specialis
1462 1616 1628 1659 derogatio
1666 1616 1736 1656 liat,
1770 1614 1918 1659 cuiquam

1187 1669 1354 1712 sull‘ragari
1391 1674 1528 1713 queant,
1556 1679 1681 1702 necnon
1718 1669 1830 1711 regula
1864 1679 1920 1701 no-

1186 1726 1250 1756 stra
1286 1724 1324 1756 de
1360 1733 1426 1756 non
1462 1723 1679 1756 concedendis
1709 1721 1919 1765 indulgentiis

1187 1777 1224 1809 ad
1250 1779 1359 1817 instar,
1400 1788 1436 1809 ac
1462 1786 1741 1820 quorumcumque
1765 1774 1920 1808 Ordinum

1187 1835 1217 1864 et
1254 1831 1546 1873 congregationum
1590 1830 1655 1862 sive
1698 1828 1920 1862 institutorum

1187 1884 1386 1927 regularium
1407 1911 1413 1925 ,
1457 1883 1552 1916 etiam
1594 1883 1775 1916 iuramento
1795 1908 1802 1921 ,
1843 1891 1920 1914 con-

1186 1937 1367 1970 firmatione
1403 1937 1592 1980 apostolica,
1633 1936 1683 1969 vel
1721 1935 1830 1979 quavis
1869 1934 1922 1966 lir-

1187 1990 1296 2024 mitate
1334 1991 1395 2024 alia
1427 1989 1610 2030 roboratis,
1636 1989 1762 2022 statutis
1789 1994 1820 2022 et
1844 1999 1921 2022 con-

1186 2044 1421 2083 suetudinibus,
1436 2043 1611 2086 privilegiis
1626 2053 1767 2086 quoque,
1786 2042 1919 2075 indultis

1187 2104 1218 2132 et
1235 2098 1348 2132 litteris
1367 2097 1563 2141 apostolicis,
1591 2097 1712 2130 eisdem
1734 2096 1919 2137 Ordinibus,

1187 2151 1495 2195 congregationibus
1520 2156 1551 2183 et
1576 2149 1749 2190 institutis,
1775 2149 1921 2182 illorum-

1187 2216 1248 2250 que
1273 2205 1441 2249 personis,
1466 2203 1711 2247 quomodolibet
1743 2202 1918 2244 concessis,

1186 2259 1377 2303 approbatis
1403 2263 1435 2291 et
1458 2257 1642 2298 innovatis3
1669 2257 1787 2301 quibus
1819 2257 1922 2290 omni-

1186 2314 1245 2346 bus
1271 2317 1301 2345 et
1326 2310 1473 2354 singulis,
1500 2310 1623 2343 etiamsi
1650 2310 1690 2343 de
1716 2310 1779 2343 illis
1797 2320 1920 2343 eorum-

1186 2374 1247 2408 que
1274 2362 1348 2395 totis
1373 2362 1541 2394 tenoribus
1566 2361 1727 2405 specialis,
1757 2360 1918 2405 specifica,

1188 2427 1339 2460 expressa
1364 2420 1394 2448 et
1418 2415 1583 2448 individua
1600 2441 1607 2455 ,
1631 2425 1697 2448 non
1722 2419 1828 2448 autem
1861 2425 1921 2458 per

1186 2471 1345 2504 clausulas
1371 2469 1538 2512 generales
1573 2469 1658 2502 idem
1684 2468 1918 2511 imponantes,

1187 2523 1307 2557 mentio
1335 2533 1393 2556 seu
1420 2521 1551 2566 quaevis
1584 2522 1645 2554 alia
1676 2520 1839 2564 expressio
1865 2521 1920 2553 ha-

408 2578 521 2611 blicari
547 2578 675 2618 saciant,
702 2577 936 2622 ecclesiamque
962 2588 1017 2612 seu
1043 2578 1144 2612 eccle·
1186 2577 1316 2617 benda,
1341 2581 1396 2610 aut
1420 2576 1527 2619 aliqua
1551 2575 1613 2609 alia
1639 2575 1795 2619 exquisita
1819 2575 1921 2608 forma

408 2631 470 2666 sias
495 2631 666 2666 visitandas
693 2631 873 2676 designent.

1188 2631 1227 2666 ad
1252 2631 1313 2665 hoe
1339 2629 1497 2665 servanda
1522 2629 1616 2671 soret,
1641 2628 1769 2662 illorum
1790 2632 1918 2662 tenores

1924 235 2017 262 Aac.
2040 235 2107 262 ¹732

1979 296 2042 318 Casus
2051 314 2055 322 ,
2071 299 2106 324 qui

1927 327 2067 346 reneri-autur.

1957 1195 2078 1217 Clausulao.
