2182 3137
5 280 62 307 (An.
77 278 106 305 C.
129 276 195 304 1733

822 274 964 300 CLEMENS
990 277 1033 301 xil
1058 278 1109 302 1³1³.

203 324 331 359 steriori
357 325 428 358 data
454 336 511 368 per
543 325 618 358 dieti
649 323 778 357 Ordinis
813 323 946 357 fratrum

204 378 465 411 Praedicatorum
491 376 681 421 magistrum
709 383 740 410 et
758 382 948 421 procurato-

204 442 269 464 rem
307 432 475 474 generales
509 442 567 474 pro
599 437 743 475 tempore
769 431 945 464 existentes

203 485 474 528 quandocumque
508 485 660 528 eligenda
684 495 868 524 concessas,
897 496 947 517 va-

203 539 285 571 lidas
311 544 342 571 et
368 538 512 572 efficaces
538 540 607 572 l'ore
634 545 665 572 et
691 549 781 579 esse,
807 549 946 582 suosque

204 592 370 636 plenarios
396 598 427 626 et
453 593 596 635 integros
628 592 759 626 ell'ectus
785 592 818 624 in
845 591 947 625 omni-

202 647 263 678 bus
288 651 318 678 et
344 656 404 689 per
429 645 537 678 omnia
573 645 681 678 sortiri
720 650 752 678 et
785 645 946 685 obtinere,

203 699 365 743 dictisque
385 700 547 740 fratribus,
566 710 602 732 ac
619 699 840 732 saecularibus
861 699 946 742 apud

204 764 272 794 eos,
292 760 326 786 ut
350 753 558 797 praedicitur,
578 753 782 796 theologicae
806 752 944 786 facultati

204 807 397 840 triennalem
424 818 556 851 operam
583 807 748 847 dantibus,
768 811 798 839 et
824 806 860 839 ad
880 816 947 848 gra-

191 861 262 893 -dus
294 859 501 900 huiusmodi,
530 865 563 892 ut
588 860 789 903 praefertur,
815 870 945 903 promo-

192 913 315 947 >vendis
333 941 340 954 ,
369 913 516 957 aliisque,
538 914 576 947 ad
604 923 685 957 quos
711 923 797 946 nuuc
822 918 947 956 spectat

203 972 235 1001 et
259 967 475 1011 imposterum
503 967 755 1011 quomodolibet
773 966 943 1010 spectabit,

203 1021 235 1053 in
275 1020 426 1054 omnibus
462 1025 494 1053 et
529 1031 590 1063 per
622 1020 729 1053 omnia
755 1019 946 1063 plenissime

202 1073 372 1117 suffragari
393 1073 563 1114 volumus;
585 1073 697 1117 sieque
724 1079 755 1107 et
777 1084 842 1106 non
868 1073 945 1106 alias

202 1139 261 1172 per
287 1138 511 1171 quoscumque
537 1127 660 1160 iudices
686 1127 870 1160 ordinarios
898 1128 946 1160 vel

190 1182 381 1224 delegatos,
407 1180 517 1224 quavis
543 1181 737 1214 auctoritate
763 1181 945 1224 fungentes,

55 1940 187 1962 obstantium

9 1967 126 1995 &rogatio-

203 1234 298 1268 etiam
324 1245 492 1267 causarum
525 1234 637 1278 palatii
664 1234 835 1278 aposiolici
862 1233 946 1267 audi-

203 1295 301 1329 tores,
323 1299 359 1321 ac
391 1288 550 1332 praedicti
587 1288 716 1321 Ordinis
743 1288 947 1321 Praedicato-

202 1352 272 1374 rum
296 1352 357 1385 pro
385 1345 530 1384 [empore
557 1341 751 1375 existentem
785 1347 946 1385 protecto-

202 1407 283 1435 rem,
301 1395 448 1438 aliosque
467 1394 498 1427 S.
523 1395 559 1427 ll.
580 1395 614 1427 E.
636 1396 828 1435 cardinales,
848 1396 944 1428 etiam

202 1450 241 1482 de
268 1450 370 1482 latere
396 1449 541 1491 legatos,
569 1448 765 1492 vicelegatos
791 1455 822 1482 et
853 1449 945 1482 Sedis

202 1502 410 1546 Apostolicae
436 1501 586 1543 nuncios,
615 1503 744 1536 sublata
770 1503 816 1536 cis
844 1508 875 1536 et
896 1514 945 1536 eo-

201 1567 272 1589 rum
299 1555 434 1589 cuilibet
451 1556 561 1599 quavis
579 1556 673 1589 aliter
698 1556 873 1596 iudicandi,
893 1557 947 1590 de-

200 1610 335 1643 finiendi
377 1615 408 1642 et
447 1609 686 1653 interpretandi
724 1610 876 1643 facultate
917 1616 947 1644 et

201 1663 403 1703 auctoritate,
422 1663 567 1703 iudicari,
586 1663 713 1696 deliniri
733 1669 763 1696 et
788 1663 946 1707 interpre-

201 1717 262 1750 tari
283 1716 418 1756 debere,
436 1722 467 1749 et
485 1716 643 1760 quidquid
662 1727 755 1749 secus
779 1727 877 1760 super
896 1717 945 1750 his

201 1783 218 1804 a
238 1781 417 1815 quoquam,
444 1770 554 1814 (piaris
580 1771 785 1809 auctoritate,
808 1770 947 1804 scienter

201 1825 250 1859 rel
276 1825 489 1868 ignoranter,
515 1825 694 1868 contigerit
718 1825 878 1865 attentari,
907 1825 946 1858 ir-

201 1879 297 1912 ritum
324 1884 355 1912 et
380 1878 474 1911 inane
501 1878 724 1911 decernimus.

243 1933 258 1975 g
283 1932 315 1965 4.
342 1931 412 1965 Non
431 1931 651 1972 obstantibus,
677 1937 838 1975 quatenus
864 1943 944 1976 opus

199 1986 250 2026 sit,
277 1987 339 2018 una
365 1985 404 2018 de
432 1995 495 2018 uon
522 1986 742 2019 concedendis
768 1986 878 2028 gratiis
905 1987 943 2020 ad

200 2040 313 2080 instar,
342 2046 374 2073 ct
400 2040 502 2072 altera
527 2040 647 2073 nostris
673 2046 703 2073 et
726 2040 944 2074 Cancellariae

200 2093 408 2138 Apostolicae
428 2093 548 2135 regulis
567 2093 605 2126 de
624 2093 693 2127 iure
711 2094 860 2137 ‹praesito
878 2105 943 2127 nou

200 2147 346 2182 tollendo
361 2174 368 2188 ‚
395 2157 431 2180 ac
457 2147 553 2180 etiam
580 2146 612 2179 in
631 2147 854 2190 synodalibus,
874 2159 945 2191 pro-

198 2200 389 2234 vinciatibns
407 2227 414 2239 ,
442 2199 667 2243 generalibus,
696 2200 945 2234 universalibus-

200 2265 262 2298 que
289 2253 438 2287 conciliis
464 2252 558 2286 editis
577 2254 625 2286 vel
647 2253 795 2294 edendis,
823 2254 943 2297 specia-

199 2309 284 2342 libus
317 2309 368 2341 vel
402 2307 630 2350 generalibus,
658 2308 944 2341 constitutionibus

199 2367 231 2396 et
248 2360 511 2395 ordinationibus
538 2361 739 2404 apostolicis,
768 2361 945 2404 privilegiis

199 2425 328 2459 quoque
344 2441 351 2455 ‚
376 2414 510 2447 indultis
535 2420 566 2447 et
590 2414 708 2447 litteris
740 2414 942 2457 apostolicis,

199 2467 367 2512 quibusvis
393 2466 540 2510 personis
567 2467 645 2500 alias
680 2468 711 2500 in
745 2469 943 2501 contrarium

199 2520 453 2565 praemissorum
480 2521 734 2563 quomodolibet
769 2520 945 2561 concessis,

199 2574 386 2618 approbatis
405 2579 436 2607 et
454 2574 634 2615 innovatis;
656 2574 775 2618 quibus
796 2574 944 2607 omnibus

200 2634 232 2662 et
257 2628 418 2671 singulis,
445 2627 569 2661 etiamsi
602 2628 642 2661 de
675 2627 740 2661 illis
767 2638 944 2672 earumque

196 2682 276 2721 ‚totis
302 2680 468 2715 tenoribus
493 2681 645 2725 specialis
661 2708 668 2722 ,
695 2680 867 2725 specifica,
893 2692 944 2714 ex-

286 2742 368 2772 Bull.
389 2743 475 2773 Rom.
496 2758 530 2765 -
553 2743 614 2772 Vol.
634 2742 743 2771 XXIII.
891 2742 923 2769 67

1633 269 1696 304 5⁶29
1743 280 1792 305 An*
1811 280 1837 306 c.
1863 280 1932 309 1733

993 336 1104 368 pressa
1143 332 1174 360 et
1205 326 1389 368 individua,
1415 339 1451 361 ac
1488 328 1527 361 de
1564 328 1662 361 verbo
1699 327 1738 360 ad

992 379 1138 420 verbum,
1163 391 1228 414 non
1254 387 1361 414 autem
1380 392 1438 425 per
1456 383 1617 416 clausulas
1643 393 1738 424 gene-

993 433 1088 472 rales,
1106 433 1229 467 mentio
1255 445 1310 467 seu
1338 435 1472 478 quaeris
1490 435 1552 468 alia
1570 435 1737 478 expressio

993 485 1141 519 habenda
1167 486 1275 528 soret,
1303 498 1413 520 earum
1452 494 1584 521 tenores
1612 488 1737 522 eisdem

991 540 1221 582 praesentibus
1249 540 1347 573 etiam
1375 551 1434 582 pro
1463 541 1560 584 plene
1590 547 1622 574 et
1653 542 1737 574 sufli-

991 592 1116 625 cienter
1137 593 1300 635 expressis
1319 594 1487 633 habentes,
1507 594 1570 627 illis
1596 595 1676 627 alias
1704 594 1735 626 iu

991 656 1050 679 suo
1088 646 1206 679 robore
1243 647 1485 689 permansuris,
1511 647 1666 680 latissime
1705 654 1737 680 et

991 699 1182 743 plenissime
1219 711 1255 733 ae
1287 700 1472 743 specialiter
1505 706 1536 734 et
1561 712 1735 744 expresse,

992 758 1080 785 motu
1106 752 1242 785 scientia
1268 758 1301 786 et
1324 753 1496 796 potestatis
1532 754 1736 797 plenitudine

991 805 1174 845 similibus,
1203 806 1422 849 derogainus3
1450 806 1635 850 ceterisque
1662 816 1737 839 con-

994 859 1099 891 trariis
1126 859 1400 903 quibuscumque.

1035 912 1050 955 §
1076 912 1105 945 5.
1123 912 1278 946 Volumus
1297 919 1405 946 autem
1431 918 1466 946 ut
1487 913 1629 957 ipsarum
1648 923 1739 957 prae·
1787 925 1932 956 'remum-„ns

992 965 1135 998 sentium
1163 965 1398 1009 transumptis,
1425 966 1522 1000 etiarn
1546 966 1713 1010 impressis
1729 951 1932 1007 ‚ffliifl'iiisamrf''¹“⁵

992 1018 1128 1052 alicuius
1154 1018 1186 1051 in
1213 1018 1373 1062 dignitate
1407 1019 1631 1053 ecclesiastica
1663 1029 1740 1052 con-

992 1073 1122 1106 stitutae
1148 1083 1312 1116 personae
1339 1073 1448 1116 sigillo
1475 1079 1507 1107 et
1531 1073 1648 1107 notarii
1670 1084 1737 1107 ma-

992 1137 1034 1158 nu
1061 1126 1259 1168 obsignatis,
1286 1127 1336 1160 vel
1363 1127 1474 1166 etiam,
1502 1128 1616 1161 saltem
1644 1132 1736 1160 extra

991 1180 1137 1220 Italiam,
1166 1179 1274 1222 sigillo
1301 1185 1332 1213 et
1364 1180 1606 1224 subscriptione
1633 1181 1737 1224 magi-

991 1234 1045 1267 stri
1071 1234 1199 1267 Ordinis
1225 1239 1278 1267 aut
1310 1234 1561 1278 provincialium
1588 1234 1737 1268 eiusdem

991 1287 1119 1321 Ordinis
1158 1297 1216 1331 pro
1252 1293 1402 1331 tempore
1439 1288 1594 1328 munitis,
1622 1287 1737 1321 eadem

991 1352 1123 1385 prorsus
1150 1342 1229 1375 tides
1254 1342 1285 1375 in
1312 1341 1432 1375 iudicio
1471 1347 1501 1374 et
1532 1346 1623 1374 extra
1653 1341 1737 1375 illud

991 1395 1199 1436 adhibeatur,
1223 1405 1307 1438 quae
1327 1395 1541 1428 adhiberetur
1560 1394 1738 1438 praesenti-

990 1449 1049 1481 bus
1076 1448 1101 1481 si
1128 1449 1238 1481 forent
1258 1448 1425 1481 exhibitae
1451 1449 1499 1481 vel
1526 1454 1688 1481 ostensae.

1034 1502 1048 1545 ἓ
1073 1502 1104 1535 6.
1127 1502 1213 1535 Nulli
1233 1512 1312 1545 ergo
1340 1502 1475 1535 omnino
1503 1502 1672 1536 hominum
1698 1502 1931 1557 Ιί-ΙυῇςιιίιυίὲιΙ-ὲῑιιιιέ

990 1561 1063 1589 eeat
1081 1556 1164 1589 hanc
1180 1555 1332 1599 paginam
1351 1561 1482 1589 nostrae
1501 1545 1835 1596 concessionis,aul-21¹3
1882 1546 1901 1562 ⁶*

990 1608 1205 1651 extensionis,
1242 1609 1510 1653 prorogationis,
1537 1609 1733 1649 voluntatis,

990 1664 1113 1697 decreti
1139 1668 1170 1696 et
1195 1663 1430 1705 derogationis,
1458 1663 1658 1706 iufringere,
1684 1665 1733 1696 vel

990 1717 1018 1749 ei
1045 1727 1122 1749 ausu
1162 1716 1336 1749 temerario
1373 1716 1561 1756 eontraire;
1600 1716 1626 1749 si
1660 1716 1733 1759 quis

989 1776 1096 1803 autem
1122 1770 1185 1803 hoe
1210 1774 1371 1803 attentare
1394 1769 1664 1813 praesumpserit,
1686 1769 1734 1801 iu-

989 1822 1212 1865 dignationem
1240 1822 1479 1866 omnipotentis
1511 1822 1565 1855 Dei
1600 1833 1636 1854 ac
1662 1822 1735 1855 bea-

990 1882 1095 1909 torum
1121 1876 1207 1909 Petri
1234 1881 1265 1909 et
1291 1876 1380 1909 Pauli
1408 1877 1632 1919 apostolorum
1665 1876 1733 1909 eius

989 1940 1021 1963 se
1048 1929 1174 1963 noverit
1200 1929 1420 1962 incursurum.

1032 1984 1147 2016 Datum
1174 1983 1306 2023 Romae,
1339 1983 1423 2026 apud
1450 1983 1480 2016 S.
1508 1983 1638 2019 Mariam
1671 1984 1734 2016 Ma-

989 2037 1113 2077 iorem,
1152 2047 1238 2070 anno
1276 2036 1511 2070 incarnationis
1548 2036 1734 2069 dominicae

988 2100 1187 2130 unccxxxui,
1205 2100 1222 2123 v
1249 2090 1406 2123 kalendas
1433 2090 1735 2133 septeiubris,pon-

989 2144 1128 2176 titicatus
1155 2143 1258 2176 nostri
1285 2153 1370 2176 anno
1396 2153 1438 2176 iv.

1025 2207 1083 2234 Dat.
1105 2206 1147 2234 die
1168 2206 1201 2233 ⁶28
1222 2206 1330 2241 augusti
1355 2206 1433 2241 1733,
1455 2206 1551 2242 pontif.
1574 2214 1654 2233 anuo¹
1677 2214 1713 2233 tr.

1256 2261 1293 2293 Α.
1314 2260 1401 2293 card.
1422 2260 1655 2304 pro-datarius.

1254 2314 1288 2346 1³.
1318 2314 1407 2347 card.
1435 2314 1618 2347 Olessntus.

1063 2378 1129 2405 Visa
1150 2378 1183 2404 sle
1205 2377 1296 2405 Curia

1256 2431 1277 2462 l.
1305 2430 1454 2473 archiep.
1484 2430 1686 2474 Ancyranus⁴

1069 2489 1136 2519 Loco
1151 2490 1169 2524 ἦ·
1183 2488 1301 2528 plumbi.

1410 2537 1445 2570 D.
1473 2537 1641 2573 Srivauus.

1024 2599 1180 2635 Registrata
1200 2599 1228 2626 in
1248 2599 1350 2626 Secret.
1372 2599 1510 2626 Brevium.
