2182 3137
144 230 192 254 An.
210 230 240 255 C.
260 230 321 255 ¹73¹

166 710 277 730 Contraria
288 709 325 729 de-

143 736 257 756 clarationi
274 736 323 756 hinc

143 762 253 782 Benedicti
278 762 325 783 thl

142 789 275 809 constitutio.

201 1923 280 1947 Quibus
305 1922 331 1942 de

150 1950 332 1972 causisinotussit

169 1977 314 1997 sanctissimus

149 2004 246 2025 domiuus
260 2005 332 2023 noster

149 2030 209 2051 Pauli
231 2029 258 2050 {V
280 2035 332 2049 eon-

149 2057 331 2077 stntutiouemcon-

153 2083 245 2104 firmare.

373 221 436 253 ⁶226

337 284 450 310 erant:
478 289 574 321 quam
609 278 741 321 quidem
772 280 966 312 sententiam
991 280 1077 312 idem

335 331 482 364 Clemens
515 332 747 374 praedecessor
782 342 847 364 non
881 332 978 365 modo
1003 343 1078 375 pro-

334 383 433 423 bavit,
465 395 501 416 ac
526 384 694 427 perpetuis
721 384 832 417 itidem
860 385 973 417 suturis
999 391 1078 418 tem-

334 436 470 479 poribus
496 436 691 469 inconcusse
710 437 875 469 observari
893 438 1075 477 mandavit;

335 489 390 521 sed
417 489 551 531 insuper
578 490 610 521 in
635 499 694 522 suo
721 500 850 533 quoque
884 490 1077 523 consistorio

335 547 460 574 secreto
495 542 545 574 die
579 551 614 575 ιιι
640 542 759 575 mensis
797 542 902 575 martii
936 552 1076 576 Moccxxi

336 594 446 627 habito
473 595 577 636 palam
597 595 738 633 recitari,
758 601 789 627 et
806 595 890 628 inter
910 601 980 628 acta
1004 606 1078 628 con-

336 646 508 680 sistorialia
535 647 646 680 rel‘erri
673 653 770 690 atque
795 648 952 681 custodiri
972 648 1075 681 iussit.

380 701 394 743 ἓ
418 700 450 733 3.
478 700 677 743 Quamquam
702 711 776 733 vero
802 700 873 744 piae
899 700 1076 733 memoriae

336 754 531 787 Benedictus
564 754 648 796 Papa
674 754 739 786 xtlt
764 755 994 797 praedecessor
1023 765 1078 797 pa-

336 808 414 839 riter
431 812 542 840 noster
559 817 616 850 per
633 807 787 849 quasdam
806 818 879 840 suas
897 808 955 840 sub
973 808 1078 850 plum-

336 860 398 899 ho,
416 871 502 893 anno
530 860 605 891 item
639 860 872 892 incarnationis
897 859 1077 892 dominicae

335 923 506 952 MDccxxtv‚
527 923 569 945 vti
589 913 659 945 idus
684 913 888 955 septembris,
908 913 1078 955 pontifica-

336 972 387 997 tus
414 966 461 997 sui
488 976 573 997 anno
591 976 611 1005 i,
637 966 813 997 absentiam
831 976 848 997 a
865 965 960 997 Curia
985 976 1078 1008 prae-

336 1019 400 1051 fata
432 1019 595 1062 episcopis
632 1018 849 1050 cardinalibus
886 1017 1079 1060 antiquiori-

335 1071 409 1109 bus,
427 1072 606 1103 dummodo
625 1071 710 1113 apud
737 1070 1002 1113 metropolitanas
1023 1080 1078 1102 seu

336 1124 541 1156 cathedrales
573 1123 748 1162 ecclesias,
781 1133 860 1166 quas
886 1123 918 1154 in
944 1123 1080 1155 admini-

337 1177 526 1209 strationem
553 1176 724 1215 obtinent,
750 1176 969 1218 personaliter
1000 1177 1079 1208 resi-

337 1230 446 1269 deant,
464 1229 495 1261 in
515 1229 718 1261 assecutione
737 1229 882 1261 eiusdem
903 1229 1078 1261 decanatus

337 1283 525 1315 nullatenus
549 1282 687 1321 obesse,
716 1282 772 1314 sed
806 1283 997 1314 decanatum
1022 1282 1079 1313 hu-

337 1336 476 1369 iusmodi
496 1336 567 1378 ipso
593 1336 662 1368 iure
689 1336 804 1369 deserri
820 1335 993 1379 praedictis
1012 1335 1079 1378 epi-

337 1390 446 1432 scopis
482 1389 700 1421 cardInalibus
743 1389 981 1432 antiquioribus
1017 1389 1076 1420 ab·

338 1443 492 1482 sentibus,
520 1448 551 1475 et
576 1443 661 1485 apud
688 1442 787 1475 dictas
809 1442 1079 1485 metropolitanas

338 1507 393 1528 seu
416 1496 619 1528 cathedrales
637 1495 790 1528 ecclesias
810 1501 881 1528 actu
908 1496 1080 1528 residenti-

337 1550 411 1589 bus,
431 1554 574 1582 statuere
602 1554 676 1581 tunc
701 1554 920 1591 opportunum
940 1549 1078 1589 duxerit,

338 1608 438 1646 prout
458 1603 490 1634 in
510 1603 578 1635 eius
601 1602 716 1634 litteris
742 1602 905 1644 praefatis,
931 1613 1078 1645 quarum,

340 1656 477 1699 perinde
496 1667 532 1688 ac
558 1655 764 1698 supradictae
785 1655 872 1688 Pauli
895 1656 1081 1698 praedeces·

341 1709 423 1742 soris
444 1708 684 1741 constitutionis
704 1713 834 1741 tenores
852 1709 1080 1751 praesentibus

340 1773 400 1805 pro
419 1763 515 1804 plene
538 1766 569 1793 et
592 1761 789 1793 sufficienter
815 1761 976 1804 expressis
994 1766 1025 1793 et
1043 1762 1079 1793 ad

341 1815 475 1846 verbum
497 1813 627 1845 insertis
647 1813 758 1845 haberi
777 1814 935 1853 volumus,
955 1814 1081 1857 plenius

343 1867 437 1899 etiam
463 1867 661 1899 continetur:

387 1921 401 1963 g
418 1920 449 1952 st.
469 1921 532 1952 Nos
551 1925 657 1952 tamen
683 1919 721 1951 ad
748 1920 947 1961 gravissima,
966 1920 1083 1962 quibus

341 1978 521 2006 memorata
546 1972 632 2004 Pauli
667 1973 929 2015 praedecessoris
959 1973 1082 2005 sanctio

342 2026 401 2058 niti
424 2025 637 2067 dignoscitur,
659 2026 818 2057 rationum
837 2033 1007 2065 momenta,
1027 2038 1084 2059 no-

344 2084 427 2111 strae
441 2079 617 2120 dirigentes
634 2079 904 2112 considerationis
922 2080 1084 2118 intuitum,

345 2132 480 2175 aliisque
517 2131 609 2163 iustis
646 2137 677 2163 et
708 2132 955 2165 rationabilibus
981 2134 1084 2166 causis

345 2185 486 2217 animum
523 2191 668 2217 nostrum
705 2185 908 2218 moventibus
933 2187 1084 2225 adducti,

344 2243 417 2280 post
442 2238 729 2278 deliberationem,
752 2249 846 2281 quam
872 2249 971 2281 super
995 2250 1086 2282 prae-

344 2291 453 2324 missis
483 2301 554 2323 cum
592 2291 738 2333 pluribus
772 2302 807 2324 ex
844 2292 1086 2325 venerabilibus

346 2345 498 2376 fratribus
518 2344 636 2376 nostris
653 2344 685 2376 S.
704 2344 742 2376 R.
762 2344 796 2376 E.
816 2345 1003 2387 praedictae
1021 2356 1087 2378 car-

347 2397 510 2430 dinalibus
537 2397 709 2429 habuimus
736 2397 939 2439 diligentem,
968 2398 1007 2430 de
1033 2409 1088 2431 eo-

347 2459 417 2480 rum
444 2447 599 2487 consilio,
630 2458 666 2480 ac
691 2447 786 2480 etiam
813 2453 901 2480 motu
927 2449 1085 2491 proprio,

349 2506 380 2532 et
404 2511 440 2533 ex
468 2503 552 2533 certa
571 2500 705 2533 scientia
726 2511 762 2533 ac
782 2503 905 2533 matura
930 2501 1089 2534 delibera-

349 2554 438 2586 tione
465 2553 592 2592 nostris,
610 2554 715 2596 deque
735 2554 933 2597 apostolicae
951 2558 1089 2597 potesta-

351 2607 390 2639 tis
415 2607 628 2649 plenitudine,
651 2608 712 2639 hac
737 2610 845 2640 nostra
862 2610 1020 2651 perpetua
1038 2619 1089 2641 va-

922 231 1105 255 BULLARIUM
1130 232 1286 256 ROMANUM

1872 238 1922 261 Aa.
1943 236 1970 261 c.
1990 235 2055 264 ¹731

1120 279 1216 312 litura
1241 281 1473 314 constitutione
1498 282 1584 314 illam
1611 282 1698 316 Pauli
1724 284 1861 326 praede-

1120 333 1260 366 cessoris
1304 333 1535 367 confirmantes
1557 345 1607 366 ·ac
1643 335 1834 368 innovantes
1852 363 1859 374 ,

1121 384 1327 418 decernimus
1353 391 1384 418 et
1408 386 1617 423 mandamus,
1639 392 1674 418 ut
1694 387 1861 430 deinceps,

1121 437 1387 481 quotiescumque
1400 438 1576 471 decanatus
1591 439 1776 481 praedictus
1788 449 1863 481 quo-

1121 490 1301 523 modolibet
1325 491 1497 529 vacaverit,
1522 491 1594 533 ipso
1621 491 1690 523 iure
1717 492 1747 523 in
1774 502 1863 524 eum-

1121 542 1194 575 dem
1217 543 1408 576 decanatum
1426 545 1580 576 succedat
1604 544 1773 587 episcopus
1794 555 1863 577 car—

1121 596 1238 628 dinalis
1264 597 1434 639 antiquior,
1455 598 1507 641 qui
1536 602 1680 640 tempore
1707 598 1791 631 illius
1812 608 1863 630 va-

1121 649 1256 681 cationis
1278 649 1309 681 in
1336 649 1423 682 dicta
1446 650 1540 682 Curia
1566 661 1721 692 praesens
1742 651 1792 688 sit,
1813 653 1862 684 vel

1121 701 1174 744 qui
1201 712 1237 733 ex
1265 703 1359 733 causa
1385 703 1516 745 publica
1542 709 1573 734 et
1598 703 1731 735 Romani
1753 703 1864 735 Ponti-

1121 753 1190 786 sicis
1216 755 1432 787 destinatione
1459 755 1636 795 dumtaxat,
1665 766 1730 788 non
1757 761 1862 789 tamen

1122 808 1248 840 ratione
1269 818 1322 840 seu
1350 819 1385 840 ex
1413 811 1508 840 causa
1533 808 1729 841 residentiae
1747 810 1778 841 in
1798 819 1863 841 me-

1122 861 1322 902 tropolitana
1340 872 1394 893 seu
1420 861 1593 894 cathedrali
1617 861 1755 894 ecclesia
1773 862 1863 894 cuius

1122 913 1268 953 regimen
1295 919 1325 945 et
1344 914 1661 946 administrationem
1680 925 1714 946 ex
1737 914 1863 946 indulto

1122 966 1302 1006 apostolico
1322 966 1467 1003 retineat.
1487 967 1526 998 ab
1544 967 1657 998 eadem
1675 966 1769 999 Curia
1788 972 1864 998 tunc

1123 1018 1280 1060 temporis
1306 1019 1424 1051 absens
1451 1019 1644 1061 reperiatur.

1166 1070 1236 1113 §fr
1264 1070 1353 1108 Quod
1388 1081 1464 1103 vero
1501 1072 1616 1104 attinet
1652 1073 1689 1104 ad
1727 1074 1862 1104 alteram
1924 1083 2062 1113 ueneratio,

1122 1124 1389 1162 controversiam,
1418 1124 1497 1156 alias
1529 1124 1614 1157 circa
1640 1125 1744 1167 ipsum
1771 1125 1864 1157 deca·
1875 1111 2059 1156 ffgssdsitniiiissiiiif

1122 1181 1231 1208 natum
1257 1177 1446 1216 excitatam,
1475 1188 1551 1209 num
1578 1177 1699 1209 scilicet
1736 1177 1767 1209 in
1794 1177 1863 1210 eius
1875 1162 2060 1217 ssssssssisssssmssii'ssi

1122 1230 1328 1262 assecutione
1344 1230 1520 1263 cardinalis
1538 1231 1680 1263 anterior
1694 1230 1726 1262 in
1747 1230 1863 1263 ordine
1875 1215 2060 1271 ffissssssamiffssssi

1122 1282 1312 1325 episcopali,
1338 1284 1392 1315 sed
1413 1283 1580 1326 posterior
1595 1283 1627 1315 in
1649 1283 1861 1323 cardinalatu,
1875 1269 2060 1319 iiiii'iissmssmt-‹i'f

1121 1336 1354 1379 praeferendus
1387 1342 1471 1368 esset
1505 1336 1660 1369 cardinali
1687 1321 1925 1378 post.eriori⁹³¹¹'

1122 1389 1153 1420 in
1180 1389 1295 1421 ordine
1323 1388 1522 1431 episcopali,
1555 1389 1610 1421 sed
1637 1389 1792 1422 anteriori
1830 1390 1863 1422 in

1122 1441 1338 1481 cardinalatu,
1366 1442 1619 1474 declarationem
1645 1453 1661 1474 a
1686 1442 1863 1475 Benedicto

1122 1494 1379 1536 praedecessore
1413 1495 1445 1526 in
1477 1494 1595 1527 litteris
1619 1495 1685 1527 suis
1709 1495 1862 1538 praefatis

1123 1547 1266 1589 desuper
1291 1548 1409 1580 editam
1432 1554 1544 1580 tenore
1566 1548 1785 1590 praesentium
1812 1559 1864 1591 ap-

1122 1601 1309 1644 probante&
1336 1611 1396 1644 pro
1415 1601 1527 1633 maiori
1554 1601 1641 1634 illius
1663 1601 1810 1634 firmitate
1829 1612 1865 1634 ac

1123 1653 1243 1695 potiori
1270 1653 1394 1686 cautela
1411 1679 1418 1692 ,
1445 1653 1563 1686 iterum
1588 1654 1783 1690 statuimus,
1812 1664 1864 1686 an-

1125 1706 1307 1749 tiquitatem
1333 1707 1420 1739 inter
1444 1707 1617 1749 episcopos
1636 1707 1864 1740 cardinalesin

1125 1760 1209 1791 dicta
1234 1759 1326 1792 Curia
1341 1766 1529 1802 praesentes
1547 1770 1611 1792 non
1631 1770 1701 1792 esse
1727 1759 1866 1792 metien-

1126 1813 1198 1844 dam
1237 1813 1301 1843 sive
1337 1812 1518 1844 ducendam
1552 1824 1569 1844 a
1602 1818 1750 1855 tempore
1788 1823 1865 1845 suae

1126 1864 1338 1908 promotionis
1368 1865 1406 1897 ad
1436 1865 1655 1897 cardinalatus
1682 1866 1841 1898 honorem
1859 1893 1866 1904 ,

1126 1919 1181 1950 sed
1208 1930 1224 1950 a
1252 1924 1400 1961 tempore
1426 1929 1538 1951 eorum
1565 1919 1730 1959 ingressus
1757 1919 1789 1951 in
1814 1930 1867 1951 or-

1127 1972 1235 2004 dinem
1262 1972 1493 2014 episcopalem,
1522 1972 1601 2004 itaut
1636 1973 1809 2005 decanatus
1835 1983 1868 2005 e-

1127 2025 1254 2057 iusdem
1281 2024 1364 2056 sacri
1389 2025 1520 2067 collegii
1539 2026 1576 2057 ad
1600 2025 1819 2067 antiquiorem
1834 2025 1866 2058 in

1127 2078 1242 2110 ordino
1268 2077 1460 2120 episcopali,
1494 2078 1617 2110 tametsi
1650 2078 1867 2120 posteriorem

1128 2130 1160 2162 in
1186 2130 1398 2169 cardinalatu,
1422 2131 1596 2172 pervenire
1623 2131 1749 2170 debeat,
1768 2131 1866 2174 etqui

1128 2183 1218 2226 prius
1244 2183 1339 2216 alicui
1366 2194 1402 2216 ex
1429 2183 1522 2215 dictis
1548 2193 1601 2216 sex
1628 2184 1775 2216 ecclesiis
1793 2185 1867 2217 sub-

1129 2236 1303 2269 urbicariis
1336 2236 1517 2279 praefectus
1554 2236 1667 2275 suerit,
1705 2237 1869 2279 praetera-

1131 2295 1181 2322 tur
1206 2290 1238 2322 in
1263 2289 1466 2322 assecutione
1485 2289 1661 2322 decanatus
1681 2290 1868 2323 huiusmodi

1130 2342 1234 2381 alteri,
1262 2342 1316 2384 qui
1349 2347 1423 2374 ante
1456 2342 1561 2384 ipsum
1587 2343 1625 2374 ad
1652 2342 1868 2376 cardinalatus

1131 2395 1321 2437 dignitatem
1346 2400 1517 2438 promotus
1542 2394 1667 2427 fuisset.

1174 2449 1189 2491 ἓ
1213 2448 1245 2480 6.
1273 2448 1319 2480 Ad
1348 2449 1428 2481 haec
1453 2448 1612 2480 sancimus
1644 2454 1739 2491 atque
1765 2450 1871 2483 decla·
1903 2455 1963 2478 Quod
1978 2454 2065 2475 admitti

1881 2487 1922 2501 nou
1949 2481 2029 2502 debeat
2042 2487 2067 2502 o-

1131 2512 1251 2540 ramus,
1278 2501 1408 2534 nonnisi
1430 2512 1447 2533 a
1465 2501 1696 2542 cardinalibus,
1722 2502 1775 2545 qui
1804 2503 2067 2554 sue-srffimbqggfflg·

2058 2548 2065 2558 .

1131 2555 1196 2587 rint
1221 2554 1252 2586 in
1278 2554 1423 2597 praefata
1447 2553 1543 2586 Curia
1577 2560 1766 2596 praesentes
1793 2560 2067 2612 tem-gggzffitngffi

1131 2618 1210 2652 pore
1235 2608 1306 2651 ipso
1331 2607 1508 2641 vacationis
1536 2607 1673 2640 alicuius
1711 2618 1748 2640 ex
1775 2608 1902 2641 dictisin
1927 2613 2002 2637 Curii.
2031 2611 2065 2633 *οἱ
