<?xml version="1.0" encoding="UTF-8"?>
<!DOCTYPE html PUBLIC "-//W3C//DTD XHTML 1.0 Transitional//EN"
    "http://www.w3.org/TR/xhtml1/DTD/xhtml1-transitional.dtd">
<html xmlns="http://www.w3.org/1999/xhtml" xml:lang="en" lang="en">
 <head>
  <title>
</title>
<meta http-equiv="Content-Type" content="text/html;charset=utf-8" />
  <meta name='ocr-system' content='tesseract 3.04.00' />
  <meta name='ocr-capabilities' content='ocr_page ocr_carea ocr_par ocr_line ocrx_word'/>
</head>
<body>
  <div class='ocr_page' id='page_1' title='image "./bullarumdiplomat23cath_0114.png"; bbox 0 0 2182 3137; ppageno 0'>
   <div class='ocr_carea' id='block_1_1' title="bbox 433 148 1149 184">
    <p class='ocr_par' dir='ltr' id='par_1_1' title="bbox 433 148 1149 184">
     <span class='ocr_line' id='line_1_1' title="bbox 433 148 1149 184; baseline 0.006 -4"><span class='ocrx_word' id='word_1_1' title='bbox 433 148 476 181; x_wconf 68' lang='lat'><em>92</em></span> <span class='ocrx_word' id='word_1_2' title='bbox 967 160 1149 184; x_wconf 72' lang='lat' dir='ltr'>BULLARIUM</span> 
     </span>
    </p>
   </div>
   <div class='ocr_carea' id='block_1_2' title="bbox 387 206 1134 924">
    <p class='ocr_par' dir='ltr' id='par_1_2' title="bbox 387 206 1134 924">
     <span class='ocr_line' id='line_1_2' title="bbox 389 206 1133 243; baseline 0.005 -10"><span class='ocrx_word' id='word_1_3' title='bbox 389 206 468 234; x_wconf 87' lang='lat' dir='ltr'><em>etiam</em></span> <span class='ocrx_word' id='word_1_4' title='bbox 492 215 582 235; x_wconf 78' lang='lat' dir='ltr'><em>onmes</em></span> <span class='ocrx_word' id='word_1_5' title='bbox 603 207 754 236; x_wconf 78' lang='lat' dir='ltr'><em>sacerdotes</em></span> <span class='ocrx_word' id='word_1_6' title='bbox 775 208 983 243; x_wconf 76' lang='lat' dir='ltr'><em>communicent,</em></span> <span class='ocrx_word' id='word_1_7' title='bbox 1016 208 1060 237; x_wconf 87' lang='lat' dir='ltr'><em>die</em></span> <span class='ocrx_word' id='word_1_8' title='bbox 1081 207 1133 237; x_wconf 79' lang='lat' dir='ltr'><em>Re-</em></span> 
     </span>
     <span class='ocr_line' id='line_1_3' title="bbox 389 254 1133 295; baseline 0.005 -13"><span class='ocrx_word' id='word_1_9' title='bbox 389 254 568 283; x_wconf 81' lang='lat' dir='ltr'><em>surrectionis</em></span> <span class='ocrx_word' id='word_1_10' title='bbox 589 254 761 293; x_wconf 75' lang='lat' dir='ltr'><em>dominicae,</em></span> <span class='ocrx_word' id='word_1_11' title='bbox 792 256 976 295; x_wconf 84' lang='lat' dir='ltr'><em>apostolorum</em></span> <span class='ocrx_word' id='word_1_12' title='bbox 1005 255 1133 295; x_wconf 79' lang='lat' dir='ltr'><em>Philippi</em></span> 
     </span>
     <span class='ocr_line' id='line_1_4' title="bbox 389 302 1130 342; baseline 0.004 -11"><span class='ocrx_word' id='word_1_13' title='bbox 389 306 415 331; x_wconf 89' lang='lat' dir='ltr'><em>et</em></span> <span class='ocrx_word' id='word_1_14' title='bbox 436 302 540 336; x_wconf 82' lang='lat' dir='ltr'><em>Iacobi,</em></span> <span class='ocrx_word' id='word_1_15' title='bbox 563 303 715 332; x_wconf 79' lang='lat' dir='ltr'><em>dominicae</em></span> <span class='ocrx_word' id='word_1_16' title='bbox 736 303 928 342; x_wconf 73' lang='lat' dir='ltr'><em>Ascensionis,</em></span> <span class='ocrx_word' id='word_1_17' title='bbox 952 304 1130 342; x_wconf 85' lang='lat' dir='ltr'><em>Pentecostes,</em></span> 
     </span>
     <span class='ocr_line' id='line_1_5' title="bbox 391 350 1133 393; baseline 0.004 -13"><span class='ocrx_word' id='word_1_18' title='bbox 391 351 521 390; x_wconf 76' lang='lat' dir='ltr'><em>Corporis</em></span> <span class='ocrx_word' id='word_1_19' title='bbox 544 350 660 389; x_wconf 80' lang='lat' dir='ltr'><em>Christi,</em></span> <span class='ocrx_word' id='word_1_20' title='bbox 679 352 831 383; x_wconf 80' lang='lat' dir='ltr'><em>Nativitate</em></span> <span class='ocrx_word' id='word_1_21' title='bbox 852 354 882 384; x_wconf 87' lang='lat' dir='ltr'><em>S.</em></span> <span class='ocrx_word' id='word_1_22' title='bbox 901 354 1012 384; x_wconf 80' lang='lat' dir='ltr'><em>Ioannis</em></span> <span class='ocrx_word' id='word_1_23' title='bbox 1034 354 1133 393; x_wconf 87' lang='lat' dir='ltr'><em>Bapti-</em></span> 
     </span>
     <span class='ocr_line' id='line_1_6' title="bbox 389 399 1133 440; baseline 0.007 -13"><span class='ocrx_word' id='word_1_24' title='bbox 389 402 455 436; x_wconf 88' lang='lat' dir='ltr'><em>stae,</em></span> <span class='ocrx_word' id='word_1_25' title='bbox 478 401 547 438; x_wconf 80' lang='lat' dir='ltr'><em>festo</em></span> <span class='ocrx_word' id='word_1_26' title='bbox 568 399 598 429; x_wconf 88' lang='lat' dir='ltr'><em>S.</em></span> <span class='ocrx_word' id='word_1_27' title='bbox 616 400 705 430; x_wconf 89' lang='lat' dir='ltr'><em>Iacobi</em></span> <span class='ocrx_word' id='word_1_28' title='bbox 726 401 882 438; x_wconf 81' lang='lat' dir='ltr'><em>Zebedaei,</em></span> <span class='ocrx_word' id='word_1_29' title='bbox 906 403 1056 440; x_wconf 77' lang='lat' dir='ltr'><em>festivitate</em></span> <span class='ocrx_word' id='word_1_30' title='bbox 1081 402 1133 432; x_wconf 79' lang='lat' dir='ltr'><em>As-</em></span> 
     </span>
     <span class='ocr_line' id='line_1_7' title="bbox 388 448 1130 488; baseline 0.007 -13"><span class='ocrx_word' id='word_1_31' title='bbox 388 448 553 486; x_wconf 84' lang='lat' dir='ltr'><em>sumptionis</em></span> <span class='ocrx_word' id='word_1_32' title='bbox 585 448 755 479; x_wconf 86' lang='lat' dir='ltr'><em>beatissimae</em></span> <span class='ocrx_word' id='word_1_33' title='bbox 777 449 829 479; x_wconf 83' lang='lat' dir='ltr'><em>Dei</em></span> <span class='ocrx_word' id='word_1_34' title='bbox 848 451 991 488; x_wconf 67' lang='lat' dir='ltr'><em>glenitrieis</em></span> <span class='ocrx_word' id='word_1_35' title='bbox 1011 450 1130 488; x_wconf 87' lang='lat' dir='ltr'><em>Mariae,</em></span> 
     </span>
     <span class='ocr_line' id='line_1_8' title="bbox 387 495 1133 537; baseline 0.007 -13"><span class='ocrx_word' id='word_1_36' title='bbox 387 495 538 525; x_wconf 72' lang='lat' dir='ltr'><em>Nam-itate</em></span> <span class='ocrx_word' id='word_1_37' title='bbox 560 497 690 534; x_wconf 85' lang='lat' dir='ltr'><em>eiusdem,</em></span> <span class='ocrx_word' id='word_1_38' title='bbox 712 499 780 536; x_wconf 84' lang='lat' dir='ltr'><em>sesto</em></span> <span class='ocrx_word' id='word_1_39' title='bbox 799 500 890 537; x_wconf 82' lang='lat' dir='ltr'><em>patris</em></span> <span class='ocrx_word' id='word_1_40' title='bbox 913 500 1000 528; x_wconf 84' lang='lat' dir='ltr'><em>nostri</em></span> <span class='ocrx_word' id='word_1_41' title='bbox 1014 499 1050 528; x_wconf 88' lang='lat' dir='ltr'><em>B.</em></span> <span class='ocrx_word' id='word_1_42' title='bbox 1067 499 1133 528; x_wconf 87' lang='lat' dir='ltr'><em>Ilie-</em></span> 
     </span>
     <span class='ocr_line' id='line_1_9' title="bbox 388 545 1133 586; baseline 0.005 -14"><span class='ocrx_word' id='word_1_43' title='bbox 388 545 497 580; x_wconf 71' lang='lat' dir='ltr'><em>ronJsmi</em></span> <span class='ocrx_word' id='word_1_44' title='bbox 519 546 619 574; x_wconf 77' lang='lat' dir='ltr'><em>mensis</em></span> <span class='ocrx_word' id='word_1_45' title='bbox 640 546 801 585; x_wconf 70' lang='lat' dir='ltr'><em>septembris</em></span> <span class='ocrx_word' id='word_1_46' title='bbox 824 548 914 583; x_wconf 84' lang='lat' dir='ltr'><em>(cuius</em></span> <span class='ocrx_word' id='word_1_47' title='bbox 935 548 993 576; x_wconf 80' lang='lat' dir='ltr'><em>dies</em></span> <span class='ocrx_word' id='word_1_48' title='bbox 1005 557 1056 586; x_wconf 82' lang='lat' dir='ltr'><em>per</em></span> <span class='ocrx_word' id='word_1_49' title='bbox 1077 557 1133 577; x_wconf 89' lang='lat' dir='ltr'><em>mo-</em></span> 
     </span>
     <span class='ocr_line' id='line_1_10' title="bbox 390 593 1132 633; baseline 0.005 -12"><span class='ocrx_word' id='word_1_50' title='bbox 390 593 488 622; x_wconf 78' lang='lat' dir='ltr'><em>naclios</em></span> <span class='ocrx_word' id='word_1_51' title='bbox 510 597 534 622; x_wconf 83' lang='lat' dir='ltr'><em>et</em></span> <span class='ocrx_word' id='word_1_52' title='bbox 562 594 672 623; x_wconf 89' lang='lat' dir='ltr'><em>donatos</em></span> <span class='ocrx_word' id='word_1_53' title='bbox 703 595 860 633; x_wconf 76' lang='lat' dir='ltr'><em>familiares</em></span> <span class='ocrx_word' id='word_1_54' title='bbox 891 600 916 625; x_wconf 84' lang='lat' dir='ltr'><em>et</em></span> <span class='ocrx_word' id='word_1_55' title='bbox 947 597 1132 625; x_wconf 71' lang='lat' dir='ltr'><em>mercenarios</em></span> 
     </span>
     <span class='ocr_line' id='line_1_11' title="bbox 389 641 1133 683; baseline 0.003 -13"><span class='ocrx_word' id='word_1_56' title='bbox 389 642 477 671; x_wconf 85' lang='lat' dir='ltr'><em>nostri</em></span> <span class='ocrx_word' id='word_1_57' title='bbox 500 641 613 672; x_wconf 83' lang='lat' dir='ltr'><em>Ordinis</em></span> <span class='ocrx_word' id='word_1_58' title='bbox 635 642 667 671; x_wconf 89' lang='lat' dir='ltr'><em>ab</em></span> <span class='ocrx_word' id='word_1_59' title='bbox 688 644 762 672; x_wconf 83' lang='lat' dir='ltr'><em>omni</em></span> <span class='ocrx_word' id='word_1_60' title='bbox 785 643 882 673; x_wconf 69' lang='lat' dir='ltr'><em>seruili</em></span> <span class='ocrx_word' id='word_1_61' title='bbox 913 654 994 683; x_wconf 84' lang='lat' dir='ltr'><em>opere</em></span> <span class='ocrx_word' id='word_1_62' title='bbox 1026 644 1133 673; x_wconf 83' lang='lat' dir='ltr'><em>colatur</em></span> 
     </span>
     <span class='ocr_line' id='line_1_12' title="bbox 388 691 1133 731; baseline 0.003 -12"><span class='ocrx_word' id='word_1_63' title='bbox 388 693 414 719; x_wconf 87' lang='lat' dir='ltr'><em>et</em></span> <span class='ocrx_word' id='word_1_64' title='bbox 435 691 619 727; x_wconf 75' lang='lat' dir='ltr'><em>observetur),</em></span> <span class='ocrx_word' id='word_1_65' title='bbox 643 692 687 720; x_wconf 80' lang='lat' dir='ltr'><em>die</em></span> <span class='ocrx_word' id='word_1_66' title='bbox 709 691 846 721; x_wconf 74' lang='lat' dir='ltr'><em>S.‘Lucae</em></span> <span class='ocrx_word' id='word_1_67' title='bbox 868 692 1062 730; x_wconf 62' lang='lat' dir='ltr'><em>evangelistae,</em></span> <span class='ocrx_word' id='word_1_68' title='bbox 1080 702 1133 731; x_wconf 84' lang='lat' dir='ltr'><em>qua</em></span> 
     </span>
     <span class='ocr_line' id='line_1_13' title="bbox 389 739 1133 779; baseline 0.003 -12"><span class='ocrx_word' id='word_1_69' title='bbox 389 739 499 777; x_wconf 84' lang='lat' dir='ltr'><em>quidem</em></span> <span class='ocrx_word' id='word_1_70' title='bbox 520 740 563 769; x_wconf 84' lang='lat' dir='ltr'><em>die</em></span> <span class='ocrx_word' id='word_1_71' title='bbox 585 745 675 769; x_wconf 86' lang='lat' dir='ltr'><em>noster</em></span> <span class='ocrx_word' id='word_1_72' title='bbox 693 740 764 770; x_wconf 87' lang='lat' dir='ltr'><em>Ordo</em></span> <span class='ocrx_word' id='word_1_73' title='bbox 786 742 930 770; x_wconf 87' lang='lat' dir='ltr'><em>institutus</em></span> <span class='ocrx_word' id='word_1_74' title='bbox 953 745 978 770; x_wconf 87' lang='lat' dir='ltr'><em>et</em></span> <span class='ocrx_word' id='word_1_75' title='bbox 999 743 1133 779; x_wconf 83' lang='lat' dir='ltr'><em>reforma-</em></span> 
     </span>
     <span class='ocr_line' id='line_1_14' title="bbox 389 789 1133 828; baseline 0.003 -12"><span class='ocrx_word' id='word_1_76' title='bbox 389 792 433 816; x_wconf 90' lang='lat' dir='ltr'><em>tus</em></span> <span class='ocrx_word' id='word_1_77' title='bbox 455 789 546 818; x_wconf 69' lang='lat' dir='ltr'><em>ecum</em></span> <span class='ocrx_word' id='word_1_78' title='bbox 568 793 592 817; x_wconf 88' lang='lat' dir='ltr'><em>et</em></span> <span class='ocrx_word' id='word_1_79' title='bbox 613 793 765 828; x_wconf 72' lang='lat' dir='ltr'><em>crcmptus,</em></span> <span class='ocrx_word' id='word_1_80' title='bbox 788 792 857 828; x_wconf 79' lang='lat' dir='ltr'><em>sesto</em></span> <span class='ocrx_word' id='word_1_81' title='bbox 879 790 1000 818; x_wconf 87' lang='lat' dir='ltr'><em>omnium</em></span> <span class='ocrx_word' id='word_1_82' title='bbox 1021 789 1133 819; x_wconf 77' lang='lat' dir='ltr'><em>Sancto-</em></span> 
     </span>
     <span class='ocr_line' id='line_1_15' title="bbox 390 837 1134 876; baseline 0.001 -11"><span class='ocrx_word' id='word_1_83' title='bbox 390 846 453 865; x_wconf 86' lang='lat' dir='ltr'><em>rum</em></span> <span class='ocrx_word' id='word_1_84' title='bbox 466 848 477 870; x_wconf 84' lang='grc'><em>,·</em></span> <span class='ocrx_word' id='word_1_85' title='bbox 501 837 527 866; x_wconf 88' lang='lat' dir='ltr'><em>in</em></span> <span class='ocrx_word' id='word_1_86' title='bbox 551 837 647 876; x_wconf 82' lang='lat' dir='ltr'><em>quibus</em></span> <span class='ocrx_word' id='word_1_87' title='bbox 668 837 762 866; x_wconf 85' lang='lat' dir='ltr'><em>diebus</em></span> <span class='ocrx_word' id='word_1_88' title='bbox 775 838 883 876; x_wconf 79' lang='lat' dir='ltr'><em>priores</em></span> <span class='ocrx_word' id='word_1_89' title='bbox 901 838 1005 872; x_wconf 84' lang='lat' dir='ltr'><em>debent,</em></span> <span class='ocrx_word' id='word_1_90' title='bbox 1023 838 1047 867; x_wconf 84' lang='lat' dir='ltr'><em>si</em></span> <span class='ocrx_word' id='word_1_91' title='bbox 1063 847 1134 866; x_wconf 82' lang='lat' dir='ltr'><em>com-</em></span> 
     </span>
     <span class='ocr_line' id='line_1_16' title="bbox 390 886 797 924; baseline 0.005 -10"><span class='ocrx_word' id='word_1_92' title='bbox 390 886 466 914; x_wconf 84' lang='lat' dir='ltr'><em>mode</em></span> <span class='ocrx_word' id='word_1_93' title='bbox 485 890 624 924; x_wconf 84' lang='lat' dir='ltr'><em>poterunt,</em></span> <span class='ocrx_word' id='word_1_94' title='bbox 648 886 797 916; x_wconf 82' lang='lat' dir='ltr'><em>celebrare.</em></span> 
     </span>
    </p>
   </div>
   <div class='ocr_carea' id='block_1_3' title="bbox 197 156 388 183">
    <p class='ocr_par' dir='ltr' id='par_1_3' title="bbox 197 156 388 183">
     <span class='ocr_line' id='line_1_17' title="bbox 197 156 388 183; baseline 0.01 -2"><span class='ocrx_word' id='word_1_95' title='bbox 197 159 250 183; x_wconf 81' lang='lat' dir='ltr'><em>An.</em></span> <span class='ocrx_word' id='word_1_96' title='bbox 271 156 388 183; x_wconf 61' lang='lat'>&amp;1730</span> 
     </span>
    </p>
   </div>
   <div class='ocr_carea' id='block_1_4' title="bbox 632 970 895 991">
    <p class='ocr_par' dir='ltr' id='par_1_4' title="bbox 632 970 895 991">
     <span class='ocr_line' id='line_1_18' title="bbox 632 970 895 991; baseline 0 -1"><span class='ocrx_word' id='word_1_97' title='bbox 632 970 895 991; x_wconf 67' lang='lat' dir='ltr'>EXTRAVAGANTES.</span> 
     </span>
    </p>
   </div>
   <div class='ocr_carea' id='block_1_5' title="bbox 201 1032 1139 2333">
    <p class='ocr_par' dir='ltr' id='par_1_5' title="bbox 390 1032 1135 1216">
     <span class='ocr_line' id='line_1_19' title="bbox 430 1032 1135 1063; baseline 0.003 -2"><span class='ocrx_word' id='word_1_98' title='bbox 430 1041 450 1061; x_wconf 90' lang='lat'><em>1.</em></span> <span class='ocrx_word' id='word_1_99' title='bbox 475 1032 635 1062; x_wconf 81' lang='lat' dir='ltr'><em>Ilortantur</em></span> <span class='ocrx_word' id='word_1_100' title='bbox 657 1042 758 1062; x_wconf 89' lang='lat' dir='ltr'><em>omnes</em></span> <span class='ocrx_word' id='word_1_101' title='bbox 781 1033 917 1063; x_wconf 84' lang='lat' dir='ltr'><em>monaehi</em></span> <span class='ocrx_word' id='word_1_102' title='bbox 940 1034 1031 1063; x_wconf 83' lang='lat' dir='ltr'><em>nostri</em></span> <span class='ocrx_word' id='word_1_103' title='bbox 1054 1033 1135 1063; x_wconf 89' lang='lat' dir='ltr'><em>Ordi-</em></span> 
     </span>
     <span class='ocr_line' id='line_1_20' title="bbox 391 1081 1132 1121; baseline 0.003 -11"><span class='ocrx_word' id='word_1_104' title='bbox 391 1081 436 1110; x_wconf 85' lang='lat' dir='ltr'><em>nis</em></span> <span class='ocrx_word' id='word_1_105' title='bbox 465 1082 542 1120; x_wconf 87' lang='lat' dir='ltr'><em>quod</em></span> <span class='ocrx_word' id='word_1_106' title='bbox 574 1091 660 1120; x_wconf 84' lang='lat' dir='ltr'><em>saepe</em></span> <span class='ocrx_word' id='word_1_107' title='bbox 693 1082 888 1111; x_wconf 80' lang='lat' dir='ltr'><em>confiteantur</em></span> <span class='ocrx_word' id='word_1_108' title='bbox 921 1092 986 1112; x_wconf 88' lang='lat' dir='ltr'><em>cum</em></span> <span class='ocrx_word' id='word_1_109' title='bbox 1015 1083 1132 1121; x_wconf 86' lang='lat' dir='ltr'><em>priore,</em></span> 
     </span>
     <span class='ocr_line' id='line_1_21' title="bbox 390 1129 1134 1168; baseline 0.004 -10"><span class='ocrx_word' id='word_1_110' title='bbox 390 1133 477 1167; x_wconf 75' lang='lat' dir='ltr'><em>atque</em></span> <span class='ocrx_word' id='word_1_111' title='bbox 501 1129 580 1167; x_wconf 91' lang='lat' dir='ltr'><em>prior</em></span> <span class='ocrx_word' id='word_1_112' title='bbox 602 1134 684 1158; x_wconf 89' lang='lat' dir='ltr'><em>curet</em></span> <span class='ocrx_word' id='word_1_113' title='bbox 713 1130 788 1168; x_wconf 86' lang='lat' dir='ltr'><em>quod</em></span> <span class='ocrx_word' id='word_1_114' title='bbox 820 1130 919 1168; x_wconf 88' lang='lat' dir='ltr'><em>plures</em></span> <span class='ocrx_word' id='word_1_115' title='bbox 941 1131 1000 1160; x_wconf 90' lang='lat' dir='ltr'><em>sint</em></span> <span class='ocrx_word' id='word_1_116' title='bbox 1021 1131 1134 1160; x_wconf 87' lang='lat' dir='ltr'><em>conses-</em></span> 
     </span>
     <span class='ocr_line' id='line_1_22' title="bbox 391 1177 883 1216; baseline 0.002 -10"><span class='ocrx_word' id='word_1_117' title='bbox 391 1177 461 1206; x_wconf 81' lang='lat' dir='ltr'><em>sarii</em></span> <span class='ocrx_word' id='word_1_118' title='bbox 485 1177 616 1216; x_wconf 83' lang='lat' dir='ltr'><em>deputati</em></span> <span class='ocrx_word' id='word_1_119' title='bbox 639 1178 669 1206; x_wconf 90' lang='lat' dir='ltr'><em>in</em></span> <span class='ocrx_word' id='word_1_120' title='bbox 693 1178 883 1207; x_wconf 80' lang='lat' dir='ltr'><em>monasterio.</em></span> 
     </span>
    </p>

    <p class='ocr_par' dir='ltr' id='par_1_6' title="bbox 391 1225 1135 1457">
     <span class='ocr_line' id='line_1_23' title="bbox 431 1225 1134 1266; baseline 0.003 -12"><span class='ocrx_word' id='word_1_121' title='bbox 431 1234 460 1254; x_wconf 87' lang='lat'><em>11.</em></span> <span class='ocrx_word' id='word_1_122' title='bbox 477 1225 724 1264; x_wconf 80' lang='lat' dir='ltr'><em>Quandocumque</em></span> <span class='ocrx_word' id='word_1_123' title='bbox 743 1226 913 1256; x_wconf 82' lang='lat' dir='ltr'><em>nominatur</em></span> <span class='ocrx_word' id='word_1_124' title='bbox 935 1231 1035 1256; x_wconf 82' lang='lat' dir='ltr'><em>noster</em></span> <span class='ocrx_word' id='word_1_125' title='bbox 1051 1231 1134 1266; x_wconf 84' lang='lat' dir='ltr'><em>pater</em></span> 
     </span>
     <span class='ocr_line' id='line_1_24' title="bbox 391 1274 1135 1314; baseline 0.003 -11"><span class='ocrx_word' id='word_1_126' title='bbox 391 1274 421 1303; x_wconf 82' lang='lat' dir='ltr'><em>S.</em></span> <span class='ocrx_word' id='word_1_127' title='bbox 447 1274 644 1312; x_wconf 73' lang='lat' dir='ltr'><em>Hieronymus</em></span> <span class='ocrx_word' id='word_1_128' title='bbox 668 1278 725 1303; x_wconf 83' lang='lat' dir='ltr'><em>tam</em></span> <span class='ocrx_word' id='word_1_129' title='bbox 749 1275 871 1312; x_wconf 76' lang='lat' dir='ltr'><em>legendo</em></span> <span class='ocrx_word' id='word_1_130' title='bbox 902 1285 990 1314; x_wconf 80' lang='lat' dir='ltr'><em>quam</em></span> <span class='ocrx_word' id='word_1_131' title='bbox 1014 1275 1135 1314; x_wconf 85' lang='lat' dir='ltr'><em>loquen-</em></span> 
     </span>
     <span class='ocr_line' id='line_1_25' title="bbox 391 1322 1135 1362; baseline 0.003 -11"><span class='ocrx_word' id='word_1_132' title='bbox 391 1322 439 1360; x_wconf 85' lang='lat' dir='ltr'><em>do,</em></span> <span class='ocrx_word' id='word_1_133' title='bbox 463 1323 578 1352; x_wconf 78' lang='lat' dir='ltr'><em>dicatur</em></span> <span class='ocrx_word' id='word_1_134' title='bbox 600 1327 700 1352; x_wconf 79' lang='lat' dir='ltr'><em>noster</em></span> <span class='ocrx_word' id='word_1_135' title='bbox 723 1327 805 1362; x_wconf 81' lang='lat' dir='ltr'><em>pater</em></span> <span class='ocrx_word' id='word_1_136' title='bbox 827 1324 857 1352; x_wconf 68' lang='lat' dir='ltr'><em>S.</em></span> <span class='ocrx_word' id='word_1_137' title='bbox 884 1324 1089 1362; x_wconf 55' lang='lat' dir='ltr'><em>Hieronymus,</em></span> <span class='ocrx_word' id='word_1_138' title='bbox 1107 1329 1135 1354; x_wconf 84' lang='lat' dir='ltr'><em>et</em></span> 
     </span>
     <span class='ocr_line' id='line_1_26' title="bbox 391 1370 1134 1410; baseline 0.003 -11"><span class='ocrx_word' id='word_1_139' title='bbox 391 1370 455 1399; x_wconf 89' lang='lat' dir='ltr'><em>eius</em></span> <span class='ocrx_word' id='word_1_140' title='bbox 480 1370 620 1399; x_wconf 70' lang='lat' dir='ltr'><em>transitus</em></span> <span class='ocrx_word' id='word_1_141' title='bbox 642 1370 759 1406; x_wconf 70' lang='lat' dir='ltr'><em>integer</em></span> <span class='ocrx_word' id='word_1_142' title='bbox 781 1375 809 1401; x_wconf 86' lang='lat' dir='ltr'><em>et</em></span> <span class='ocrx_word' id='word_1_143' title='bbox 831 1371 995 1410; x_wconf 89' lang='lat' dir='ltr'><em>completus</em></span> <span class='ocrx_word' id='word_1_144' title='bbox 1019 1372 1134 1410; x_wconf 80' lang='lat' dir='ltr'><em>legatur</em></span> 
     </span>
     <span class='ocr_line' id='line_1_27' title="bbox 391 1419 936 1457; baseline 0.002 -9"><span class='ocrx_word' id='word_1_145' title='bbox 391 1419 420 1448; x_wconf 90' lang='lat' dir='ltr'><em>in</em></span> <span class='ocrx_word' id='word_1_146' title='bbox 444 1419 609 1457; x_wconf 79' lang='lat' dir='ltr'><em>refectorio,</em></span> <span class='ocrx_word' id='word_1_147' title='bbox 633 1419 724 1448; x_wconf 84' lang='lat' dir='ltr'><em>donec</em></span> <span class='ocrx_word' id='word_1_148' title='bbox 746 1420 936 1449; x_wconf 83' lang='lat' dir='ltr'><em>terminetur.</em></span> 
     </span>
    </p>

    <p class='ocr_par' dir='ltr' id='par_1_7' title="bbox 391 1467 1137 1695">
     <span class='ocr_line' id='line_1_28' title="bbox 431 1467 1135 1507; baseline 0.003 -11"><span class='ocrx_word' id='word_1_149' title='bbox 431 1476 472 1496; x_wconf 89' lang='lat'><em>111.</em></span> <span class='ocrx_word' id='word_1_150' title='bbox 497 1467 528 1496; x_wconf 91' lang='lat' dir='ltr'><em>ln</em></span> <span class='ocrx_word' id='word_1_151' title='bbox 551 1467 685 1497; x_wconf 82' lang='lat' dir='ltr'><em>domibus</em></span> <span class='ocrx_word' id='word_1_152' title='bbox 701 1468 785 1497; x_wconf 87' lang='lat' dir='ltr'><em>novis</em></span> <span class='ocrx_word' id='word_1_153' title='bbox 802 1472 830 1498; x_wconf 86' lang='lat' dir='ltr'><em>et</em></span> <span class='ocrx_word' id='word_1_154' title='bbox 846 1469 978 1507; x_wconf 80' lang='lat' dir='ltr'><em>collegiis</em></span> <span class='ocrx_word' id='word_1_155' title='bbox 1000 1473 1135 1499; x_wconf 85' lang='lat' dir='ltr'><em>cantetur</em></span> 
     </span>
     <span class='ocr_line' id='line_1_29' title="bbox 391 1516 1135 1548; baseline 0.003 -3"><span class='ocrx_word' id='word_1_156' title='bbox 391 1516 479 1545; x_wconf 81' lang='lat' dir='ltr'><em>missa</em></span> <span class='ocrx_word' id='word_1_157' title='bbox 513 1516 715 1545; x_wconf 85' lang='lat' dir='ltr'><em>conventualis</em></span> <span class='ocrx_word' id='word_1_158' title='bbox 748 1516 884 1546; x_wconf 83' lang='lat' dir='ltr'><em>omnibus</em></span> <span class='ocrx_word' id='word_1_159' title='bbox 919 1517 1075 1547; x_wconf 83' lang='lat' dir='ltr'><em>dominicis</em></span> <span class='ocrx_word' id='word_1_160' title='bbox 1107 1522 1135 1548; x_wconf 85' lang='lat' dir='ltr'><em>et</em></span> 
     </span>
     <span class='ocr_line' id='line_1_30' title="bbox 391 1564 1135 1601; baseline 0.003 -8"><span class='ocrx_word' id='word_1_161' title='bbox 391 1564 495 1594; x_wconf 85' lang='lat' dir='ltr'><em>diebus</em></span> <span class='ocrx_word' id='word_1_162' title='bbox 518 1564 620 1601; x_wconf 74' lang='lat' dir='ltr'><em>sestis3</em></span> <span class='ocrx_word' id='word_1_163' title='bbox 655 1565 678 1594; x_wconf 91' lang='lat' dir='ltr'><em>si</em></span> <span class='ocrx_word' id='word_1_164' title='bbox 713 1574 780 1594; x_wconf 89' lang='lat' dir='ltr'><em>vero</em></span> <span class='ocrx_word' id='word_1_165' title='bbox 813 1565 962 1595; x_wconf 79' lang='lat' dir='ltr'><em>sufficiens</em></span> <span class='ocrx_word' id='word_1_166' title='bbox 994 1575 1135 1596; x_wconf 87' lang='lat' dir='ltr'><em>numerus</em></span> 
     </span>
     <span class='ocr_line' id='line_1_31' title="bbox 392 1613 1137 1654; baseline 0.004 -13"><span class='ocrx_word' id='word_1_167' title='bbox 392 1613 603 1642; x_wconf 85' lang='lat' dir='ltr'><em>monachorum</em></span> <span class='ocrx_word' id='word_1_168' title='bbox 636 1622 694 1642; x_wconf 89' lang='lat' dir='ltr'><em>non</em></span> <span class='ocrx_word' id='word_1_169' title='bbox 726 1613 825 1651; x_wconf 81' lang='lat' dir='ltr'><em>adsit,</em></span> <span class='ocrx_word' id='word_1_170' title='bbox 850 1619 880 1643; x_wconf 90' lang='lat' dir='ltr'><em>ut</em></span> <span class='ocrx_word' id='word_1_171' title='bbox 909 1615 1023 1644; x_wconf 80' lang='lat' dir='ltr'><em>cantari</em></span> <span class='ocrx_word' id='word_1_172' title='bbox 1046 1616 1137 1654; x_wconf 80' lang='lat' dir='ltr'><em>possit</em></span> 
     </span>
     <span class='ocr_line' id='line_1_32' title="bbox 392 1661 1045 1695; baseline 0.005 -5"><span class='ocrx_word' id='word_1_173' title='bbox 392 1670 458 1690; x_wconf 81' lang='lat' dir='ltr'><em>cum</em></span> <span class='ocrx_word' id='word_1_174' title='bbox 481 1661 570 1695; x_wconf 88' lang='lat' dir='ltr'><em>notis,</em></span> <span class='ocrx_word' id='word_1_175' title='bbox 594 1670 660 1690; x_wconf 89' lang='lat' dir='ltr'><em>cum</em></span> <span class='ocrx_word' id='word_1_176' title='bbox 683 1666 751 1691; x_wconf 79' lang='lat' dir='ltr'><em>tono</em></span> <span class='ocrx_word' id='word_1_177' title='bbox 774 1662 875 1692; x_wconf 80' lang='lat' dir='ltr'><em>saltem</em></span> <span class='ocrx_word' id='word_1_178' title='bbox 899 1667 1045 1693; x_wconf 85' lang='lat' dir='ltr'><em>cantetur.</em></span> 
     </span>
    </p>

    <p class='ocr_par' dir='ltr' id='par_1_8' title="bbox 393 1709 1138 1944">
     <span class='ocr_line' id='line_1_33' title="bbox 432 1709 1135 1749; baseline 0.006 -11"><span class='ocrx_word' id='word_1_179' title='bbox 432 1718 469 1738; x_wconf 71' lang='grc' dir='ltr'><em>ιν.</em></span> <span class='ocrx_word' id='word_1_180' title='bbox 492 1709 627 1739; x_wconf 75' lang='lat' dir='ltr'><em>Monnclri</em></span> <span class='ocrx_word' id='word_1_181' title='bbox 650 1710 700 1748; x_wconf 92' lang='lat' dir='ltr'><em>qui</em></span> <span class='ocrx_word' id='word_1_182' title='bbox 723 1719 781 1739; x_wconf 95' lang='lat' dir='ltr'><em>non</em></span> <span class='ocrx_word' id='word_1_183' title='bbox 816 1711 925 1740; x_wconf 84' lang='lat' dir='ltr'><em>fuerint</em></span> <span class='ocrx_word' id='word_1_184' title='bbox 956 1711 1135 1749; x_wconf 79' lang='lat' dir='ltr'><em>sacerdotes,</em></span> 
     </span>
     <span class='ocr_line' id='line_1_34' title="bbox 393 1758 1137 1796; baseline 0.005 -9"><span class='ocrx_word' id='word_1_185' title='bbox 393 1761 421 1787; x_wconf 84' lang='lat' dir='ltr'><em>ct</em></span> <span class='ocrx_word' id='word_1_186' title='bbox 442 1758 548 1787; x_wconf 74' lang='lat' dir='ltr'><em>fratres</em></span> <span class='ocrx_word' id='word_1_187' title='bbox 571 1758 650 1796; x_wconf 85' lang='lat' dir='ltr'><em>laici,</em></span> <span class='ocrx_word' id='word_1_188' title='bbox 668 1767 779 1787; x_wconf 81' lang='lat' dir='ltr'><em>sacram</em></span> <span class='ocrx_word' id='word_1_189' title='bbox 803 1760 1040 1790; x_wconf 83' lang='lat' dir='ltr'><em>communionem</em></span> <span class='ocrx_word' id='word_1_190' title='bbox 1063 1761 1137 1790; x_wconf 84' lang='lat' dir='ltr'><em>reci-</em></span> 
     </span>
     <span class='ocr_line' id='line_1_35' title="bbox 394 1807 1137 1847; baseline 0.005 -12"><span class='ocrx_word' id='word_1_191' title='bbox 394 1807 476 1845; x_wconf 85' lang='lat' dir='ltr'><em>piant</em></span> <span class='ocrx_word' id='word_1_192' title='bbox 510 1807 646 1837; x_wconf 88' lang='lat' dir='ltr'><em>omnibus</em></span> <span class='ocrx_word' id='word_1_193' title='bbox 679 1807 782 1837; x_wconf 84' lang='lat' dir='ltr'><em>diebus</em></span> <span class='ocrx_word' id='word_1_194' title='bbox 814 1808 984 1847; x_wconf 88' lang='lat' dir='ltr'><em>dominicis,</em></span> <span class='ocrx_word' id='word_1_195' title='bbox 1017 1810 1075 1839; x_wconf 88' lang='lat' dir='ltr'><em>nisi</em></span> <span class='ocrx_word' id='word_1_196' title='bbox 1107 1810 1137 1839; x_wconf 88' lang='lat' dir='ltr'><em>in</em></span> 
     </span>
     <span class='ocr_line' id='line_1_36' title="bbox 395 1855 1138 1898; baseline 0.005 -14"><span class='ocrx_word' id='word_1_197' title='bbox 395 1855 578 1885; x_wconf 72' lang='lat' dir='ltr'><em>hebdomada</em></span> <span class='ocrx_word' id='word_1_198' title='bbox 601 1860 737 1886; x_wconf 83' lang='lat' dir='ltr'><em>occurrat</em></span> <span class='ocrx_word' id='word_1_199' title='bbox 759 1857 877 1896; x_wconf 79' lang='lat' dir='ltr'><em>aliquod</em></span> <span class='ocrx_word' id='word_1_200' title='bbox 900 1858 1016 1896; x_wconf 83' lang='lat' dir='ltr'><em>festum,</em></span> <span class='ocrx_word' id='word_1_201' title='bbox 1033 1859 1063 1888; x_wconf 91' lang='lat' dir='ltr'><em>in</em></span> <span class='ocrx_word' id='word_1_202' title='bbox 1080 1868 1138 1898; x_wconf 90' lang='lat' dir='ltr'><em>quo</em></span> 
     </span>
     <span class='ocr_line' id='line_1_37' title="bbox 395 1904 1137 1944; baseline 0.005 -11"><span class='ocrx_word' id='word_1_203' title='bbox 395 1904 616 1934; x_wconf 81' lang='lat' dir='ltr'><em>communicare</em></span> <span class='ocrx_word' id='word_1_204' title='bbox 638 1904 745 1934; x_wconf 83' lang='lat' dir='ltr'><em>debent</em></span> <span class='ocrx_word' id='word_1_205' title='bbox 767 1905 847 1935; x_wconf 81' lang='lat' dir='ltr'><em>iuxta</em></span> <span class='ocrx_word' id='word_1_206' title='bbox 872 1906 1110 1936; x_wconf 85' lang='lat' dir='ltr'><em>constitutionem</em></span> <span class='ocrx_word' id='word_1_207' title='bbox 1130 1918 1137 1944; x_wconf 73' lang='lat'>3</span> 
     </span>
    </p>

    <p class='ocr_par' dir='ltr' id='par_1_9' title="bbox 201 1954 1139 2333">
     <span class='ocr_line' id='line_1_38' title="bbox 395 1954 1138 1992; baseline 0.005 -10"><span class='ocrx_word' id='word_1_208' title='bbox 395 1954 462 1992; x_wconf 76' lang='lat' dir='ltr'><em>quia</em></span> <span class='ocrx_word' id='word_1_209' title='bbox 497 1958 566 1983; x_wconf 87' lang='lat' dir='ltr'><em>tunc</em></span> <span class='ocrx_word' id='word_1_210' title='bbox 599 1954 753 1984; x_wconf 84' lang='lat' dir='ltr'><em>omittetur</em></span> <span class='ocrx_word' id='word_1_211' title='bbox 785 1956 951 1985; x_wconf 80' lang='lat' dir='ltr'><em>communio</em></span> <span class='ocrx_word' id='word_1_212' title='bbox 974 1956 1138 1986; x_wconf 80' lang='lat' dir='ltr'><em>dominicae</em></span> 
     </span>
     <span class='ocr_line' id='line_1_39' title="bbox 396 2002 839 2042; baseline 0.005 -12"><span class='ocrx_word' id='word_1_213' title='bbox 396 2002 490 2031; x_wconf 85' lang='lat' dir='ltr'><em>eidem</em></span> <span class='ocrx_word' id='word_1_214' title='bbox 514 2003 587 2032; x_wconf 78' lang='lat' dir='ltr'><em>sesto</em></span> <span class='ocrx_word' id='word_1_215' title='bbox 611 2003 839 2042; x_wconf 82' lang='lat' dir='ltr'><em>propinquioris.</em></span> 
     </span>
     <span class='ocr_line' id='line_1_40' title="bbox 214 2050 1139 2092; baseline 0.005 -14"><span class='ocrx_word' id='word_1_216' title='bbox 214 2063 228 2083; x_wconf 68' lang='grc' dir='ltr'>ῃ</span> <span class='ocrx_word' id='word_1_217' title='bbox 243 2068 293 2083; x_wconf 72' lang='lat' dir='ltr'><em>vero</em></span> <span class='ocrx_word' id='word_1_218' title='bbox 304 2062 386 2082; x_wconf 53' lang='lat' dir='ltr'><em>omnm.</em></span> <span class='ocrx_word' id='word_1_219' title='bbox 436 2059 464 2079; x_wconf 92' lang='lat' dir='ltr'><em>v.</em></span> <span class='ocrx_word' id='word_1_220' title='bbox 488 2050 693 2089; x_wconf 83' lang='lat' dir='ltr'><em>Obsequendo,</em></span> <span class='ocrx_word' id='word_1_221' title='bbox 718 2054 748 2080; x_wconf 81' lang='lat' dir='ltr'><em>ut</em></span> <span class='ocrx_word' id='word_1_222' title='bbox 770 2061 822 2090; x_wconf 85' lang='lat' dir='ltr'><em>par</em></span> <span class='ocrx_word' id='word_1_223' title='bbox 844 2056 902 2089; x_wconf 83' lang='lat' dir='ltr'><em>est,</em></span> <span class='ocrx_word' id='word_1_224' title='bbox 927 2053 1139 2092; x_wconf 79' lang='lat' dir='ltr'><em>motuipropriO</em></span> 
     </span>
     <span class='ocr_line' id='line_1_41' title="bbox 201 2090 1139 2141; baseline 0.003 -13"><span class='ocrx_word' id='word_1_225' title='bbox 201 2090 387 2141; x_wconf 46' lang='grc' dir='ltr'><em>ἷζζζψῖμῐῐζᾞζζ</em></span> <span class='ocrx_word' id='word_1_226' title='bbox 398 2103 517 2129; x_wconf 78' lang='lat' dir='ltr'><em>sauctae</em></span> <span class='ocrx_word' id='word_1_227' title='bbox 539 2099 697 2129; x_wconf 77' lang='lat' dir='ltr'><em>memoriae</em></span> <span class='ocrx_word' id='word_1_228' title='bbox 719 2100 879 2130; x_wconf 84' lang='lat' dir='ltr'><em>Clementis</em></span> <span class='ocrx_word' id='word_1_229' title='bbox 902 2101 979 2139; x_wconf 74' lang='lat' dir='ltr'><em>vlll,</em></span> <span class='ocrx_word' id='word_1_230' title='bbox 1004 2103 1139 2132; x_wconf 84' lang='lat' dir='ltr'><em>monachi</em></span> 
     </span>
     <span class='ocr_line' id='line_1_42' title="bbox 201 2142 1139 2192; baseline 0.003 -15"><span class='ocrx_word' id='word_1_231' title='bbox 201 2142 386 2192; x_wconf 52' lang='lat' dir='ltr'><em>ffist&#39;ujffl‘fiffi</em></span> <span class='ocrx_word' id='word_1_232' title='bbox 397 2148 489 2177; x_wconf 84' lang='lat' dir='ltr'><em>nostri</em></span> <span class='ocrx_word' id='word_1_233' title='bbox 507 2147 624 2177; x_wconf 84' lang='lat' dir='ltr'><em>Ordinis</em></span> <span class='ocrx_word' id='word_1_234' title='bbox 647 2158 704 2178; x_wconf 91' lang='lat' dir='ltr'><em>non</em></span> <span class='ocrx_word' id='word_1_235' title='bbox 729 2149 841 2187; x_wconf 82' lang='lat' dir='ltr'><em>possint</em></span> <span class='ocrx_word' id='word_1_236' title='bbox 863 2149 892 2178; x_wconf 90' lang='lat' dir='ltr'><em>in</em></span> <span class='ocrx_word' id='word_1_237' title='bbox 916 2149 1024 2179; x_wconf 76' lang='lat' dir='ltr'><em>virtute</em></span> <span class='ocrx_word' id='word_1_238' title='bbox 1039 2150 1139 2180; x_wconf 83' lang='lat' dir='ltr'><em>Bullae</em></span> 
     </span>
     <span class='ocr_line' id='line_1_43' title="bbox 203 2195 1139 2247; baseline 0.003 -22"><span class='ocrx_word' id='word_1_239' title='bbox 203 2195 334 2247; x_wconf 21' lang='lat' dir='ltr'><em>{flggffitfflffl</em></span> <span class='ocrx_word' id='word_1_240' title='bbox 351 2196 575 2233; x_wconf 74' lang='lat' dir='ltr'><em>¹¹⁰·Cruciatae‚</em></span> <span class='ocrx_word' id='word_1_241' title='bbox 598 2206 652 2226; x_wconf 88' lang='lat' dir='ltr'><em>nec</em></span> <span class='ocrx_word' id='word_1_242' title='bbox 684 2197 806 2226; x_wconf 84' lang='lat' dir='ltr'><em>alterius</em></span> <span class='ocrx_word' id='word_1_243' title='bbox 839 2198 1007 2236; x_wconf 75' lang='lat' dir='ltr'><em>privilegii,</em></span> <span class='ocrx_word' id='word_1_244' title='bbox 1031 2199 1139 2236; x_wconf 79' lang='lat' dir='ltr'><em>eligere</em></span> 
     </span>
     <span class='ocr_line' id='line_1_44' title="bbox 397 2245 1139 2284; baseline 0.004 -10"><span class='ocrx_word' id='word_1_245' title='bbox 397 2245 608 2283; x_wconf 78' lang='lat' dir='ltr'><em>confessarios,</em></span> <span class='ocrx_word' id='word_1_246' title='bbox 633 2245 683 2284; x_wconf 86' lang='lat' dir='ltr'><em>qui</em></span> <span class='ocrx_word' id='word_1_247' title='bbox 709 2246 775 2275; x_wconf 87' lang='lat' dir='ltr'><em>illos</em></span> <span class='ocrx_word' id='word_1_248' title='bbox 797 2255 811 2275; x_wconf 82' lang='lat' dir='ltr'><em>a</em></span> <span class='ocrx_word' id='word_1_249' title='bbox 834 2246 951 2276; x_wconf 78' lang='lat' dir='ltr'><em>casibus</em></span> <span class='ocrx_word' id='word_1_250' title='bbox 983 2248 1139 2277; x_wconf 77' lang='lat' dir='ltr'><em>reservatis</em></span> 
     </span>
     <span class='ocr_line' id='line_1_45' title="bbox 398 2293 1137 2333; baseline 0.004 -11"><span class='ocrx_word' id='word_1_251' title='bbox 398 2302 449 2332; x_wconf 89' lang='lat' dir='ltr'><em>per</em></span> <span class='ocrx_word' id='word_1_252' title='bbox 471 2293 639 2323; x_wconf 86' lang='lat' dir='ltr'><em>eorumdem</em></span> <span class='ocrx_word' id='word_1_253' title='bbox 661 2294 828 2333; x_wconf 85' lang='lat' dir='ltr'><em>superiores</em></span> <span class='ocrx_word' id='word_1_254' title='bbox 844 2294 994 2325; x_wconf 81' lang='lat' dir='ltr'><em>absolvere</em></span> <span class='ocrx_word' id='word_1_255' title='bbox 1010 2296 1137 2326; x_wconf 77' lang='lat' dir='ltr'><em>valeant.</em></span> 
     </span>
    </p>
   </div>
   <div class='ocr_carea' id='block_1_6' title="bbox 198 1049 380 1095">
    <p class='ocr_par' dir='ltr' id='par_1_10' title="bbox 198 1049 380 1095">
     <span class='ocr_line' id='line_1_46' title="bbox 226 1049 380 1069; baseline 0 0"><span class='ocrx_word' id='word_1_256' title='bbox 226 1049 254 1069; x_wconf 77' lang='lat' dir='ltr'><em>Dc</em></span> <span class='ocrx_word' id='word_1_257' title='bbox 271 1049 380 1069; x_wconf 70' lang='lat' dir='ltr'><em>consessa-</em></span> 
     </span>
     <span class='ocr_line' id='line_1_47' title="bbox 198 1081 241 1095; baseline 0 0"><span class='ocrx_word' id='word_1_258' title='bbox 198 1081 241 1095; x_wconf 52' lang='lat' dir='ltr'><em>FU&amp;</em></span> 
     </span>
    </p>
   </div>
   <div class='ocr_carea' id='block_1_7' title="bbox 196 1241 380 1293">
    <p class='ocr_par' dir='ltr' id='par_1_11' title="bbox 196 1241 380 1293">
     <span class='ocr_line' id='line_1_48' title="bbox 196 1241 380 1271; baseline 0 -10"><span class='ocrx_word' id='word_1_259' title='bbox 196 1241 226 1261; x_wconf 71' lang='lat' dir='ltr'><em>Du</em></span> <span class='ocrx_word' id='word_1_260' title='bbox 236 1241 323 1271; x_wconf 67' lang='lat' dir='ltr'><em>rultuS.</em></span> <span class='ocrx_word' id='word_1_261' title='bbox 333 1241 380 1261; x_wconf 75' lang='lat' dir='ltr'><em>Hie-</em></span> 
     </span>
     <span class='ocr_line' id='line_1_49' title="bbox 196 1274 286 1293; baseline -0.011 -5"><span class='ocrx_word' id='word_1_262' title='bbox 196 1274 286 1293; x_wconf 66' lang='lat' dir='ltr'><em>TOHJUH.</em></span> 
     </span>
    </p>
   </div>
   <div class='ocr_carea' id='block_1_8' title="bbox 199 1479 381 1553">
    <p class='ocr_par' dir='ltr' id='par_1_12' title="bbox 199 1479 381 1553">
     <span class='ocr_line' id='line_1_50' title="bbox 212 1479 381 1499; baseline -0.006 0"><span class='ocrx_word' id='word_1_263' title='bbox 212 1479 241 1499; x_wconf 74' lang='lat' dir='ltr'><em>Du</em></span> <span class='ocrx_word' id='word_1_264' title='bbox 257 1479 320 1499; x_wconf 58' lang='lat' dir='ltr'><em>missis</em></span> <span class='ocrx_word' id='word_1_265' title='bbox 332 1484 381 1498; x_wconf 72' lang='lat' dir='ltr'><em>con-</em></span> 
     </span>
     <span class='ocr_line' id='line_1_51' title="bbox 199 1505 380 1526; baseline 0 -1"><span class='ocrx_word' id='word_1_266' title='bbox 199 1506 291 1526; x_wconf 75' lang='lat' dir='ltr'><em>ventuali</em></span> <span class='ocrx_word' id='word_1_267' title='bbox 308 1511 327 1525; x_wconf 75' lang='grc' dir='ltr'><em>ιη</em></span> <span class='ocrx_word' id='word_1_268' title='bbox 344 1505 380 1525; x_wconf 82' lang='lat' dir='ltr'><em>do-</em></span> 
     </span>
     <span class='ocr_line' id='line_1_52' title="bbox 199 1532 355 1553; baseline -0.006 0"><span class='ocrx_word' id='word_1_269' title='bbox 199 1532 266 1553; x_wconf 68' lang='lat' dir='ltr'><em>mibus</em></span> <span class='ocrx_word' id='word_1_270' title='bbox 287 1537 355 1552; x_wconf 79' lang='lat' dir='ltr'><em>novis.</em></span> 
     </span>
    </p>
   </div>
   <div class='ocr_carea' id='block_1_9' title="bbox 197 1727 380 1829">
    <p class='ocr_par' dir='ltr' id='par_1_13' title="bbox 197 1727 380 1829">
     <span class='ocr_line' id='line_1_53' title="bbox 238 1727 380 1749; baseline -0.007 0"><span class='ocrx_word' id='word_1_271' title='bbox 238 1727 255 1749; x_wconf 79' lang='lat' dir='ltr'><strong>A</strong></span> <span class='ocrx_word' id='word_1_272' title='bbox 271 1729 380 1748; x_wconf 76' lang='lat' dir='ltr'><em>monachis</em></span> 
     </span>
     <span class='ocr_line' id='line_1_54' title="bbox 197 1754 380 1781; baseline -0.011 -6"><span class='ocrx_word' id='word_1_273' title='bbox 197 1754 294 1781; x_wconf 69' lang='lat' dir='ltr'><em>qualibet</em></span> <span class='ocrx_word' id='word_1_274' title='bbox 346 1756 380 1774; x_wconf 76' lang='lat' dir='ltr'><em>die</em></span> 
     </span>
     <span class='ocr_line' id='line_1_55' title="bbox 198 1782 380 1802; baseline 0.005 -1"><span class='ocrx_word' id='word_1_275' title='bbox 198 1782 305 1802; x_wconf 68' lang='lat' dir='ltr'><em>donuntca</em></span> <span class='ocrx_word' id='word_1_276' title='bbox 321 1788 380 1802; x_wconf 85' lang='lat' dir='ltr'><em>com-</em></span> 
     </span>
     <span class='ocr_line' id='line_1_56' title="bbox 197 1808 355 1829; baseline 0 -1"><span class='ocrx_word' id='word_1_277' title='bbox 197 1808 355 1829; x_wconf 70' lang='lat' dir='ltr'><em>muuleandum.</em></span> 
     </span>
    </p>
   </div>
   <div class='ocr_carea' id='block_1_10' title="bbox 616 2370 914 2400">
    <p class='ocr_par' dir='ltr' id='par_1_14' title="bbox 616 2370 914 2400">
     <span class='ocr_line' id='line_1_57' title="bbox 616 2370 914 2400; baseline 0.003 -1"><span class='ocrx_word' id='word_1_278' title='bbox 616 2370 809 2400; x_wconf 61' lang='lat' dir='ltr'><em>Cossrirrrio</em></span> <span class='ocrx_word' id='word_1_279' title='bbox 832 2370 914 2400; x_wconf 83' lang='lat' dir='ltr'><strong>XXV.</strong></span> 
     </span>
    </p>
   </div>
   <div class='ocr_carea' id='block_1_11' title="bbox 218 2442 1140 2482">
    <p class='ocr_par' dir='ltr' id='par_1_15' title="bbox 218 2442 1140 2482">
     <span class='ocr_line' id='line_1_58' title="bbox 218 2442 1140 2482; baseline 0.004 -12"><span class='ocrx_word' id='word_1_280' title='bbox 218 2457 389 2482; x_wconf 44' lang='lat' dir='ltr'><em>mmmmm,</em></span> <span class='ocrx_word' id='word_1_281' title='bbox 437 2442 587 2471; x_wconf 83' lang='lat' dir='ltr'><em>Silentium</em></span> <span class='ocrx_word' id='word_1_282' title='bbox 606 2453 659 2482; x_wconf 86' lang='lat' dir='ltr'><em>per</em></span> <span class='ocrx_word' id='word_1_283' title='bbox 681 2448 785 2473; x_wconf 82' lang='lat' dir='ltr'><em>nostros</em></span> <span class='ocrx_word' id='word_1_284' title='bbox 807 2444 961 2482; x_wconf 81' lang='lat' dir='ltr'><em>monachos,</em></span> <span class='ocrx_word' id='word_1_285' title='bbox 978 2444 1075 2474; x_wconf 86' lang='lat' dir='ltr'><em>debitis</em></span> <span class='ocrx_word' id='word_1_286' title='bbox 1092 2455 1140 2475; x_wconf 85' lang='lat' dir='ltr'><em>ne-</em></span> 
     </span>
    </p>
   </div>
   <div class='ocr_carea' id='block_1_12' title="bbox 205 2483 360 2504">
    <p class='ocr_par' dir='ltr' id='par_1_16' title="bbox 205 2483 360 2504">
     <span class='ocr_line' id='line_1_59' title="bbox 205 2483 360 2504; baseline 0 0"><span class='ocrx_word' id='word_1_287' title='bbox 205 2483 257 2504; x_wconf 77' lang='lat' dir='ltr'><em>locis</em></span> <span class='ocrx_word' id='word_1_288' title='bbox 275 2485 360 2504; x_wconf 66' lang='lat' dir='ltr'><em>sucum,</em></span> 
     </span>
    </p>
   </div>
   <div class='ocr_carea' id='block_1_13' title="bbox 1154 1161 1163 2344">
    <p class='ocr_par' dir='ltr' id='par_1_17' title="bbox 1154 1161 1163 2344">
     <span class='ocr_line' id='line_1_60' title="bbox 1154 1161 1163 2344; baseline 0 0"><span class='ocrx_word' id='word_1_289' title='bbox 1154 1161 1163 2344; x_wconf 95' lang='lat' dir='ltr'><em> </em></span> 
     </span>
    </p>
   </div>
   <div class='ocr_carea' id='block_1_14' title="bbox 1174 160 1331 185">
    <p class='ocr_par' dir='ltr' id='par_1_18' title="bbox 1174 160 1331 185">
     <span class='ocr_line' id='line_1_61' title="bbox 1174 160 1331 185; baseline 0.013 -2"><span class='ocrx_word' id='word_1_290' title='bbox 1174 160 1331 185; x_wconf 71' lang='lat' dir='ltr'><strong>ROMANUM</strong></span> 
     </span>
    </p>
   </div>
   <div class='ocr_carea' id='block_1_15' title="bbox 1172 210 1922 880">
    <p class='ocr_par' dir='ltr' id='par_1_19' title="bbox 1172 210 1922 880">
     <span class='ocr_line' id='line_1_62' title="bbox 1175 210 1920 252; baseline 0.007 -15"><span class='ocrx_word' id='word_1_291' title='bbox 1175 210 1261 239; x_wconf 82' lang='lat' dir='ltr'><em>nostri</em></span> <span class='ocrx_word' id='word_1_292' title='bbox 1293 211 1464 247; x_wconf 85' lang='lat' dir='ltr'><em>monasterii,</em></span> <span class='ocrx_word' id='word_1_293' title='bbox 1488 211 1553 240; x_wconf 83' lang='lat' dir='ltr'><em>locis</em></span> <span class='ocrx_word' id='word_1_294' title='bbox 1578 216 1604 241; x_wconf 83' lang='lat' dir='ltr'><em>et</em></span> <span class='ocrx_word' id='word_1_295' title='bbox 1629 212 1795 251; x_wconf 78' lang='lat' dir='ltr'><em>temporibus</em></span> <span class='ocrx_word' id='word_1_296' title='bbox 1828 213 1920 252; x_wconf 75' lang='lat' dir='ltr'><em>infra-</em></span> 
     </span>
     <span class='ocr_line' id='line_1_63' title="bbox 1174 258 1919 299; baseline 0.005 -13"><span class='ocrx_word' id='word_1_297' title='bbox 1174 258 1296 296; x_wconf 82' lang='lat' dir='ltr'><em>scriptis,</em></span> <span class='ocrx_word' id='word_1_298' title='bbox 1317 259 1442 289; x_wconf 82' lang='lat' dir='ltr'><em>videlicet</em></span> <span class='ocrx_word' id='word_1_299' title='bbox 1454 269 1464 288; x_wconf 90' lang='lat'><em>:</em></span> <span class='ocrx_word' id='word_1_300' title='bbox 1483 259 1566 289; x_wconf 83' lang='lat' dir='ltr'><em>Omni</em></span> <span class='ocrx_word' id='word_1_301' title='bbox 1581 264 1701 299; x_wconf 89' lang='lat' dir='ltr'><em>tempore</em></span> <span class='ocrx_word' id='word_1_302' title='bbox 1713 265 1774 299; x_wconf 87' lang='lat' dir='ltr'><em>post</em></span> <span class='ocrx_word' id='word_1_303' title='bbox 1790 260 1919 290; x_wconf 85' lang='lat' dir='ltr'><em>ultimum</em></span> 
     </span>
     <span class='ocr_line' id='line_1_64' title="bbox 1174 306 1920 347; baseline 0.005 -13"><span class='ocrx_word' id='word_1_304' title='bbox 1174 306 1283 343; x_wconf 67' lang='lat' dir='ltr'><em>signum</em></span> <span class='ocrx_word' id='word_1_305' title='bbox 1304 308 1408 345; x_wconf 85' lang='lat' dir='ltr'><em>factum</em></span> <span class='ocrx_word' id='word_1_306' title='bbox 1430 307 1464 336; x_wconf 85' lang='lat' dir='ltr'><em>ad</em></span> <span class='ocrx_word' id='word_1_307' title='bbox 1486 307 1694 347; x_wconf 86' lang='lat' dir='ltr'><em>completorium</em></span> <span class='ocrx_word' id='word_1_308' title='bbox 1716 318 1800 347; x_wconf 80' lang='lat' dir='ltr'><em>usque</em></span> <span class='ocrx_word' id='word_1_309' title='bbox 1821 309 1857 338; x_wconf 85' lang='lat' dir='ltr'><em>ad</em></span> <span class='ocrx_word' id='word_1_310' title='bbox 1877 319 1920 338; x_wconf 88' lang='lat' dir='ltr'><em>se-</em></span> 
     </span>
     <span class='ocr_line' id='line_1_65' title="bbox 1174 355 1920 395; baseline 0.005 -13"><span class='ocrx_word' id='word_1_311' title='bbox 1174 355 1292 383; x_wconf 86' lang='lat' dir='ltr'><em>cundam</em></span> <span class='ocrx_word' id='word_1_312' title='bbox 1320 355 1524 394; x_wconf 83' lang='lat' dir='ltr'><em>pulsationaem</em></span> <span class='ocrx_word' id='word_1_313' title='bbox 1553 357 1663 395; x_wconf 82' lang='lat' dir='ltr'><em>primae</em></span> <span class='ocrx_word' id='word_1_314' title='bbox 1694 357 1831 395; x_wconf 86' lang='lat' dir='ltr'><em>sequentis</em></span> <span class='ocrx_word' id='word_1_315' title='bbox 1862 357 1920 387; x_wconf 87' lang='lat' dir='ltr'><em>diei</em></span> 
     </span>
     <span class='ocr_line' id='line_1_66' title="bbox 1172 404 1919 444; baseline 0.004 -13"><span class='ocrx_word' id='word_1_316' title='bbox 1172 405 1347 442; x_wconf 66' lang='lat' dir='ltr'><em>perfectam:</em></span> <span class='ocrx_word' id='word_1_317' title='bbox 1380 408 1405 434; x_wconf 85' lang='lat' dir='ltr'><em>et</em></span> <span class='ocrx_word' id='word_1_318' title='bbox 1427 414 1443 433; x_wconf 89' lang='lat' dir='ltr'><em>a</em></span> <span class='ocrx_word' id='word_1_319' title='bbox 1465 404 1675 434; x_wconf 81' lang='lat' dir='ltr'><em>Resurrectione</em></span> <span class='ocrx_word' id='word_1_320' title='bbox 1697 406 1813 434; x_wconf 85' lang='lat' dir='ltr'><em>Domini</em></span> <span class='ocrx_word' id='word_1_321' title='bbox 1836 415 1919 444; x_wconf 84' lang='lat' dir='ltr'><em>usque</em></span> 
     </span>
     <span class='ocr_line' id='line_1_67' title="bbox 1175 452 1921 493; baseline 0.005 -13"><span class='ocrx_word' id='word_1_322' title='bbox 1175 452 1210 480; x_wconf 86' lang='lat' dir='ltr'><em>ad</em></span> <span class='ocrx_word' id='word_1_323' title='bbox 1229 454 1331 490; x_wconf 81' lang='lat' dir='ltr'><em>festum</em></span> <span class='ocrx_word' id='word_1_324' title='bbox 1353 453 1537 482; x_wconf 62' lang='lat' dir='ltr'><em>Exultationis</em></span> <span class='ocrx_word' id='word_1_325' title='bbox 1559 453 1588 483; x_wconf 89' lang='lat' dir='ltr'><em>S.</em></span> <span class='ocrx_word' id='word_1_326' title='bbox 1613 453 1724 488; x_wconf 80' lang='lat' dir='ltr'><em>Crucis,</em></span> <span class='ocrx_word' id='word_1_327' title='bbox 1748 455 1841 483; x_wconf 86' lang='lat' dir='ltr'><em>statim</em></span> <span class='ocrx_word' id='word_1_328' title='bbox 1859 459 1921 493; x_wconf 91' lang='lat' dir='ltr'><em>post</em></span> 
     </span>
     <span class='ocr_line' id='line_1_68' title="bbox 1172 501 1922 540; baseline 0.004 -12"><span class='ocrx_word' id='word_1_329' title='bbox 1172 501 1295 538; x_wconf 80' lang='lat' dir='ltr'><em>primam</em></span> <span class='ocrx_word' id='word_1_330' title='bbox 1328 502 1504 540; x_wconf 75' lang='lat' dir='ltr'><em>resectionem</em></span> <span class='ocrx_word' id='word_1_331' title='bbox 1537 511 1621 540; x_wconf 79' lang='lat' dir='ltr'><em>usque</em></span> <span class='ocrx_word' id='word_1_332' title='bbox 1651 502 1686 531; x_wconf 83' lang='lat' dir='ltr'><em>ad</em></span> <span class='ocrx_word' id='word_1_333' title='bbox 1712 502 1861 531; x_wconf 84' lang='lat' dir='ltr'><em>secundum</em></span> <span class='ocrx_word' id='word_1_334' title='bbox 1882 504 1922 531; x_wconf 74' lang='lat' dir='ltr'><em>st—</em></span> 
     </span>
     <span class='ocr_line' id='line_1_69' title="bbox 1172 550 1922 589; baseline 0.004 -12"><span class='ocrx_word' id='word_1_335' title='bbox 1172 558 1258 586; x_wconf 73' lang='lat' dir='ltr'><em>ynum</em></span> <span class='ocrx_word' id='word_1_336' title='bbox 1273 552 1378 589; x_wconf 83' lang='lat' dir='ltr'><em>factum</em></span> <span class='ocrx_word' id='word_1_337' title='bbox 1394 550 1428 579; x_wconf 82' lang='lat' dir='ltr'><em>ad</em></span> <span class='ocrx_word' id='word_1_338' title='bbox 1444 560 1541 579; x_wconf 87' lang='lat' dir='ltr'><em>nonam</em></span> <span class='ocrx_word' id='word_1_339' title='bbox 1555 562 1565 584; x_wconf 84' lang='grc'><em>;</em></span> <span class='ocrx_word' id='word_1_340' title='bbox 1582 551 1612 579; x_wconf 86' lang='lat' dir='ltr'><em>in</em></span> <span class='ocrx_word' id='word_1_341' title='bbox 1633 551 1726 580; x_wconf 82' lang='lat' dir='ltr'><em>diebus</em></span> <span class='ocrx_word' id='word_1_342' title='bbox 1741 561 1804 580; x_wconf 75' lang='lat' dir='ltr'><em>vero</em></span> <span class='ocrx_word' id='word_1_343' title='bbox 1820 552 1922 580; x_wconf 82' lang='lat' dir='ltr'><em>ieiunii</em></span> 
     </span>
     <span class='ocr_line' id='line_1_70' title="bbox 1176 599 1921 637; baseline 0.003 -11"><span class='ocrx_word' id='word_1_344' title='bbox 1176 607 1260 636; x_wconf 74' lang='lat' dir='ltr'><em>usqae</em></span> <span class='ocrx_word' id='word_1_345' title='bbox 1282 599 1317 627; x_wconf 85' lang='lat' dir='ltr'><em>ad</em></span> <span class='ocrx_word' id='word_1_346' title='bbox 1337 599 1446 636; x_wconf 65' lang='lat' dir='ltr'><em>siquam</em></span> <span class='ocrx_word' id='word_1_347' title='bbox 1461 600 1591 637; x_wconf 63' lang='lat' dir='ltr'><em>surgendi</em></span> <span class='ocrx_word' id='word_1_348' title='bbox 1612 600 1643 627; x_wconf 90' lang='lat' dir='ltr'><em>de</em></span> <span class='ocrx_word' id='word_1_349' title='bbox 1664 599 1826 628; x_wconf 81' lang='lat' dir='ltr'><em>dormitione</em></span> <span class='ocrx_word' id='word_1_350' title='bbox 1841 600 1921 629; x_wconf 88' lang='lat' dir='ltr'><em>diur-</em></span> 
     </span>
     <span class='ocr_line' id='line_1_71' title="bbox 1175 647 1920 686; baseline 0.004 -12"><span class='ocrx_word' id='word_1_351' title='bbox 1175 648 1232 680; x_wconf 66' lang='grc' dir='ltr'><em>4ιιιὶ,’</em></span> <span class='ocrx_word' id='word_1_352' title='bbox 1256 647 1285 675; x_wconf 85' lang='lat' dir='ltr'><em>in</em></span> <span class='ocrx_word' id='word_1_353' title='bbox 1307 647 1427 676; x_wconf 80' lang='lat' dir='ltr'><em>clanstro</em></span> <span class='ocrx_word' id='word_1_354' title='bbox 1447 647 1602 686; x_wconf 85' lang='lat' dir='ltr'><em>principali</em></span> <span class='ocrx_word' id='word_1_355' title='bbox 1622 652 1647 676; x_wconf 85' lang='lat' dir='ltr'><em>et</em></span> <span class='ocrx_word' id='word_1_356' title='bbox 1668 648 1751 676; x_wconf 83' lang='lat' dir='ltr'><em>ctiam</em></span> <span class='ocrx_word' id='word_1_357' title='bbox 1777 649 1807 677; x_wconf 87' lang='lat' dir='ltr'><em>in</em></span> <span class='ocrx_word' id='word_1_358' title='bbox 1840 648 1920 678; x_wconf 81' lang='lat' dir='ltr'><em>choro</em></span> 
     </span>
     <span class='ocr_line' id='line_1_72' title="bbox 1175 695 1919 734; baseline 0.003 -11"><span class='ocrx_word' id='word_1_359' title='bbox 1175 695 1302 724; x_wconf 86' lang='lat' dir='ltr'><em>continue</em></span> <span class='ocrx_word' id='word_1_360' title='bbox 1313 707 1323 730; x_wconf 76' lang='lat'><em>,¹</em></span> <span class='ocrx_word' id='word_1_361' title='bbox 1347 696 1376 725; x_wconf 85' lang='lat' dir='ltr'><em>in</em></span> <span class='ocrx_word' id='word_1_362' title='bbox 1408 697 1555 734; x_wconf 80' lang='lat' dir='ltr'><em>refectorio</em></span> <span class='ocrx_word' id='word_1_363' title='bbox 1587 700 1706 734; x_wconf 86' lang='lat' dir='ltr'><em>tempore</em></span> <span class='ocrx_word' id='word_1_364' title='bbox 1738 696 1919 734; x_wconf 84' lang='lat' dir='ltr'><em>resectionis,·</em></span> 
     </span>
     <span class='ocr_line' id='line_1_73' title="bbox 1176 743 1922 784; baseline 0.004 -12"><span class='ocrx_word' id='word_1_365' title='bbox 1176 743 1206 772; x_wconf 77' lang='lat' dir='ltr'><em>in</em></span> <span class='ocrx_word' id='word_1_366' title='bbox 1228 744 1387 773; x_wconf 86' lang='lat' dir='ltr'><em>dormitorio</em></span> <span class='ocrx_word' id='word_1_367' title='bbox 1410 750 1530 784; x_wconf 85' lang='lat' dir='ltr'><em>tempore</em></span> <span class='ocrx_word' id='word_1_368' title='bbox 1551 746 1733 774; x_wconf 78' lang='lat' dir='ltr'><em>dormitionis.</em></span> <span class='ocrx_word' id='word_1_369' title='bbox 1756 745 1789 774; x_wconf 84' lang='lat' dir='ltr'><em>In</em></span> <span class='ocrx_word' id='word_1_370' title='bbox 1808 746 1922 783; x_wconf 87' lang='lat' dir='ltr'><em>praedi-</em></span> 
     </span>
     <span class='ocr_line' id='line_1_74' title="bbox 1175 793 1922 831; baseline 0.003 -11"><span class='ocrx_word' id='word_1_371' title='bbox 1175 794 1226 820; x_wconf 75' lang='lat' dir='ltr'><em>ctIs</em></span> <span class='ocrx_word' id='word_1_372' title='bbox 1249 796 1338 821; x_wconf 84' lang='lat' dir='ltr'><em>autem</em></span> <span class='ocrx_word' id='word_1_373' title='bbox 1361 793 1425 822; x_wconf 85' lang='lat' dir='ltr'><em>locis</em></span> <span class='ocrx_word' id='word_1_374' title='bbox 1447 797 1472 822; x_wconf 85' lang='lat' dir='ltr'><em>et</em></span> <span class='ocrx_word' id='word_1_375' title='bbox 1494 794 1658 831; x_wconf 77' lang='lat' dir='ltr'><em>temporibus</em></span> <span class='ocrx_word' id='word_1_376' title='bbox 1680 804 1713 822; x_wconf 67' lang='lat' dir='ltr'><em>ex</em></span> <span class='ocrx_word' id='word_1_377' title='bbox 1735 796 1819 823; x_wconf 75' lang='lat' dir='ltr'><em>causa</em></span> <span class='ocrx_word' id='word_1_378' title='bbox 1835 794 1922 823; x_wconf 86' lang='lat' dir='ltr'><em>ratio-</em></span> 
     </span>
     <span class='ocr_line' id='line_1_75' title="bbox 1177 840 1898 880; baseline 0.001 -11"><span class='ocrx_word' id='word_1_379' title='bbox 1177 840 1264 870; x_wconf 80' lang='lat' dir='ltr'><em>nabili</em></span> <span class='ocrx_word' id='word_1_380' title='bbox 1286 841 1402 870; x_wconf 73' lang='lat' dir='ltr'><em>breuiter</em></span> <span class='ocrx_word' id='word_1_381' title='bbox 1423 846 1447 870; x_wconf 85' lang='lat' dir='ltr'><em>et</em></span> <span class='ocrx_word' id='word_1_382' title='bbox 1469 842 1602 870; x_wconf 76' lang='lat' dir='ltr'><em>submissa</em></span> <span class='ocrx_word' id='word_1_383' title='bbox 1625 851 1684 870; x_wconf 72' lang='lat' dir='ltr'><em>voce</em></span> <span class='ocrx_word' id='word_1_384' title='bbox 1702 841 1776 880; x_wconf 82' lang='lat' dir='ltr'><em>loqui</em></span> <span class='ocrx_word' id='word_1_385' title='bbox 1798 841 1898 870; x_wconf 86' lang='lat' dir='ltr'><em>licebit.</em></span> 
     </span>
    </p>
   </div>
   <div class='ocr_carea' id='block_1_16' title="bbox 1923 165 2116 193">
    <p class='ocr_par' dir='ltr' id='par_1_20' title="bbox 1923 165 2116 193">
     <span class='ocr_line' id='line_1_76' title="bbox 1923 165 2116 193; baseline 0.016 -3"><span class='ocrx_word' id='word_1_386' title='bbox 1923 167 1977 191; x_wconf 84' lang='lat' dir='ltr'><em>An.</em></span> <span class='ocrx_word' id='word_1_387' title='bbox 1998 165 2027 191; x_wconf 83' lang='lat' dir='ltr'><em>C.</em></span> <span class='ocrx_word' id='word_1_388' title='bbox 2046 165 2116 193; x_wconf 75' lang='lat'><em>1730</em></span> 
     </span>
    </p>
   </div>
   <div class='ocr_carea' id='block_1_17' title="bbox 1418 925 1679 946">
    <p class='ocr_par' dir='ltr' id='par_1_21' title="bbox 1418 925 1679 946">
     <span class='ocr_line' id='line_1_77' title="bbox 1418 925 1679 946; baseline 0 0"><span class='ocrx_word' id='word_1_389' title='bbox 1418 925 1679 946; x_wconf 71' lang='lat' dir='ltr'>EXTRAVAGANTES.</span> 
     </span>
    </p>
   </div>
   <div class='ocr_carea' id='block_1_18' title="bbox 1176 986 2120 1799">
    <p class='ocr_par' dir='ltr' id='par_1_22' title="bbox 1177 986 2117 1121">
     <span class='ocr_line' id='line_1_78' title="bbox 1218 986 2116 1026; baseline 0.004 -11"><span class='ocrx_word' id='word_1_390' title='bbox 1218 996 1238 1016; x_wconf 93' lang='lat'><em>1.</em></span> <span class='ocrx_word' id='word_1_391' title='bbox 1262 986 1438 1016; x_wconf 74' lang='lat' dir='ltr'><em>Incuinbnnt</em></span> <span class='ocrx_word' id='word_1_392' title='bbox 1468 988 1671 1026; x_wconf 80' lang='lat' dir='ltr'><em>praesidentes</em></span> <span class='ocrx_word' id='word_1_393' title='bbox 1700 992 1731 1018; x_wconf 86' lang='lat' dir='ltr'><em>ut</em></span> <span class='ocrx_word' id='word_1_394' title='bbox 1759 988 1790 1018; x_wconf 86' lang='lat' dir='ltr'><em>in</em></span> <span class='ocrx_word' id='word_1_395' title='bbox 1818 987 1921 1018; x_wconf 84' lang='lat' dir='ltr'><em>diebus</em></span> <span class='ocrx_word' id='word_1_396' title='bbox 1932 1000 2012 1021; x_wconf 46' lang='lat' dir='ltr'><em>nunus</em></span> <span class='ocrx_word' id='word_1_397' title='bbox 2036 1000 2116 1020; x_wconf 58' lang='lat' dir='ltr'><em>roseus</em></span> 
     </span>
     <span class='ocr_line' id='line_1_79' title="bbox 1177 1027 2117 1075; baseline 0.002 -10"><span class='ocrx_word' id='word_1_398' title='bbox 1177 1036 1259 1065; x_wconf 85' lang='lat' dir='ltr'><em>sestis</em></span> <span class='ocrx_word' id='word_1_399' title='bbox 1281 1036 1409 1066; x_wconf 84' lang='lat' dir='ltr'><em>evitetur</em></span> <span class='ocrx_word' id='word_1_400' title='bbox 1432 1037 1528 1066; x_wconf 87' lang='lat' dir='ltr'><em>omnis</em></span> <span class='ocrx_word' id='word_1_401' title='bbox 1561 1037 1676 1075; x_wconf 81' lang='lat' dir='ltr'><em>vagatio</em></span> <span class='ocrx_word' id='word_1_402' title='bbox 1698 1042 1727 1067; x_wconf 84' lang='lat' dir='ltr'><em>et</em></span> <span class='ocrx_word' id='word_1_403' title='bbox 1748 1037 1919 1075; x_wconf 75' lang='lat' dir='ltr'><em>negotiatio,</em></span> <span class='ocrx_word' id='word_1_404' title='bbox 1932 1027 2033 1074; x_wconf 46' lang='lat' dir='ltr'><em>fssflfflfflh</em></span> <span class='ocrx_word' id='word_1_405' title='bbox 2053 1032 2117 1052; x_wconf 63' lang='lat'>&#39;³³³&#39;</span> 
     </span>
     <span class='ocr_line' id='line_1_80' title="bbox 1177 1084 1834 1121; baseline 0.002 -8"><span class='ocrx_word' id='word_1_406' title='bbox 1177 1087 1371 1121; x_wconf 81' lang='lat' dir='ltr'><em>serveturque</em></span> <span class='ocrx_word' id='word_1_407' title='bbox 1394 1084 1544 1114; x_wconf 85' lang='lat' dir='ltr'><em>silentium</em></span> <span class='ocrx_word' id='word_1_408' title='bbox 1567 1085 1644 1114; x_wconf 89' lang='lat' dir='ltr'><em>inter</em></span> <span class='ocrx_word' id='word_1_409' title='bbox 1667 1085 1834 1114; x_wconf 86' lang='lat' dir='ltr'><em>monachos.</em></span> 
     </span>
    </p>

    <p class='ocr_par' dir='ltr' id='par_1_23' title="bbox 1176 1131 2117 1509">
     <span class='ocr_line' id='line_1_81' title="bbox 1219 1131 2117 1171; baseline 0.001 -11"><span class='ocrx_word' id='word_1_410' title='bbox 1219 1140 1250 1160; x_wconf 77' lang='lat'><em>11.</em></span> <span class='ocrx_word' id='word_1_411' title='bbox 1274 1131 1297 1160; x_wconf 74' lang='lat' dir='ltr'>A</span> <span class='ocrx_word' id='word_1_412' title='bbox 1317 1132 1389 1161; x_wconf 81' lang='lat' dir='ltr'><em>sesto</em></span> <span class='ocrx_word' id='word_1_413' title='bbox 1413 1132 1508 1161; x_wconf 88' lang='lat' dir='ltr'><em>sancti</em></span> <span class='ocrx_word' id='word_1_414' title='bbox 1532 1132 1623 1171; x_wconf 86' lang='lat' dir='ltr'><em>patris</em></span> <span class='ocrx_word' id='word_1_415' title='bbox 1644 1132 1738 1162; x_wconf 86' lang='lat' dir='ltr'><em>nostri</em></span> <span class='ocrx_word' id='word_1_416' title='bbox 1754 1132 1922 1171; x_wconf 80' lang='lat' dir='ltr'><em>Hieronymi</em></span> <span class='ocrx_word' id='word_1_417' title='bbox 1946 1141 2051 1170; x_wconf 58' lang='lat' dir='ltr'><em>Tempora</em></span> <span class='ocrx_word' id='word_1_418' title='bbox 2068 1140 2117 1166; x_wconf 77' lang='lat' dir='ltr'><em>pu}-</em></span> 
     </span>
     <span class='ocr_line' id='line_1_82' title="bbox 1177 1169 2117 1220; baseline 0.003 -12"><span class='ocrx_word' id='word_1_419' title='bbox 1177 1189 1270 1218; x_wconf 84' lang='lat' dir='ltr'><em>usque</em></span> <span class='ocrx_word' id='word_1_420' title='bbox 1283 1179 1317 1209; x_wconf 84' lang='lat' dir='ltr'><em>ad</em></span> <span class='ocrx_word' id='word_1_421' title='bbox 1328 1180 1608 1219; x_wconf 76' lang='lat' dir='ltr'><em>Quinquagesimam</em></span> <span class='ocrx_word' id='word_1_422' title='bbox 1624 1190 1681 1211; x_wconf 88' lang='lat' dir='ltr'><em>non</em></span> <span class='ocrx_word' id='word_1_423' title='bbox 1699 1182 1749 1211; x_wconf 86' lang='lat' dir='ltr'><em>fiat</em></span> <span class='ocrx_word' id='word_1_424' title='bbox 1764 1190 1923 1220; x_wconf 79' lang='lat' dir='ltr'><em>campanae</em></span> <span class='ocrx_word' id='word_1_425' title='bbox 1932 1169 2021 1214; x_wconf 44' lang='lat' dir='ltr'><em>{ments</em></span> <span class='ocrx_word' id='word_1_426' title='bbox 2032 1173 2117 1193; x_wconf 78' lang='lat' dir='ltr'><em>campa-</em></span> 
     </span>
     <span class='ocr_line' id='line_1_83' title="bbox 1176 1229 1922 1268; baseline 0.001 -10"><span class='ocrx_word' id='word_1_427' title='bbox 1176 1229 1292 1266; x_wconf 75' lang='lat' dir='ltr'><em>siguum</em></span> <span class='ocrx_word' id='word_1_428' title='bbox 1316 1229 1351 1258; x_wconf 83' lang='lat' dir='ltr'><em>ad</em></span> <span class='ocrx_word' id='word_1_429' title='bbox 1374 1229 1579 1259; x_wconf 83' lang='lat' dir='ltr'><em>dormiendum</em></span> <span class='ocrx_word' id='word_1_430' title='bbox 1603 1234 1668 1268; x_wconf 80' lang='lat' dir='ltr'><em>post</em></span> <span class='ocrx_word' id='word_1_431' title='bbox 1691 1230 1868 1260; x_wconf 82' lang='lat' dir='ltr'><em>matutinum</em></span> <span class='ocrx_word' id='word_1_432' title='bbox 1891 1230 1922 1259; x_wconf 92' lang='lat' dir='ltr'><em>in</em></span> 
     </span>
     <span class='ocr_line' id='line_1_84' title="bbox 1176 1278 1923 1315; baseline 0.001 -8"><span class='ocrx_word' id='word_1_433' title='bbox 1176 1278 1286 1307; x_wconf 86' lang='lat' dir='ltr'><em>nostris</em></span> <span class='ocrx_word' id='word_1_434' title='bbox 1318 1278 1528 1315; x_wconf 84' lang='lat' dir='ltr'><em>monasteriis,</em></span> <span class='ocrx_word' id='word_1_435' title='bbox 1553 1278 1610 1307; x_wconf 88' lang='lat' dir='ltr'><em>nisi</em></span> <span class='ocrx_word' id='word_1_436' title='bbox 1642 1278 1715 1308; x_wconf 68' lang='lat' dir='ltr'><em>liora</em></span> <span class='ocrx_word' id='word_1_437' title='bbox 1747 1278 1830 1308; x_wconf 79' lang='lat' dir='ltr'><em>tertia</em></span> <span class='ocrx_word' id='word_1_438' title='bbox 1863 1278 1923 1308; x_wconf 81' lang='lat' dir='ltr'><em>iam</em></span> 
     </span>
     <span class='ocr_line' id='line_1_85' title="bbox 1178 1326 1924 1366; baseline 0.004 -12"><span class='ocrx_word' id='word_1_439' title='bbox 1178 1326 1312 1365; x_wconf 35' lang='lat' dir='ltr'><em>pulsati&amp;</em></span> <span class='ocrx_word' id='word_1_440' title='bbox 1336 1326 1450 1365; x_wconf 85' lang='lat' dir='ltr'><em>reliquo</em></span> <span class='ocrx_word' id='word_1_441' title='bbox 1473 1335 1542 1356; x_wconf 88' lang='lat' dir='ltr'><em>vero</em></span> <span class='ocrx_word' id='word_1_442' title='bbox 1565 1331 1696 1365; x_wconf 84' lang='lat' dir='ltr'><em>tempore</em></span> <span class='ocrx_word' id='word_1_443' title='bbox 1729 1327 1826 1356; x_wconf 80' lang='lat' dir='ltr'><em>statim</em></span> <span class='ocrx_word' id='word_1_444' title='bbox 1859 1331 1924 1366; x_wconf 85' lang='lat' dir='ltr'><em>post</em></span> 
     </span>
     <span class='ocr_line' id='line_1_86' title="bbox 1177 1375 1923 1412; baseline 0.003 -8"><span class='ocrx_word' id='word_1_445' title='bbox 1177 1375 1370 1404; x_wconf 82' lang='lat' dir='ltr'><em>terminatum</em></span> <span class='ocrx_word' id='word_1_446' title='bbox 1387 1375 1585 1412; x_wconf 78' lang='lat' dir='ltr'><em>matutinum3</em></span> <span class='ocrx_word' id='word_1_447' title='bbox 1602 1379 1630 1405; x_wconf 87' lang='lat' dir='ltr'><em>et</em></span> <span class='ocrx_word' id='word_1_448' title='bbox 1646 1375 1746 1405; x_wconf 91' lang='lat' dir='ltr'><em>nullus</em></span> <span class='ocrx_word' id='word_1_449' title='bbox 1762 1376 1923 1406; x_wconf 84' lang='lat' dir='ltr'><em>monachus</em></span> 
     </span>
     <span class='ocr_line' id='line_1_87' title="bbox 1177 1422 1924 1461; baseline 0.001 -9"><span class='ocrx_word' id='word_1_450' title='bbox 1177 1426 1244 1452; x_wconf 84' lang='lat' dir='ltr'><em>ante</em></span> <span class='ocrx_word' id='word_1_451' title='bbox 1271 1423 1389 1461; x_wconf 79' lang='lat' dir='ltr'><em>signum</em></span> <span class='ocrx_word' id='word_1_452' title='bbox 1413 1423 1449 1452; x_wconf 82' lang='lat' dir='ltr'><em>ad</em></span> <span class='ocrx_word' id='word_1_453' title='bbox 1471 1422 1676 1452; x_wconf 87' lang='lat' dir='ltr'><em>dormiendum</em></span> <span class='ocrx_word' id='word_1_454' title='bbox 1709 1423 1827 1453; x_wconf 79' lang='lat' dir='ltr'><em>accedat</em></span> <span class='ocrx_word' id='word_1_455' title='bbox 1860 1423 1924 1453; x_wconf 87' lang='lat' dir='ltr'><em>sine</em></span> 
     </span>
     <span class='ocr_line' id='line_1_88' title="bbox 1178 1471 1456 1509; baseline 0 -9"><span class='ocrx_word' id='word_1_456' title='bbox 1178 1471 1300 1509; x_wconf 82' lang='lat' dir='ltr'><em>speciali</em></span> <span class='ocrx_word' id='word_1_457' title='bbox 1323 1471 1456 1500; x_wconf 68' lang='lat' dir='ltr'><em>lieentia.</em></span> 
     </span>
    </p>

    <p class='ocr_par' dir='ltr' id='par_1_24' title="bbox 1178 1519 2120 1799">
     <span class='ocr_line' id='line_1_89' title="bbox 1218 1519 2120 1559; baseline -0.001 -10"><span class='ocrx_word' id='word_1_458' title='bbox 1218 1529 1259 1549; x_wconf 82' lang='lat'>111.</span> <span class='ocrx_word' id='word_1_459' title='bbox 1283 1519 1466 1559; x_wconf 78' lang='lat' dir='ltr'><em>Quamquam</em></span> <span class='ocrx_word' id='word_1_460' title='bbox 1490 1519 1625 1549; x_wconf 81' lang='lat' dir='ltr'><em>monachi</em></span> <span class='ocrx_word' id='word_1_461' title='bbox 1653 1520 1743 1549; x_wconf 86' lang='lat' dir='ltr'><em>choro</em></span> <span class='ocrx_word' id='word_1_462' title='bbox 1773 1519 1921 1558; x_wconf 80' lang='lat' dir='ltr'><em>assistant,</em></span> <span class='ocrx_word' id='word_1_463' title='bbox 1947 1527 2120 1556; x_wconf 68' lang='lat' dir='ltr'><em>Denarisvaca-</em></span> 
     </span>
     <span class='ocr_line' id='line_1_90' title="bbox 1179 1553 2102 1608; baseline 0.002 -11"><span class='ocrx_word' id='word_1_464' title='bbox 1179 1568 1259 1597; x_wconf 87' lang='lat' dir='ltr'><em>horis</em></span> <span class='ocrx_word' id='word_1_465' title='bbox 1293 1573 1391 1597; x_wconf 78' lang='lat' dir='ltr'><em>tumen</em></span> <span class='ocrx_word' id='word_1_466' title='bbox 1428 1569 1590 1597; x_wconf 79' lang='lat' dir='ltr'><em>vacationis</em></span> <span class='ocrx_word' id='word_1_467' title='bbox 1624 1578 1639 1597; x_wconf 87' lang='lat' dir='ltr'><em>a</em></span> <span class='ocrx_word' id='word_1_468' title='bbox 1673 1568 1762 1598; x_wconf 86' lang='lat' dir='ltr'><em>choro</em></span> <span class='ocrx_word' id='word_1_469' title='bbox 1797 1553 2102 1608; x_wconf 60' lang='lat' dir='ltr'><em>aliisque⁰⁰¹¹¹⁵²⁰h⁰w⁸</em></span> 
     </span>
     <span class='ocr_line' id='line_1_91' title="bbox 1178 1617 1924 1648; baseline 0.003 -2"><span class='ocrx_word' id='word_1_470' title='bbox 1178 1617 1443 1647; x_wconf 83' lang='lat' dir='ltr'><em>communitatibus</em></span> <span class='ocrx_word' id='word_1_471' title='bbox 1466 1617 1582 1647; x_wconf 84' lang='lat' dir='ltr'><em>actibus</em></span> <span class='ocrx_word' id='word_1_472' title='bbox 1614 1627 1678 1647; x_wconf 84' lang='lat' dir='ltr'><em>sese</em></span> <span class='ocrx_word' id='word_1_473' title='bbox 1710 1622 1866 1647; x_wconf 82' lang='lat' dir='ltr'><em>exerceant</em></span> <span class='ocrx_word' id='word_1_474' title='bbox 1895 1623 1924 1648; x_wconf 86' lang='lat' dir='ltr'><em>et</em></span> 
     </span>
     <span class='ocr_line' id='line_1_92' title="bbox 1179 1665 1923 1704; baseline 0 -9"><span class='ocrx_word' id='word_1_475' title='bbox 1179 1670 1360 1704; x_wconf 86' lang='lat' dir='ltr'><em>occupentur</em></span> <span class='ocrx_word' id='word_1_476' title='bbox 1380 1665 1410 1695; x_wconf 91' lang='lat' dir='ltr'><em>in</em></span> <span class='ocrx_word' id='word_1_477' title='bbox 1433 1666 1606 1704; x_wconf 88' lang='lat' dir='ltr'><em>scribendo,</em></span> <span class='ocrx_word' id='word_1_478' title='bbox 1629 1672 1680 1696; x_wconf 81' lang='lat' dir='ltr'><em>aut</em></span> <span class='ocrx_word' id='word_1_479' title='bbox 1700 1666 1731 1695; x_wconf 93' lang='lat' dir='ltr'><em>in</em></span> <span class='ocrx_word' id='word_1_480' title='bbox 1754 1666 1818 1695; x_wconf 83' lang='lat' dir='ltr'><em>aliis</em></span> <span class='ocrx_word' id='word_1_481' title='bbox 1840 1675 1923 1696; x_wconf 78' lang='lat' dir='ltr'><em>exer-</em></span> 
     </span>
     <span class='ocr_line' id='line_1_93' title="bbox 1179 1713 1923 1752; baseline 0.001 -10"><span class='ocrx_word' id='word_1_482' title='bbox 1179 1713 1257 1742; x_wconf 85' lang='lat' dir='ltr'><em>citiis</em></span> <span class='ocrx_word' id='word_1_483' title='bbox 1280 1722 1333 1752; x_wconf 87' lang='lat' dir='ltr'><em>pro</em></span> <span class='ocrx_word' id='word_1_484' title='bbox 1355 1713 1521 1743; x_wconf 76' lang='lat' dir='ltr'><em>ohedientia</em></span> <span class='ocrx_word' id='word_1_485' title='bbox 1551 1713 1608 1743; x_wconf 87' lang='lat' dir='ltr'><em>sihi</em></span> <span class='ocrx_word' id='word_1_486' title='bbox 1634 1713 1776 1743; x_wconf 86' lang='lat' dir='ltr'><em>iniunctis</em></span> <span class='ocrx_word' id='word_1_487' title='bbox 1803 1714 1848 1744; x_wconf 84' lang='lat' dir='ltr'><em>vel</em></span> <span class='ocrx_word' id='word_1_488' title='bbox 1878 1714 1923 1744; x_wconf 92' lang='lat' dir='ltr'><em>in-</em></span> 
     </span>
     <span class='ocr_line' id='line_1_94' title="bbox 1180 1762 1348 1799; baseline 0 -8"><span class='ocrx_word' id='word_1_489' title='bbox 1180 1762 1348 1799; x_wconf 81' lang='lat' dir='ltr'><em>iungendis.</em></span> 
     </span>
    </p>
   </div>
   <div class='ocr_carea' id='block_1_19' title="bbox 1393 1835 1706 1866">
    <p class='ocr_par' dir='ltr' id='par_1_25' title="bbox 1393 1835 1706 1866">
     <span class='ocr_line' id='line_1_95' title="bbox 1393 1835 1706 1866; baseline -0.003 0"><span class='ocrx_word' id='word_1_490' title='bbox 1393 1836 1586 1866; x_wconf 66' lang='lat' dir='ltr'><em>Coxsnnrno</em></span> <span class='ocrx_word' id='word_1_491' title='bbox 1609 1835 1706 1865; x_wconf 83' lang='lat' dir='ltr'>XXVI.</span> 
     </span>
    </p>
   </div>
   <div class='ocr_carea' id='block_1_20' title="bbox 1181 1909 2120 2002">
    <p class='ocr_par' dir='ltr' id='par_1_26' title="bbox 1181 1909 2120 2002">
     <span class='ocr_line' id='line_1_96' title="bbox 1221 1909 2118 1946; baseline 0.001 -8"><span class='ocrx_word' id='word_1_492' title='bbox 1221 1909 1336 1938; x_wconf 81' lang='lat' dir='ltr'><em>Habitus</em></span> <span class='ocrx_word' id='word_1_493' title='bbox 1359 1913 1450 1938; x_wconf 82' lang='lat' dir='ltr'><em>noster</em></span> <span class='ocrx_word' id='word_1_494' title='bbox 1472 1913 1497 1938; x_wconf 85' lang='lat' dir='ltr'><em>et</em></span> <span class='ocrx_word' id='word_1_495' title='bbox 1517 1913 1612 1946; x_wconf 84' lang='lat' dir='ltr'><em>vestes,</em></span> <span class='ocrx_word' id='word_1_496' title='bbox 1630 1911 1709 1938; x_wconf 79' lang='lat' dir='ltr'><em>iuxta</em></span> <span class='ocrx_word' id='word_1_497' title='bbox 1723 1909 1924 1938; x_wconf 82' lang='lat' dir='ltr'><em>institutionem</em></span> <span class='ocrx_word' id='word_1_498' title='bbox 1948 1922 1978 1943; x_wconf 73' lang='lat' dir='ltr'><em>De</em></span> <span class='ocrx_word' id='word_1_499' title='bbox 1988 1922 2064 1944; x_wconf 75' lang='lat' dir='ltr'><em>habitu</em></span> <span class='ocrx_word' id='word_1_500' title='bbox 2074 1928 2118 1943; x_wconf 81' lang='lat' dir='ltr'><em>mo·</em></span> 
     </span>
     <span class='ocr_line' id='line_1_97' title="bbox 1181 1949 2120 2002; baseline 0.005 -16"><span class='ocrx_word' id='word_1_501' title='bbox 1181 1958 1272 1996; x_wconf 83' lang='lat' dir='ltr'><em>felicis</em></span> <span class='ocrx_word' id='word_1_502' title='bbox 1304 1958 1501 1987; x_wconf 82' lang='lat' dir='ltr'><em>recordationis</em></span> <span class='ocrx_word' id='word_1_503' title='bbox 1530 1958 1634 1987; x_wconf 84' lang='lat' dir='ltr'><em>domini</em></span> <span class='ocrx_word' id='word_1_504' title='bbox 1657 1957 1782 1996; x_wconf 68' lang='lat' dir='ltr'><em>Gregorii</em></span> <span class='ocrx_word' id='word_1_505' title='bbox 1803 1957 1861 1988; x_wconf 84' lang='lat' dir='ltr'><em>PP.</em></span> <span class='ocrx_word' id='word_1_506' title='bbox 1884 1958 1927 1988; x_wconf 85' lang='lat' dir='ltr'><em>XI</em></span> <span class='ocrx_word' id='word_1_507' title='bbox 1935 1949 2120 2002; x_wconf 51' lang='grc' dir='ltr'><em>ξῖζξξᾛὲἶᾰροῗῖ</em></span> 
     </span>
    </p>
   </div>
   <div class='ocr_carea' id='block_1_21' title="bbox 1182 2002 2121 2053">
    <p class='ocr_par' dir='ltr' id='par_1_27' title="bbox 1182 2002 2121 2053">
     <span class='ocr_line' id='line_1_98' title="bbox 1182 2002 2121 2053; baseline 0.003 -18"><span class='ocrx_word' id='word_1_508' title='bbox 1182 2007 1347 2036; x_wconf 84' lang='lat' dir='ltr'><em>institutoris</em></span> <span class='ocrx_word' id='word_1_509' title='bbox 1380 2008 1468 2036; x_wconf 80' lang='lat' dir='ltr'><em>nostri</em></span> <span class='ocrx_word' id='word_1_510' title='bbox 1498 2006 1631 2041; x_wconf 80' lang='lat' dir='ltr'><em>Ordinis,</em></span> <span class='ocrx_word' id='word_1_511' title='bbox 1655 2009 1762 2045; x_wconf 71' lang='lat' dir='ltr'><em>formae</em></span> <span class='ocrx_word' id='word_1_512' title='bbox 1787 2017 1819 2036; x_wconf 85' lang='lat' dir='ltr'><em>ae</em></span> <span class='ocrx_word' id='word_1_513' title='bbox 1836 2008 1925 2046; x_wconf 87' lang='lat' dir='ltr'><em>pretii</em></span> <span class='ocrx_word' id='word_1_514' title='bbox 1935 2002 2121 2053; x_wconf 39' lang='lat' dir='ltr'><em>{ffass&#39;dgbffitssgj</em></span> 
     </span>
    </p>
   </div>
   <div class='ocr_carea' id='block_1_22' title="bbox 1181 2055 2119 2436">
    <p class='ocr_par' dir='ltr' id='par_1_28' title="bbox 1181 2055 2119 2436">
     <span class='ocr_line' id='line_1_99' title="bbox 1181 2055 2119 2104; baseline 0.003 -20"><span class='ocrx_word' id='word_1_515' title='bbox 1181 2056 1236 2084; x_wconf 84' lang='lat' dir='ltr'><em>sint</em></span> <span class='ocrx_word' id='word_1_516' title='bbox 1258 2057 1403 2094; x_wconf 75' lang='lat' dir='ltr'><em>sequentis,</em></span> <span class='ocrx_word' id='word_1_517' title='bbox 1429 2055 1554 2085; x_wconf 72' lang='lat' dir='ltr'><em>videlicet</em></span> <span class='ocrx_word' id='word_1_518' title='bbox 1568 2067 1577 2085; x_wconf 88' lang='lat'><em>:</em></span> <span class='ocrx_word' id='word_1_519' title='bbox 1605 2056 1723 2086; x_wconf 86' lang='lat' dir='ltr'><em>Tunicae</em></span> <span class='ocrx_word' id='word_1_520' title='bbox 1744 2058 1800 2086; x_wconf 84' lang='lat' dir='ltr'><em>sint</em></span> <span class='ocrx_word' id='word_1_521' title='bbox 1815 2057 1924 2086; x_wconf 82' lang='lat' dir='ltr'><em>clausae</em></span> <span class='ocrx_word' id='word_1_522' title='bbox 1935 2055 2119 2104; x_wconf 52' lang='lat' dir='ltr'><em>ffifflsfffllffllffi·</em></span> 
     </span>
     <span class='ocr_line' id='line_1_100' title="bbox 1181 2104 1925 2143; baseline 0.003 -10"><span class='ocrx_word' id='word_1_523' title='bbox 1181 2108 1206 2133; x_wconf 88' lang='lat' dir='ltr'><em>ct</em></span> <span class='ocrx_word' id='word_1_524' title='bbox 1228 2104 1356 2143; x_wconf 84' lang='lat' dir='ltr'><em>amplae,</em></span> <span class='ocrx_word' id='word_1_525' title='bbox 1381 2105 1412 2134; x_wconf 80' lang='lat' dir='ltr'><em>de</em></span> <span class='ocrx_word' id='word_1_526' title='bbox 1432 2114 1526 2143; x_wconf 83' lang='lat' dir='ltr'><em>panno</em></span> <span class='ocrx_word' id='word_1_527' title='bbox 1554 2105 1613 2133; x_wconf 85' lang='lat' dir='ltr'><em>albo</em></span> <span class='ocrx_word' id='word_1_528' title='bbox 1634 2105 1686 2134; x_wconf 77' lang='lat' dir='ltr'><em>vili</em></span> <span class='ocrx_word' id='word_1_529' title='bbox 1707 2108 1733 2134; x_wconf 88' lang='lat' dir='ltr'><em>et</em></span> <span class='ocrx_word' id='word_1_530' title='bbox 1752 2115 1853 2143; x_wconf 62' lang='lat' dir='ltr'><em>grosso,</em></span> <span class='ocrx_word' id='word_1_531' title='bbox 1877 2110 1925 2135; x_wconf 84' lang='lat' dir='ltr'><em>aut</em></span> 
     </span>
     <span class='ocr_line' id='line_1_101' title="bbox 1182 2153 1922 2193; baseline 0.003 -11"><span class='ocrx_word' id='word_1_532' title='bbox 1182 2154 1214 2182; x_wconf 86' lang='lat' dir='ltr'><em>de</em></span> <span class='ocrx_word' id='word_1_533' title='bbox 1237 2153 1285 2182; x_wconf 84' lang='lat' dir='ltr'><em>illo</em></span> <span class='ocrx_word' id='word_1_534' title='bbox 1305 2163 1398 2192; x_wconf 86' lang='lat' dir='ltr'><em>panno</em></span> <span class='ocrx_word' id='word_1_535' title='bbox 1431 2155 1479 2191; x_wconf 77' lang='lat' dir='ltr'><em>qui</em></span> <span class='ocrx_word' id='word_1_536' title='bbox 1512 2153 1664 2191; x_wconf 67' lang='lat' dir='ltr'><em>uulyariter</em></span> <span class='ocrx_word' id='word_1_537' title='bbox 1694 2154 1798 2183; x_wconf 85' lang='lat' dir='ltr'><em>dicitur</em></span> <span class='ocrx_word' id='word_1_538' title='bbox 1824 2154 1922 2193; x_wconf 81' lang='lat' dir='ltr'><em>calcil,</em></span> 
     </span>
     <span class='ocr_line' id='line_1_102' title="bbox 1182 2201 1925 2243; baseline 0.003 -12"><span class='ocrx_word' id='word_1_539' title='bbox 1182 2211 1243 2231; x_wconf 87' lang='lat' dir='ltr'><em>cum</em></span> <span class='ocrx_word' id='word_1_540' title='bbox 1258 2202 1375 2231; x_wconf 86' lang='lat' dir='ltr'><em>manicis</em></span> <span class='ocrx_word' id='word_1_541' title='bbox 1390 2202 1526 2230; x_wconf 85' lang='lat' dir='ltr'><em>moderate</em></span> <span class='ocrx_word' id='word_1_542' title='bbox 1541 2201 1641 2240; x_wconf 88' lang='lat' dir='ltr'><em>amplis</em></span> <span class='ocrx_word' id='word_1_543' title='bbox 1663 2206 1687 2231; x_wconf 87' lang='lat' dir='ltr'><em>ct</em></span> <span class='ocrx_word' id='word_1_544' title='bbox 1710 2202 1821 2238; x_wconf 71' lang='lat' dir='ltr'><em>clausis,</em></span> <span class='ocrx_word' id='word_1_545' title='bbox 1844 2208 1925 2243; x_wconf 80' lang='lat' dir='ltr'><em>atque</em></span> 
     </span>
     <span class='ocr_line' id='line_1_103' title="bbox 1182 2251 1925 2292; baseline 0.004 -12"><span class='ocrx_word' id='word_1_546' title='bbox 1182 2252 1300 2280; x_wconf 87' lang='lat' dir='ltr'><em>decentis</em></span> <span class='ocrx_word' id='word_1_547' title='bbox 1323 2251 1503 2289; x_wconf 65' lang='lat' dir='ltr'><em>longitudinis</em></span> <span class='ocrx_word' id='word_1_548' title='bbox 1517 2274 1524 2288; x_wconf 86' lang='lat'>‚</span> <span class='ocrx_word' id='word_1_549' title='bbox 1548 2252 1588 2280; x_wconf 83' lang='lat' dir='ltr'><em>ita</em></span> <span class='ocrx_word' id='word_1_550' title='bbox 1613 2251 1683 2289; x_wconf 80' lang='lat' dir='ltr'><em>quod</em></span> <span class='ocrx_word' id='word_1_551' title='bbox 1714 2252 1819 2281; x_wconf 84' lang='lat' dir='ltr'><em>cinctae</em></span> <span class='ocrx_word' id='word_1_552' title='bbox 1840 2263 1925 2292; x_wconf 85' lang='lat' dir='ltr'><em>usque</em></span> 
     </span>
     <span class='ocr_line' id='line_1_104' title="bbox 1182 2299 1924 2340; baseline 0.005 -12"><span class='ocrx_word' id='word_1_553' title='bbox 1182 2300 1217 2328; x_wconf 87' lang='lat' dir='ltr'><em>ad</em></span> <span class='ocrx_word' id='word_1_554' title='bbox 1248 2299 1316 2328; x_wconf 89' lang='lat' dir='ltr'><em>talos</em></span> <span class='ocrx_word' id='word_1_555' title='bbox 1350 2300 1513 2329; x_wconf 84' lang='lat' dir='ltr'><em>descendant</em></span> <span class='ocrx_word' id='word_1_556' title='bbox 1540 2304 1565 2328; x_wconf 87' lang='lat' dir='ltr'><em>et</em></span> <span class='ocrx_word' id='word_1_557' title='bbox 1592 2304 1695 2328; x_wconf 84' lang='lat' dir='ltr'><em>terram</em></span> <span class='ocrx_word' id='word_1_558' title='bbox 1726 2310 1778 2329; x_wconf 83' lang='lat' dir='ltr'><em>non</em></span> <span class='ocrx_word' id='word_1_559' title='bbox 1800 2306 1924 2340; x_wconf 74' lang='lat' dir='ltr'><em>tanqant.</em></span> 
     </span>
     <span class='ocr_line' id='line_1_105' title="bbox 1182 2347 1927 2388; baseline 0.004 -11"><span class='ocrx_word' id='word_1_560' title='bbox 1182 2347 1332 2378; x_wconf 75' lang='lat' dir='ltr'><em>lltantellus</em></span> <span class='ocrx_word' id='word_1_561' title='bbox 1354 2352 1380 2377; x_wconf 87' lang='lat' dir='ltr'><em>et</em></span> <span class='ocrx_word' id='word_1_562' title='bbox 1400 2347 1545 2387; x_wconf 85' lang='lat' dir='ltr'><em>scapulare</em></span> <span class='ocrx_word' id='word_1_563' title='bbox 1577 2349 1633 2377; x_wconf 86' lang='lat' dir='ltr'><em>sint</em></span> <span class='ocrx_word' id='word_1_564' title='bbox 1663 2349 1695 2377; x_wconf 85' lang='lat' dir='ltr'><em>de</em></span> <span class='ocrx_word' id='word_1_565' title='bbox 1724 2358 1818 2388; x_wconf 86' lang='lat' dir='ltr'><em>panno</em></span> <span class='ocrx_word' id='word_1_566' title='bbox 1837 2351 1927 2388; x_wconf 67' lang='lat' dir='ltr'><em>griseo</em></span> 
     </span>
     <span class='ocr_line' id='line_1_106' title="bbox 1181 2396 1927 2436; baseline 0.004 -11"><span class='ocrx_word' id='word_1_567' title='bbox 1181 2406 1229 2426; x_wconf 86' lang='lat' dir='ltr'><em>seu</em></span> <span class='ocrx_word' id='word_1_568' title='bbox 1261 2396 1377 2433; x_wconf 81' lang='lat' dir='ltr'><em>burello,</em></span> <span class='ocrx_word' id='word_1_569' title='bbox 1410 2397 1541 2426; x_wconf 83' lang='lat' dir='ltr'><em>similiter</em></span> <span class='ocrx_word' id='word_1_570' title='bbox 1570 2407 1662 2435; x_wconf 66' lang='lat' dir='ltr'><em>grosso</em></span> <span class='ocrx_word' id='word_1_571' title='bbox 1694 2401 1720 2426; x_wconf 89' lang='lat' dir='ltr'><em>et</em></span> <span class='ocrx_word' id='word_1_572' title='bbox 1750 2398 1816 2436; x_wconf 79' lang='lat' dir='ltr'><em>vili,</em></span> <span class='ocrx_word' id='word_1_573' title='bbox 1849 2398 1927 2428; x_wconf 86' lang='lat' dir='ltr'><em>nullo</em></span> 
     </span>
    </p>
   </div>
   <div class='ocr_carea' id='block_1_23' title="bbox 1180 2445 1926 2485">
    <p class='ocr_par' dir='ltr' id='par_1_29' title="bbox 1180 2445 1926 2485">
     <span class='ocr_line' id='line_1_107' title="bbox 1180 2445 1926 2485; baseline 0.004 -12"><span class='ocrx_word' id='word_1_574' title='bbox 1180 2449 1292 2484; x_wconf 89' lang='lat' dir='ltr'><em>praeter</em></span> <span class='ocrx_word' id='word_1_575' title='bbox 1307 2445 1431 2474; x_wconf 76' lang='lat' dir='ltr'><em>nativum</em></span> <span class='ocrx_word' id='word_1_576' title='bbox 1447 2446 1530 2474; x_wconf 87' lang='lat' dir='ltr'><em>tincto</em></span> <span class='ocrx_word' id='word_1_577' title='bbox 1545 2445 1633 2475; x_wconf 85' lang='lat' dir='ltr'><em>colore</em></span> <span class='ocrx_word' id='word_1_578' title='bbox 1644 2457 1655 2480; x_wconf 79' lang='lat'><em>;</em></span> <span class='ocrx_word' id='word_1_579' title='bbox 1677 2447 1713 2475; x_wconf 84' lang='lat' dir='ltr'><em>sit</em></span> <span class='ocrx_word' id='word_1_580' title='bbox 1727 2456 1833 2485; x_wconf 78' lang='lat' dir='ltr'><em>quoque</em></span> <span class='ocrx_word' id='word_1_581' title='bbox 1847 2456 1926 2476; x_wconf 85' lang='lat' dir='ltr'><em>man-</em></span> 
     </span>
    </p>
   </div>
   <div class='ocr_carea' id='block_1_24' title="bbox 398 2491 1927 2533">
    <p class='ocr_par' dir='ltr' id='par_1_30' title="bbox 398 2491 1927 2533">
     <span class='ocr_line' id='line_1_108' title="bbox 398 2491 1927 2533; baseline 0.003 -14"><span class='ocrx_word' id='word_1_582' title='bbox 398 2491 520 2519; x_wconf 84' lang='lat' dir='ltr'><em>cessitate</em></span> <span class='ocrx_word' id='word_1_583' title='bbox 552 2501 583 2520; x_wconf 85' lang='lat' dir='ltr'><em>ac</em></span> <span class='ocrx_word' id='word_1_584' title='bbox 616 2491 736 2521; x_wconf 83' lang='lat' dir='ltr'><em>utilitate</em></span> <span class='ocrx_word' id='word_1_585' title='bbox 767 2493 897 2531; x_wconf 74' lang='lat' dir='ltr'><em>exceptis,</em></span> <span class='ocrx_word' id='word_1_586' title='bbox 920 2502 1024 2522; x_wconf 85' lang='lat' dir='ltr'><em>summo</em></span> <span class='ocrx_word' id='word_1_587' title='bbox 1052 2494 1140 2523; x_wconf 81' lang='lat' dir='ltr'><em>studio</em></span> <span class='ocrx_word' id='word_1_588' title='bbox 1182 2493 1264 2523; x_wconf 86' lang='lat' dir='ltr'><em>tellus</em></span> <span class='ocrx_word' id='word_1_589' title='bbox 1282 2498 1362 2532; x_wconf 85' lang='lat' dir='ltr'><em>parte</em></span> <span class='ocrx_word' id='word_1_590' title='bbox 1384 2494 1522 2523; x_wconf 86' lang='lat' dir='ltr'><em>anteriore</em></span> <span class='ocrx_word' id='word_1_591' title='bbox 1536 2494 1625 2533; x_wconf 77' lang='lat' dir='ltr'><em>fissus,</em></span> <span class='ocrx_word' id='word_1_592' title='bbox 1644 2498 1669 2524; x_wconf 88' lang='lat' dir='ltr'><em>ct</em></span> <span class='ocrx_word' id='word_1_593' title='bbox 1684 2495 1764 2524; x_wconf 80' lang='lat' dir='ltr'><em>unico</em></span> <span class='ocrx_word' id='word_1_594' title='bbox 1779 2495 1927 2525; x_wconf 85' lang='lat' dir='ltr'><em>claudatur</em></span> 
     </span>
    </p>
   </div>
   <div class='ocr_carea' id='block_1_25' title="bbox 399 2539 1927 2583">
    <p class='ocr_par' dir='ltr' id='par_1_31' title="bbox 399 2539 1927 2583">
     <span class='ocr_line' id='line_1_109' title="bbox 399 2539 1927 2583; baseline 0.005 -16"><span class='ocrx_word' id='word_1_595' title='bbox 399 2539 555 2568; x_wconf 81' lang='lat' dir='ltr'><em>observetur</em></span> <span class='ocrx_word' id='word_1_596' title='bbox 587 2540 662 2569; x_wconf 90' lang='lat' dir='ltr'><em>intra</em></span> <span class='ocrx_word' id='word_1_597' title='bbox 693 2544 770 2580; x_wconf 85' lang='lat' dir='ltr'><em>septa</em></span> <span class='ocrx_word' id='word_1_598' title='bbox 804 2541 845 2570; x_wconf 81' lang='lat' dir='ltr'><em>vel</em></span> <span class='ocrx_word' id='word_1_599' title='bbox 877 2545 962 2571; x_wconf 87' lang='lat' dir='ltr'><em>metas</em></span> <span class='ocrx_word' id='word_1_600' title='bbox 996 2541 1141 2573; x_wconf 85' lang='lat' dir='ltr'><em>cuiuslibet</em></span> <span class='ocrx_word' id='word_1_601' title='bbox 1182 2543 1302 2572; x_wconf 84' lang='lat' dir='ltr'><em>eiusdem</em></span> <span class='ocrx_word' id='word_1_602' title='bbox 1320 2543 1410 2583; x_wconf 85' lang='lat' dir='ltr'><em>panni</em></span> <span class='ocrx_word' id='word_1_603' title='bbox 1433 2543 1534 2573; x_wconf 84' lang='lat' dir='ltr'><em>botone.</em></span> <span class='ocrx_word' id='word_1_604' title='bbox 1553 2543 1628 2573; x_wconf 87' lang='lat' dir='ltr'><em>Licet</em></span> <span class='ocrx_word' id='word_1_605' title='bbox 1649 2543 1794 2572; x_wconf 86' lang='lat' dir='ltr'><em>mantellus</em></span> <span class='ocrx_word' id='word_1_606' title='bbox 1816 2553 1870 2573; x_wconf 84' lang='lat' dir='ltr'><em>non</em></span> <span class='ocrx_word' id='word_1_607' title='bbox 1890 2546 1927 2575; x_wconf 80' lang='lat' dir='ltr'><em>sit</em></span> 
     </span>
    </p>
   </div>
   <div class='ocr_carea' id='block_1_26' title="bbox 2160 33 2169 709">
    <p class='ocr_par' dir='ltr' id='par_1_32' title="bbox 2160 33 2169 709">
     <span class='ocr_line' id='line_1_110' title="bbox 2160 33 2169 709; baseline 0 0"><span class='ocrx_word' id='word_1_608' title='bbox 2160 33 2169 709; x_wconf 95' lang='lat' dir='ltr'><em> </em></span> 
     </span>
    </p>
   </div>
   <div class='ocr_carea' id='block_1_27' title="bbox 2147 1195 2168 1213">
    <p class='ocr_par' dir='ltr' id='par_1_33' title="bbox 2147 1195 2168 1213">
     <span class='ocr_line' id='line_1_111' title="bbox 2147 1195 2168 1213; baseline 0 -15"><span class='ocrx_word' id='word_1_609' title='bbox 2147 1203 2158 1213; x_wconf 45' lang='grc' dir='ltr'>ι</span> <span class='ocrx_word' id='word_1_610' title='bbox 2167 1195 2168 1198; x_wconf 70' lang='grc'>,</span> 
     </span>
    </p>
   </div>
   <div class='ocr_carea' id='block_1_28' title="bbox 2154 0 2182 2302">
    <p class='ocr_par' dir='ltr' id='par_1_34' title="bbox 2154 0 2182 2302">
     <span class='ocr_line' id='line_1_112' title="bbox 2154 0 2182 2302; baseline 0 0"><span class='ocrx_word' id='word_1_611' title='bbox 2154 0 2182 2302; x_wconf 95' lang='lat' dir='ltr'><em> </em></span> 
     </span>
    </p>
   </div>
  </div>
 </body>
</html>
