2182 3137
221 179 270 205 Aa.
293 178 322 204 c.
342 177 410 205 1730
455 169 519 201 1130

233 332 340 353 Salarium
352 337 401 352 aea·

218 360 300 379 demine
335 360 400 378 causa
647 372 651 376 .
838 371 843 377 .
950 372 955 377 .

219 385 400 406 absentibusdau-
412 376 461 402 aut
484 376 567 401 extra
590 372 722 401 ordinem
747 376 897 409 negotium
919 372 1036 411 aliquod
1059 372 1156 402 docto-

218 412 273 432 dum.

218 1601 307 1626 Tenipus
332 1603 400 1620 tamen

218 1627 329 1647 absentiae
340 1633 400 1652 prae·

219 1653 332 1679 figendum.

256 1944 286 1965 De
311 1944 401 1967 negotiis

216 1972 237 1992 in
259 1972 343 1991 civitate
364 1970 402 1990 ob-

217 1998 299 2018 eundis.

413 236 469 256 nus
492 226 593 263 obire3
617 225 755 264 syndicus
789 234 857 255 vero
879 229 907 255 et
929 225 1105 255 secretarius
1127 230 1155 256 et

414 275 509 304 officio
533 279 560 304 et
583 274 689 304 salario
711 273 791 303 illius
814 274 883 303 anni
907 274 1073 313 priventur.

453 323 508 353 [Thi
544 323 700 353 concilium
730 327 779 352 aut
815 323 894 352 iuxta
931 323 1155 353 constitutiones

412 420 495 450 ribus
519 421 561 450 vel
585 420 732 458 magistris
748 420 961 450 conficiendum
979 420 1153 458 iniunxerit,

413 469 486 499 illud
511 469 660 508 suscipere
681 473 709 498 et
731 469 888 506 diligenter
910 469 990 499 obire
1013 469 1048 498 ad
1073 478 1156 508 prae-

411 517 555 556 scriptum
578 517 695 546 concilii
722 517 908 555 obligentur,
933 527 986 547 nec
1012 517 1085 556 ipsis
1108 527 1154 546 re-

414 567 537 601 cusatio,
558 576 645 606 quam
668 567 761 596 maior
782 566 898 596 concilii
922 576 987 606 pars
1010 576 1066 596 non
1091 576 1155 605 pro-

411 615 535 653 baverit,
559 616 744 653 suffragetur.
770 615 948 645 Profecturis
970 620 1067 645 autem
1091 625 1155 654 pro-

413 665 471 694 culi
488 665 523 694 ab
542 665 690 694 academia
705 665 781 694 intra
799 665 843 694 vel
869 669 950 694 extra
973 664 1154 704 provinciam

412 713 544 743 eiusdem
567 713 734 743 academiae
767 715 852 743 causa
868 737 875 751 ,
899 714 959 743 sive
983 717 1154 752 perpetuam

411 762 472 792 sive
489 763 678 801 temporalem
698 763 866 792 cathedram
889 762 1054 799 obtineant,
1073 771 1155 800 prae-

410 815 542 849 terquam
566 811 640 850 quod
665 820 698 839 ex
724 811 876 849 privilegio
899 814 1066 849 praesentes
1089 819 1155 838 cen-

412 864 532 890 seantur
548 884 555 897 ,
580 864 748 898 competens
779 859 919 888 salarium
952 858 1152 895 attribuatur,

412 908 466 938 tria
488 909 623 938 videlicet
639 908 745 946 regalia
769 912 906 946 argentea
929 912 993 937 octo
1014 908 1153 936 iuliorum

414 957 619 996 proprietariis
642 961 723 986 extra
746 957 911 987 Cataloniae
934 956 1152 995 principatum,

410 1005 467 1034 duo
484 1014 551 1034 vero
568 1005 674 1033 ceteris
698 1004 912 1043 professoribus
927 1014 932 1032 2
951 1004 974 1033 si
991 1004 1066 1033 intra
1091 1013 1155 1042 pro—

410 1053 559 1090 vinciam,
584 1053 640 1082 duo
668 1053 776 1091 regalia
800 1052 1001 1091 proprietariis
1017 1076 1024 1089 ,
1049 1052 1154 1081 ceteris

410 1101 621 1140 sesquiregale.
656 1101 687 1130 ln
722 1101 889 1130 huiusmodi
920 1110 988 1130 vero
1019 1109 1154 1139 persona-

409 1160 474 1180 rum
499 1150 641 1179 electione
665 1153 693 1179 et
715 1158 819 1179 causae
842 1153 949 1179 statum
973 1154 1154 1188 etpersonae

409 1199 589 1229 industriam
613 1198 722 1236 singuli
745 1198 883 1236 suffragia
907 1198 995 1228 laturi
1018 1202 1154 1227 accurate

410 1249 593 1287 perpendant
617 1257 668 1287 pro
692 1248 795 1277 maiori
819 1247 984 1277 academiae
1007 1247 1092 1276 bono.

450 1297 528 1326 Nulli
553 1301 705 1336 praeterea
723 1296 914 1326 demandetur
937 1296 1103 1325 commissio
1120 1295 1154 1325 ad

410 1354 477 1376 eum
494 1345 601 1383 locum,
619 1346 648 1375 in
665 1355 720 1384 quo
738 1345 854 1385 propria
872 1345 988 1383 negotia
1005 1344 1154 1381 habuerit;

410 1403 506 1433 neque
525 1394 683 1423 lectionum
708 1397 838 1433 tempore
861 1394 1008 1432 professor
1025 1393 1156 1432 proprie-

409 1443 502 1472 tarius
525 1443 661 1481 eligatur,
683 1443 740 1472 nisi
762 1451 814 1482 pro
838 1442 962 1472 utilitate
985 1446 1013 1472 et
1035 1442 1077 1471 rei
1094 1451 1154 1471 mo-

410 1496 509 1522 mento
532 1492 572 1522 ita
595 1491 764 1522 censuerint
786 1492 860 1521 duae
884 1501 917 1521 ex
941 1491 1036 1521 tribus
1058 1491 1156 1521 conci-

411 1540 443 1569 lii
466 1540 609 1579 partibus.

454 1589 617 1618 Concilium
654 1593 751 1618 autem
795 1588 997 1618 commissario
1041 1592 1155 1627 tempus

415 1639 557 1677 praetigat
579 1638 696 1676 negotio
721 1638 926 1676 transigendo,
951 1637 1029 1677 quod
1055 1637 1155 1676 aliqua

412 1688 447 1717 de
471 1689 556 1717 causa
590 1687 742 1727 prorogari
771 1687 885 1726 poterit.
916 1687 1050 1716 Ceterum
1073 1686 1097 1715 si
1120 1686 1153 1715 ad

412 1736 523 1774 regiam
545 1736 745 1766 Matritensem
769 1736 806 1765 sit
827 1735 1010 1765 decernenda
1029 1734 1152 1772 legatio,

412 1789 471 1814 tam
493 1785 611 1814 licentia
637 1794 723 1824 quam
747 1785 866 1814 termini
889 1784 1048 1824 praeflxio,
1078 1784 1155 1813 eius-

412 1833 536 1872 demque
571 1834 757 1873 prorogatio,
782 1834 817 1863 ad
839 1842 1008 1873 supremum
1041 1833 1153 1871 regium

411 1883 569 1912 concilium
593 1882 781 1921 pertinebunt
798 1882 928 1913 omniuo.

452 1931 507 1960 Pro
529 1931 654 1969 negotiis
677 1931 754 1961 intra
777 1932 924 1961 civitatem
948 1931 1090 1961 obeundis
1106 1941 1156 1961 ex-

413 1979 605 2018 plicandisve,
627 1980 798 2018 praesertim
821 1980 1072 2017 extraordinariis,
1091 1989 1155 2018 pro-

411 2029 525 2058 curatio
543 2029 661 2058 alienia
685 2029 809 2059 concilio
832 2029 1035 2065 demandetur,
1059 2038 1155 2058 secre-

414 2077 506 2107 tarius
530 2078 668 2117 postridie
691 2078 859 2107 mandatum
875 2078 905 2107 in
921 2077 1038 2117 scriptis
1061 2078 1154 2108 tradat

413 2127 636 2164 commissariis,
658 2127 708 2165 qui
730 2127 754 2156 si
773 2127 801 2156 id
823 2127 980 2156 oscitanter
1003 2126 1155 2165 praestite-

413 2175 491 2209 rint,
517 2175 560 2204 vel
584 2175 660 2204 intra
684 2175 841 2204 terminum
866 2184 880 2204 a
904 2175 1027 2204 concilio
1052 2175 1154 2214 praefi-

412 2232 480 2253 xum
503 2223 552 2252 illa
575 2233 632 2253 non
656 2224 847 2261 confecerint,
871 2223 1054 2261 negotiorum
1078 2224 1155 2253 eius-

412 2272 490 2301 modi
514 2272 679 2311 procuratio
696 2271 731 2301 ab
753 2271 824 2312 ipsis
847 2272 882 2301 ad
904 2272 975 2302 alios
998 2273 1155 2302 transfera-

413 2326 470 2350 tur.
496 2321 650 2351 Praeterea
673 2321 734 2360 ipse
757 2322 944 2358 secretarius,
968 2321 1070 2351 diebus
1092 2321 1154 2360 qui-

414 2368 469 2399 hus
492 2370 556 2408 cogi
579 2370 652 2399 solet
670 2370 838 2405 concilium,
860 2370 970 2408 relegat
993 2379 1067 2409 quae
1089 2370 1153 2399 data

412 2418 471 2447 sint
493 2419 626 2448 mandata
655 2429 689 2448 ex
713 2419 775 2458 ipso
808 2419 1012 2448 mandatorum
1035 2419 1152 2457 codice,

413 2476 500 2505 quem
536 2472 691 2506 eapropter
724 2472 858 2507 paratum
891 2467 1006 2497 habeat.
1039 2467 1154 2498 Schola-

414 2515 506 2545 sticus
528 2525 596 2545 vero
619 2525 671 2555 pro
694 2526 746 2546 suo
768 2517 832 2546 iure
864 2516 1006 2556 quibusve
1028 2517 1155 2555 negotiis

412 2564 610 2602 transigendis
630 2565 734 2595 adesse
756 2566 874 2604 poterit.

1001 178 1184 201 BULLARIUM
1210 179 1366 202 ROMANUM

1944 179 1996 205 An.
2017 178 2046 206 C.
2063 179 2137 208 1730

1238 226 1266 256 Si
1286 226 1368 266 plura
1391 227 1449 256 sint
1471 226 1636 256 academiae
1659 226 1786 265 negotia,
1804 235 1890 266 quam
1907 231 1939 256 ut
1962 240 1982 260 1n
1994 240 2132 265 negociorum

1198 275 1366 310 ordinariis,
1383 284 1458 314 quae
1480 275 1544 313 cogi
1566 275 1670 311 solent,
1692 275 1825 304 conciliis
1848 275 1939 314 expli·
1949 267 2132 313 [ffssffssflssassfabssssj

1197 323 1258 352 cari
1271 323 1394 362 possint,
1412 324 1499 353 liceat
1513 324 1602 353 semel
1623 323 1652 352 in
1675 323 1858 353 hebdomada
1876 320 1970 363 pro·di
1989 325 2112 340 00ωὲωὲ-

1198 372 1369 410 prietarium
1393 372 1555 410 theologiae
1578 372 1787 411 professorem,
1815 376 1843 401 et
1866 372 1939 401 duos

1198 420 1306 459 pariter
1327 420 1400 449 iuris
1422 420 1574 459 utriusque
1596 419 1820 459 proprietarios,
1844 428 1940 449 secre-

1198 469 1271 499 tario
1287 473 1315 498 et
1334 470 1452 508 syndico
1468 469 1682 508 praesentibus,
1697 469 1864 507 convenire,
1878 469 1938 508 qui,

1198 523 1309 548 mature
1331 519 1366 548 de
1389 528 1420 548 re
1442 519 1542 548 habito
1565 519 1698 556 consilio,
1715 519 1793 558 quod
1811 527 1938 557 aequum

1197 567 1366 606 iustumque
1387 567 1496 605 fuerit,
1521 567 1699 604 decernant,
1723 577 1759 596 ne
1781 567 1805 596 si
1827 566 1939 596 diutius

1197 617 1232 645 ea
1247 616 1282 645 de
1298 625 1329 645 re
1352 616 1468 646 concilii
1491 616 1635 646 sententia
1660 616 1837 656 expectanda
1853 616 1938 652 foret,

1198 665 1382 702 negotiorum
1424 665 1671 704 oportunitatibus
1704 669 1732 695 et
1770 665 1938 694 academiae

1197 714 1357 743 commodis
1380 713 1587 743 detrimentum
1611 714 1761 742 afferatur.

1237 764 1310 791 Cum
1333 771 1418 800 saepe
1441 761 1608 799 contingat,
1633 763 1747 799 negotia
1772 761 1939 791 huiusmodi
1964 775 1986 795 tn
2001 776 2064 796 rebus
2079 775 2136 796 ana-
2170 774 2171 779 ¹

1951 808 1995 822 rum
2008 802 2133 822 facultatum
2170 799 2171 802 ’

1197 811 1225 839 in
1250 811 1491 840 deliberationem
1514 811 1630 847 cadere,
1654 820 1728 850 quae
1750 811 1787 840 ita
1813 811 1940 850 peculia·
1950 828 2048 849 ductores
2086 831 2132 848 [an.
2170 820 2172 846 t

1197 860 1269 889 riter
1291 860 1325 889 ad
1348 860 1473 889 aliarum
1499 860 1671 890 facultatum
1694 860 1828 889 doctores
1850 860 1941 899 perti·
1951 855 2132 880 3²⁰²³¹³⁰⁵d²⁰⁰⁹
2170 852 2172 888 ἶ

1949 881 2030 905 nendis,
2058 881 2134 902 horum
2170 899 2172 910 ‚

1197 913 1306 945 neant,
1339 913 1370 938 ut
1404 909 1493 938 ceteri
1526 918 1581 938 non
1606 909 1677 938 satis
1710 909 1860 938 commode
1889 908 2135 956 illaggssgzrsfeffissiflgfn·
2170 925 2171 929 =

1197 966 1372 994 cognoscere
1395 961 1423 986 et
1445 957 1591 996 explicare
1621 957 1750 995 possint,
1777 958 1810 987 ea
1842 957 1877 986 de
1908 966 1939 986 re

1197 1005 1353 1034 concilium
1376 1005 1449 1034 nihil
1472 1010 1538 1034 ante
1561 1006 1725 1043 decernat,
1755 1014 1842 1044 quarn
1859 1005 1940 1035 iltius

1197 1054 1342 1083 facultatis
1358 1055 1549 1093 professores,
1564 1054 1775 1083 consultatione
1791 1063 1878 1093 super
1894 1063 1940 1083 ar-

1198 1102 1288 1131 ticulo
1311 1103 1459 1141 proposito
1475 1103 1617 1132 maturius
1640 1102 1750 1140 habita,
1771 1102 1938 1132 audiantur.

1237 1151 1277 1180 Ne
1293 1151 1479 1189 secretarius,
1500 1151 1527 1180 in
1546 1151 1776 1181 transcribendis
1794 1151 1940 1189 suffragiis
1976 1162 2007 1183 Do
2019 1162 2137 1193 sum-agiis,

1197 1200 1376 1239 conciliique
1396 1200 1534 1238 decretiS,
1552 1200 1744 1240 querimoniis
1767 1201 1812 1239 (ut
1828 1188 2111 1237 contin-,025200‘55'22ff1u0

1197 1258 1266 1286 gere
1288 1249 1373 1278 facile
1402 1249 1469 1288 est)
1493 1249 1530 1278 sit
1561 1248 1724 1285 obnoxius,
1748 1249 1940 1278 scholasticus

1198 1302 1226 1326 et
1238 1297 1339 1327 doctor
1354 1298 1502 1336 antiquior
1514 1298 1670 1335 diligenter
1686 1298 1852 1337 inspiciant,
1868 1308 1939 1328 num

1198 1346 1311 1384 singula
1336 1346 1461 1376 fideliter
1483 1346 1512 1375 in
1536 1351 1597 1375 acta
1621 1347 1711 1376 relata
1735 1347 1809 1385 sint,
1834 1347 1940 1386 quibus

1198 1395 1302 1424 deinde
1325 1395 1491 1425 subscribat
1513 1395 1674 1434 antiquior,
1698 1399 1725 1425 et
1748 1396 1824 1425 infra
1846 1405 1941 1425 secre-

1199 1444 1290 1473 tarius
1305 1467 1312 1481 ,
1336 1442 1470 1473 absoluto
1492 1443 1589 1473 statim
1617 1448 1763 1473 conventu
1784 1448 1941 1483 antequam

1198 1492 1386 1522 conciliarem
1403 1493 1498 1521 aulam
1516 1492 1713 1530 egrediantur.
1732 1492 1761 1521 Si
1785 1502 1853 1522 vero
1875 1502 1942 1531 pro-

1198 1541 1295 1570 lixiori
1319 1541 1430 1570 calamo
1459 1550 1509 1570 seu
1533 1541 1694 1579 scriptione
1716 1550 1762 1570 res
1785 1545 1887 1579 egeat,
1911 1541 1940 1571 id

1198 1590 1294 1629 ipsum
1330 1590 1470 1629 postridie
1504 1590 1645 1628 praestari
1680 1590 1796 1628 poterit.
1821 1590 1940 1625 Quoties

1198 1638 1252 1667 hoc
1285 1638 1517 1677 praetermiserit
1549 1638 1747 1676 secretarius,
1771 1638 1939 1677 quingentis

1197 1688 1386 1726 1norapetinis
1406 1686 1596 1717 mulctabitur
1610 1709 1617 1723 ‚
1634 1687 1747 1716 aerario
1772 1686 1939 1716 academiae

1196 1736 1367 1765 inferendis.

1236 1785 1314 1815 Nulli
1337 1795 1465 1824 unquam
1495 1785 1696 1815 commissario
1730 1785 1836 1824 poterit
1862 1785 1940 1815 dele·
1963 1799 2021 1823 Quae
2036 1800 2081 1820 sine
2098 1805 2133 1820 su-

1196 1843 1265 1872 gare
1287 1834 1444 1864 concilium
1471 1838 1503 1864 ut
1528 1834 1563 1863 ad
1593 1833 1807 1863 thesaurarium
1837 1834 1940 1864 acade-

1198 1883 1273 1912 miae
1295 1883 1426 1912 solvendi
1456 1883 1626 1914 mandatum
1656 1882 1794 1912 decernat
1821 1886 1869 1912 aut
1891 1879 2071 1932 ‹ix-{lissgssngffl‘i
2095 1886 2135 1900 ne·
2170 1892 2171 1904 ³

1198 1931 1310 1970 pertint,
1335 1941 1388 1961 nec
1417 1931 1480 1971 ipse
1512 1931 1702 1961 scholasticus
1730 1931 1863 1961 mandata
1889 1932 1940 1961 hu-

1196 1980 1322 2010 iusmodi
1351 1981 1387 2010 ad
1419 1981 1554 2010 eumdem
1588 1980 1803 2010 thesaurarium
1836 1990 1888 2019 per
1909 1990 1940 2010 se

1197 2030 1384 2067 decernere3
1409 2029 1538 2069 alioquin
1567 2029 1651 2059 irrita
1684 2029 1742 2059 sint
1770 2029 1888 2059 omnino
1910 2034 1940 2059 et

1196 2079 1308 2115 inania,
1323 2088 1377 2108 nec
1393 2088 1493 2108 eorum
1506 2078 1580 2108 ratio
1597 2078 1710 2117 uspiam
1727 2078 1881 2117 habeatur,
1895 2078 1940 2108 ni-

1197 2128 1220 2157 si
1244 2132 1303 2158 toto
1325 2127 1519 2166 approbasse¹
1539 2127 1662 2156 concilio
1679 2136 1730 2166 per
1746 2127 1938 2156 secretarium

1197 2180 1225 2206 et
1256 2177 1478 2206 ratiocinatores
1510 2175 1676 2214 subscripta
1704 2175 1823 2204 fuerint.
1853 2175 1938 2205 Nulla

1197 2225 1306 2264 pariter
1328 2225 1388 2254 sive
1411 2224 1586 2254 scholastico
1608 2225 1669 2253 sive
1692 2223 1816 2253 concilio
1838 2224 1876 2253 sit
1898 2224 1940 2253 fa-

1196 2274 1289 2303 cultas
1304 2273 1346 2303 vel
1363 2273 1501 2303 salarium
1515 2272 1634 2302 creandi
1647 2273 1690 2302 vel
1704 2277 1786 2302 vetus
1799 2272 1936 2310 augendi.

1196 2323 1225 2352 Si
1249 2331 1317 2352 vero
1343 2332 1390 2351 res
1413 2322 1453 2351 ita
1475 2322 1617 2359 suadeat,
1637 2326 1666 2351 et
1688 2321 1762 2351 duae
1784 2330 1818 2350 ex
1841 2320 1937 2351 tribus

1196 2371 1315 2400 concilii
1337 2370 1469 2410 partibus
1492 2370 1699 2407 consentiant,
1724 2374 1882 2409 utrumque
1903 2369 1939 2399 li-

1196 2419 1290 2455 cebit,
1313 2428 1372 2448 non
1395 2424 1493 2448 tamen
1510 2419 1590 2458 prius
1608 2427 1694 2458 quam
1718 2418 1848 2457 supremi
1863 2418 1938 2457 regii

1196 2468 1310 2498 consilii
1333 2472 1361 2497 et
1384 2476 1545 2497 consensus
1563 2471 1592 2496 et
1614 2466 1786 2506 approbatio
1808 2475 1939 2496 accesse-

1196 2518 1244 2547 rit.
1265 2517 1295 2547 Si
1312 2526 1396 2547 secus
1413 2517 1474 2555 fiat,
1493 2517 1658 2556 dependant
1673 2516 1703 2546 in
1720 2516 1859 2546 mulctam
1875 2515 1936 2546 sin-

1233 2572 1241 2596 1
1269 2570 1370 2597 Forsan
1391 2570 1572 2605 approbante
1592 2570 1628 2603 (R.
1646 2570 1694 2603 T.).

1950 1826 2014 1851 premi
2051 1827 2133 1847 cot-<itii
2170 1841 2171 1852 ,

1950 1853 2003 1878 regii
2026 1853 2134 1879 approba·
2170 1863 2171 1866 =
