2182 3137
207 177 258 209 An.
275 177 307 204 c.
327 175 398 202 ¹730
443 166 488 199 94

265 2132 297 2152 Do
331 2132 398 2159 culpis

215 2159 323 2184 grawbus.

400 224 517 253 ctionem
545 223 591 253 vel
621 227 732 253 contum
763 232 818 252 non
842 222 1014 262 providerit,
1040 222 1065 251 si
1086 222 1147 261 quis

402 272 498 310 leqerit
519 275 567 301 aut
588 272 742 302 cantaverit
763 271 853 308 aliud,
870 280 952 310 quam
967 271 1147 300 communiter

399 321 529 350 monachi
560 325 671 350 cantant
702 320 744 350 vel
776 320 892 358 legunt:
920 320 945 349 si
974 320 1004 349 in
1031 319 1147 349 cameris

400 371 519 409 privatis
536 371 681 409 quisquam
701 370 790 409 fuerit
812 369 900 408 capite
915 378 969 398 non
985 372 1076 407 operto
1089 379 1099 403 ,·
1122 369 1147 398 si

402 419 465 456 quis
496 418 627 447 dissolute
657 417 784 456 ridendo,
808 418 866 446 sive
897 417 970 446 dicta
1000 416 1045 446 vel
1073 418 1147 455 facta

402 466 513 496 ludiora
544 477 592 496 seu
624 467 754 496 irrisoria
784 466 897 496 dicendo
928 469 975 495 aut
1006 465 1145 505 faciendo,

402 515 472 545 alios
494 516 528 545 ad
548 516 637 545 risum
653 516 847 552 provocaverit
859 526 869 549 ;
902 515 927 544 si
958 524 1036 552 vagos
1057 513 1148 544 oculos

401 575 453 604 per
475 565 533 594 vias
551 569 597 594 aut
618 565 734 604 plateas,
751 565 807 593 sive
822 564 880 593 loca
899 564 955 594 alia
974 563 1086 602 publica
1106 563 1148 592 vel

400 613 533 652 privata,
557 614 622 643 hinc
641 614 705 643 inde
726 613 866 642 inhoneste
889 613 1021 650 du.1·erit;
1042 612 1066 641 si
1088 613 1148 650 quis

405 661 619 691 benedictionem
640 671 694 691 non
716 662 851 700 receperit
866 672 882 691 a
897 663 1001 700 priore,
1018 670 1080 690 cum
1101 670 1149 690 ea:-

405 714 450 739 tra
471 714 556 740 metas
578 711 747 746 monasterii,
764 709 815 739 illa
837 710 880 739 die
901 719 954 738 non
975 719 1147 745 reversurus,

405 760 515 794 eoeierit,
539 764 587 788 aut
608 760 716 798 quando
744 759 775 788 ab
797 763 877 788 eoetra
898 759 932 787 ad
953 759 1148 787 monasterium

405 808 532 842 venerii,-
555 809 578 837 si
600 807 743 837 dormierit
775 808 806 837 in
833 807 913 837 choro
943 807 1008 836 dum
1029 807 1147 846 officium

404 857 435 895 fit
456 857 604 891 diuinum,·
634 857 658 885 si
679 857 788 885 statutis
810 855 977 895 temporibus
998 855 1149 884 audiendae

405 904 516 934 lectioni
550 915 604 934 non
636 905 729 939 adsit;
760 904 784 933 si
805 908 965 933 ornamenta
986 903 1084 932 altaris
1105 903 1149 933 vel

404 953 532 983 ecclesiae
554 953 724 992 neqliycnter
746 954 905 983 tractaverit
917 964 928 987 ,·
951 953 975 982 si
998 952 1080 982 libros
1102 956 1149 981 aut

405 1002 520 1042 aliqua,
545 1012 613 1040 quae
635 1002 688 1031 sibi
710 1002 819 1040 suerint
847 1010 900 1040 pro
927 1001 971 1030 sui
992 1002 1149 1029 necessitate

405 1050 522 1084 collata,
547 1055 667 1088 tempore
698 1049 868 1079 convenienti
889 1058 942 1077 nou
973 1049 1126 1078 reddiderit
1138 1060 1148 1082 ,·

405 1099 430 1127 si
452 1098 522 1127 liber
549 1099 579 1127 in
607 1102 741 1127 conventu
764 1097 892 1135 leyendus
914 1096 1034 1126 alieuius
1062 1096 1148 1135 neyli-

402 1147 496 1184 gentili
518 1147 618 1175 ibidem
639 1146 761 1184 defuerit
774 1156 784 1179 ,·
807 1147 831 1173 si
853 1144 996 1174 scutellum
1011 1149 1059 1174 aut
1074 1146 1150 1183 quic-

406 1204 487 1232 quam
509 1194 587 1223 aliud
608 1195 723 1232 fregerit
745 1203 791 1222 seu
814 1193 970 1232 perdiderit
982 1205 993 1227 ,·
1014 1194 1039 1222 si
1060 1193 1149 1222 cibum

405 1247 453 1271 aut
486 1244 578 1272 vinum
610 1243 762 1282 effuderit,
796 1246 844 1272 aut
875 1243 935 1271 sine
967 1242 1150 1272 benedictione

406 1293 554 1330 sumpserit
566 1303 577 1326 ;
600 1293 624 1320 si
645 1292 680 1320 ad
701 1301 823 1320 mensam
844 1291 939 1320 sedens
960 1300 1148 1329 communem,

406 1340 552 1377 quicquam
574 1339 627 1368 cibi
648 1349 695 1367 seu
715 1343 796 1377 potus
814 1339 980 1377 9ustaverit,
1004 1343 1150 1377 antequam

406 1387 489 1416 lector
513 1387 601 1425 legere
623 1388 740 1426 incipiat
764 1391 791 1416 et
816 1388 865 1426 fiat
886 1387 994 1425 siynum
1016 1388 1051 1416 ad
1075 1389 1150 1426 rese-

406 1437 504 1465 ctionis
526 1437 639 1466 initium
651 1447 662 1471 ,·
685 1437 710 1466 si
729 1445 781 1475 per
796 1435 990 1474 negligentiam
1006 1437 1150 1475 quisquam

407 1485 437 1513 in
457 1485 599 1524 principio
614 1484 742 1524 capituli,
759 1485 910 1514 communis
927 1486 1086 1524 refectionis
1107 1485 1151 1514 vel

408 1533 561 1563 collationis
580 1544 711 1573 praesens
733 1544 787 1563 non
808 1534 919 1573 suerit:
952 1535 976 1563 si
1004 1535 1066 1572 quis
1088 1543 1151 1564 cum

407 1583 561 1612 iuramento
588 1583 735 1621 quicquam
753 1583 934 1621 affirmaverit
962 1592 1009 1612 seu
1038 1593 1152 1621 negave-

407 1631 445 1659 rit
457 1642 467 1664 ,·
497 1631 521 1659 si
548 1631 623 1659 rerba
648 1641 721 1659 vana
745 1631 786 1660 vel
810 1631 951 1660 inhonesta
978 1631 1127 1670 protulerit
1140 1643 1149 1666 ,-

406 1682 432 1708 si
452 1681 513 1718 quis
536 1681 565 1709 in
587 1681 683 1719 officiis
704 1681 798 1709 domus
817 1680 868 1710 sibi
887 1681 1037 1709 commissis
1065 1681 1152 1719 negli-

405 1738 473 1766 gens
487 1730 644 1767 reperitur,·
667 1730 691 1758 si
711 1730 772 1766 quis
792 1728 935 1757 silentium
956 1738 1008 1758 non
1029 1739 1152 1758 servave-

407 1778 468 1810 rit,·
489 1778 514 1806 si
533 1781 648 1816 propter
671 1778 787 1814 victum,
804 1777 846 1806 vel
862 1778 1001 1813 cestuum,
1024 1781 1072 1807 aut
1093 1787 1151 1807 rem

407 1824 502 1862 aliam,
524 1826 753 1854 murmuraverit.
777 1824 895 1864 Propter
920 1827 1016 1864 culpas
1039 1827 1153 1864 praedi-

407 1877 464 1902 ctas
485 1873 530 1902 vel
552 1873 668 1911 similes,
686 1873 914 1902 committentibus
931 1873 996 1902 illas
1015 1875 1096 1912 prior
1117 1874 1152 1902 ud

408 1921 557 1951 arbitrium
588 1931 669 1950 suum
691 1922 813 1958 imponat
830 1922 1029 1960 poenitentium
1043 1945 1051 1959 ‚
1081 1923 1151 1951 sicut

407 1970 507 1999 viderit
528 1970 668 2009 erpedire.
1032 1972 1033 1975 ’

608 2045 803 2075 Εοκετιτϊτιο
825 2045 948 2075 xxvm.

449 2115 550 2146 Gravis
571 2117 652 2156 culpa
674 2121 733 2154 est,
762 2118 786 2146 si
807 2117 955 2146 monachus
976 2126 1038 2146 cum
1059 2126 1151 2146 mona-

408 2165 457 2194 cho
486 2165 526 2194 vel
554 2175 616 2195 cum
637 2165 775 2195 saeculari
796 2167 823 2194 in
844 2167 1003 2204 praesentia
1028 2166 1152 2195 saecula-

407 2215 484 2243 rium
505 2215 643 2244 inhoneste
665 2215 832 2244 contenderit
843 2226 854 2249 ,·
876 2215 901 2244 si
922 2214 1068 2243 monachus
1089 2224 1151 2243 cum

408 2264 538 2293 monacho
560 2264 652 2301 iurgia
673 2263 718 2293 rel
738 2264 816 2292 rimas
839 2272 1005 2302 quocumque
1027 2263 1082 2292 loco
1105 2263 1152 2292 ha-

409 2312 499 2342 buerit
511 2323 522 2346 ;
551 2313 575 2342 si
597 2312 727 2341 monacho
749 2312 791 2342 vel
812 2311 949 2341 saeculari
980 2312 1152 2341 inhonestum

410 2361 477 2399 quid
499 2361 624 2395 di,rerz't‚·
658 2361 681 2390 si
707 2361 768 2399 quis
794 2360 1015 2399 deprehendatur
1035 2362 1153 2390 scienter

408 2410 583 2439 mendacium
601 2409 749 2449 protulisse
760 2420 771 2444 ‚·
793 2410 818 2439 si
840 2411 901 2448 quis
922 2409 1051 2439 monacho
1071 2419 1153 2449 prae-

409 2459 520 2487 teritam
540 2458 661 2497 culpam,
674 2467 726 2497 pro
744 2467 798 2496 qua
818 2458 963 2497 satisfecit,
982 2460 1154 2497 impropera-

408 2508 480 2536 verit
492 2518 503 2541 ‚·
526 2508 550 2536 si
572 2517 735 2546 quemquam
757 2508 941 2546 increpaverit
959 2516 1012 2546 pro
1033 2517 1063 2537 eo
1085 2508 1154 2546 quod

409 2555 441 2585 de
463 2556 522 2594 ipso
544 2556 703 2594 increpante
724 2557 753 2586 iu
771 2555 892 2595 capitulo
918 2556 1152 2595 proclamaverit3

992 173 1174 198 BULLARIUM
1198 174 1355 198 ROMANUM

1188 222 1213 251 si
1234 222 1264 252 in
1285 223 1479 252 consuetudine
1510 222 1621 252 duxerit
1652 231 1707 252 non
1736 225 1827 251 tenere
1848 221 1932 252 silen-

1189 271 1259 299 tium
1270 282 1282 305 ‚·
1304 271 1328 300 si
1348 271 1379 300 in
1400 271 1513 301 latrinis
1527 280 1575 300 seu
1587 271 1707 309 privatis
1722 270 1864 300 silentium
1878 281 1932 300 non

1189 320 1341 349 servaverit
1353 332 1363 354 ,·
1385 321 1410 349 si
1433 319 1544 359 culpam
1565 329 1643 348 suam
1665 319 1706 348 vel
1727 319 1842 349 alterius
1870 329 1932 349 cum

1189 368 1318 407 superbia
1340 368 1493 408 defenderit
1504 380 1515 403 ,·
1548 369 1573 397 si
1605 369 1665 407 quis
1695 369 1769 397 iuter
1789 368 1932 398 monachos

1189 416 1338 446 discordias
1350 418 1527 447 seminaverit
1533 428 1544 452 ,·
1557 417 1581 446 si
1593 416 1789 456 proclamando
1800 416 1930 455 aliquem,

1189 465 1312 503 iurgium
1344 475 1392 495 seu
1423 466 1605 496 turbationem
1636 467 1733 505 feeerit
1745 477 1755 500 ‚·
1788 466 1812 495 si
1837 470 1933 495 contra

1189 513 1309 552 aliquem
1329 515 1537 544 comminatoria
1564 524 1611 544 seu
1624 514 1809 554 opprobriosa
1829 514 1871 544 vel
1892 515 1933 544 ir-

1190 562 1318 600 religiosa
1340 563 1422 592 verba
1441 562 1591 602 protulerit
1603 574 1613 598 ‚·
1631 563 1656 592 si
1676 562 1810 592 malitiose
1831 562 1863 591 de
1884 571 1932 591 suo

1185 611 1293 647 priore,
1311 615 1357 640 aut
1373 611 1404 640 de
1419 612 1477 641 suis
1491 611 1640 645 monachis,
1657 610 1752 649 aliqua
1766 610 1850 648 mala,
1865 620 1933 649 quae

1188 659 1306 698 probare
1321 669 1375 689 non
1394 661 1491 699 possit,
1511 660 1679 694 evomuerit:
1702 660 1726 688 si
1748 661 1778 688 in
1798 660 1933 698 feminam

1190 707 1280 737 oculos
1302 709 1395 747 fixerit
1409 733 1415 743 ,
1439 713 1465 738 et
1497 708 1545 737 hoc
1565 710 1595 737 in
1617 717 1696 737 usum
1719 708 1863 745 habuerit,
1884 711 1933 738 aut

1191 766 1252 786 cum
1283 760 1315 786 ea
1346 757 1418 786 solus
1449 757 1479 786 in
1513 757 1567 786 loco
1592 761 1715 795 suspecto
1737 756 1887 794 loquatur,·
1909 757 1933 786 si

1191 805 1250 833 sine
1271 807 1353 834 causa
1374 808 1399 834 et
1420 805 1519 844 absque
1540 804 1652 834 licentia
1683 805 1789 834 ieiunia
1807 813 1859 843 per
1880 803 1934 833 Ec-

1191 852 1302 882 clesiam
1323 853 1364 883 vel
1388 852 1517 883 Ordinem
1538 857 1640 882 statuta
1666 853 1800 887 solverit:
1827 853 1852 882 si
1873 853 1934 891 quis

1192 901 1226 930 ad
1244 901 1364 940 aliquem
1386 902 1475 931 locum
1495 903 1615 939 missus,
1636 906 1698 931 ante
1725 901 1768 930 cel
1798 905 1859 940 post
1880 906 1933 930 ter-

1191 950 1298 978 minum
1316 951 1500 988 assigynatwn,
1518 951 1576 979 sine
1594 949 1750 979 rationabili
1771 951 1865 987 causa,
1889 959 1934 978 re-

1192 997 1286 1028 dierit.
1310 998 1364 1027 Pro
1387 998 1542 1027 huiusmodi
1564 998 1663 1037 culpis,
1681 1003 1705 1027 et
1722 998 1764 1026 his
1778 997 1930 1034 similibus,

1191 1046 1300 1074 veniam
1319 1049 1423 1084 petens,
1447 1050 1471 1074 et
1498 1055 1552 1074 non
1577 1046 1774 1084 proclamatus,
1798 1055 1881 1074 unam
1904 1046 1934 1075 in

1191 1093 1312 1131 capitulo
1334 1094 1483 1123 substineat
1505 1093 1693 1132 disciplinam,
1716 1097 1799 1132 prout
1819 1094 1851 1123 in
1869 1103 1935 1132 pro-

1191 1143 1268 1172 ,τὶηιιῖ
1289 1143 1413 1181 sequenti
1427 1143 1618 1171 constitutione
1636 1142 1810 1177 describitur,
1828 1151 1860 1171 ac
1882 1151 1935 1172 uno

1191 1192 1235 1221 die
1256 1193 1286 1221 in
1305 1202 1378 1231 pane
1399 1196 1424 1221 et
1445 1195 1517 1231 aqua
1538 1192 1653 1222 ieiunet.
1671 1192 1851 1222 Denunciatis
1872 1202 1935 1222 uero

1189 1241 1358 1278 poenitentia
1380 1240 1547 1279 duplicetur,
1577 1245 1603 1270 et
1632 1240 1706 1270 ultra
1737 1241 1784 1270 boc
1812 1242 1935 1280 imponat

1193 1288 1251 1318 ill-is
1271 1291 1352 1327 prior
1371 1289 1491 1328 psalmos
1513 1293 1538 1318 et
1559 1290 1665 1324 venias,
1688 1290 1759 1319 sicul
1780 1289 1833 1319 sibi
1853 1299 1935 1329 expe-

1192 1337 1251 1366 dire
1272 1337 1418 1367 videbitur.

1409 1412 1603 1443 Coxsmuno
1625 1412 1721 1442 XXIX.

1234 1482 1349 1513 Gravior
1364 1484 1447 1522 culpa
1467 1489 1505 1513 est
1518 1507 1525 1521 ‚
1549 1485 1574 1513 si
1589 1485 1649 1523 quis
1662 1495 1713 1524 per
1727 1485 1934 1519 contumaciam,

1192 1531 1237 1561 vel
1258 1533 1437 1571 manifestam
1459 1532 1646 1568 rebellionem,
1664 1537 1712 1562 aut
1733 1533 1824 1563 verbis
1845 1539 1938 1563 contu-

1193 1579 1312 1610 meliosis
1331 1581 1424 1619 priori
1445 1590 1493 1610 suo
1512 1590 1563 1620 per
1584 1581 1656 1610 diem
1678 1583 1813 1619 inteqram
1846 1583 1939 1612 inobe-

1193 1630 1270 1658 diens
1302 1630 1426 1659 ea‘titerit
1442 1653 1448 1664 ,
1472 1629 1514 1658 vel
1535 1630 1559 1658 si
1580 1639 1642 1658 eum
1663 1640 1692 1658 eo
1715 1631 1789 1659 intus
1810 1630 1851 1659 vel
1868 1632 1938 1670 foris

1192 1682 1317 1717 proterve
1336 1679 1487 1716 persistens
1508 1678 1539 1707 in
1562 1680 1612 1707 suri
1641 1679 1747 1708 duritia
1769 1679 1864 1708 saltem
1885 1689 1939 1718 per

1194 1726 1274 1763 diem,
1296 1735 1349 1755 non
1371 1727 1541 1755 consentiens
1563 1727 1688 1761 veritati,
1717 1727 1791 1756 omni
1812 1737 1939 1757 reveren-

1194 1776 1235 1803 tia
1255 1779 1280 1803 et
1299 1777 1415 1813 paterno
1431 1775 1528 1804 timore
1541 1776 1711 1814 postpositis,
1729 1776 1808 1813 quasi
1822 1776 1854 1804 de
1873 1776 1939 1814 pari

1193 1824 1352 1853 contendere
1382 1834 1465 1853 ausus
1497 1825 1607 1863 suerit;
1639 1826 1664 1854 si
1691 1825 1779 1857 habito
1800 1825 1941 1854 eumalio

1193 1873 1237 1902 vel
1254 1873 1318 1902 aliis
1340 1873 1463 1910 consilio,
1489 1874 1545 1903 sive
1565 1883 1617 1913 por
1638 1874 1868 1911 coniurationem,
1890 1878 1939 1903 aut

1193 1921 1358 1951 malitiosam
1388 1923 1571 1959 concordiam,
1604 1932 1633 1952 se
1665 1923 1811 1961 manifeste
1843 1927 1939 1952 contra

1193 1980 1273 1999 suum
1292 1972 1416 2010 priorem
1437 1973 1582 2006 ere.1rerit;
1615 1972 1640 2000 si
1659 1975 1802 2010 peccatum
1823 1972 1939 2001 mortale

1194 2021 1339 2059 manifeste
1363 2021 1527 2050 commiserit
1538 2032 1548 2054 ,·
1584 2021 1607 2049 si
1629 2021 1659 2049 in
1682 2020 1786 2049 Ordine
1812 2029 1940 2059 perseve-

1194 2070 1291 2103 rando,
1315 2070 1359 2098 sui
1380 2071 1470 2108 ipsius
1491 2070 1691 2107 exemptionem
1723 2069 1755 2097 ab
1788 2068 1940 2098 obedientia

1193 2122 1289 2147 contra
1318 2118 1442 2156 priorem
1473 2126 1554 2145 suum
1583 2117 1802 2155 procurcwerit,·
1835 2117 1860 2146 si
1880 2126 1940 2146 rem

1193 2166 1246 2196 sibi
1278 2166 1405 2195 collatam
1438 2161 1557 2194 scienter
1585 2164 1724 2194 celaverit.
1750 2163 1805 2199 Qui
1826 2165 1940 2201 culpam

1194 2215 1317 2253 aliquam
1339 2214 1372 2243 de
1390 2214 1543 2252 praedictis
1573 2213 1750 2242 voluntarius
1783 2213 1827 2242 cel
1861 2223 1940 2243 accu-

1194 2268 1268 2293 satus
1290 2264 1322 2293 de
1351 2263 1403 2293 illa
1430 2273 1458 2293 se
1483 2263 1648 2292 commisisse
1680 2264 1820 2301 confessus
1851 2263 1940 2301 fuerit

1194 2316 1242 2342 aut
1263 2313 1419 2347 convictus,
1443 2316 1479 2341 tot
1500 2312 1611 2350 diebus,
1635 2315 1698 2350 quot
1726 2311 1821 2351 priori
1851 2312 1941 2341 visum

1194 2363 1293 2401 fuerit,
1317 2362 1515 2401 poenitentiam
1545 2361 1693 2391 substineat
1715 2361 1938 2400 subsequentem,

1194 2411 1341 2441 videlieet:
1364 2411 1457 2440 Eoeutci
1478 2411 1617 2450 superiori
1644 2411 1758 2444 tunica,
1783 2410 1893 2440 brachio
1915 2413 1941 2439 et

1194 2459 1309 2499 scapula
1330 2460 1486 2498 denudatis,
1502 2460 1678 2499 percutiatur
1699 2469 1762 2489 cum
1783 2459 1869 2497 virgis
1886 2468 1941 2498 per

1194 2517 1307 2538 manum
1326 2509 1432 2548 prioris
1452 2509 1483 2538 in
1504 2507 1627 2547 capitulo
1647 2508 1690 2537 vel
1710 2508 1860 2547 refectorio
1878 2510 1941 2545 post

1195 2557 1408 2587 benedictionem
1423 2567 1531 2586 mensae
1552 2559 1582 2586 in
1600 2557 1695 2596 primii
1710 2557 1858 2594 resectione
1879 2564 1941 2585 cum

2000 1502 2032 1522 Do
2064 1502 2135 1529 carpis
2179 1523 2182 1527 Α

1948 1529 2090 1554 gravioribus.
