2182 3137
190 283 238 308 Ᾱιι,
259 283 287 308 (Σ.

313 283 377 308 1732

424 273 487 305 till)

385 330 453 366 cim,
471 330 529 360 sint
545 333 655 369 septem
680 331 856 368 sacerdotes,
877 334 934 360 tres
952 331 1010 360 sint
1026 329 1126 360 clerici

385 382 413 408 et
435 382 493 408 tres
522 379 606 416 laici,
632 379 681 418 qui
711 389 811 409 omnes
840 381 899 410 siut
929 380 958 410 in
982 379 1125 418 religiosis

386 427 542 457 virtutihus
577 428 765 457 ornatiores:
800 429 829 458 in
863 439 919 468 quo
951 429 1125 459 discretorio

385 480 481 505 tamen
505 485 621 515 semper
644 477 738 505 locum
762 477 879 507 habt-bit
895 477 1022 507 vicarius
1041 487 1126 515 gene-
1146 495 1147 500 =

385 524 467 557 ralis,
493 524 582 562 prior,
602 528 640 561 et,
659 525 798 564 quamdiu
823 525 932 562 vivant,
958 526 1126 555 fundatores
1146 540 1147 564 g

385 576 565 609 conventus,
594 574 684 602 ceteri
707 578 804 603 autem
828 584 879 613 per
901 574 1053 604 schedulas
1076 575 1126 604 eli-

385 625 492 656 gantur
514 631 528 649 a
553 623 609 650 tota
634 623 856 660 communitate,
887 628 917 652 ut
944 624 1019 652 int‘ra
1050 624 1127 653 ‹tice-

386 674 445 697 tur.
469 668 499 698 lu
523 670 656 699 iacienda
679 671 819 701 electione
843 671 949 711 prioris
968 676 995 701 et
1017 672 1127 701 discre-

386 722 481 747 torum
506 718 574 748 haec
597 719 753 749 methodus
775 720 966 750 observetur:
992 721 1041 750 Die
1070 725 1127 750 sta-

386 768 448 795 tuta
471 776 521 805 pro
544 767 686 797 electione
709 778 810 799 omnes
834 770 1029 799 confiteantur
1063 779 1127 809 pec-

386 819 448 844 cata
483 825 532 845 sua
548 840 555 853 ‚
580 821 629 854 et,
654 817 703 856 qui
736 827 793 847 non
816 819 986 856 celebrant,
1011 824 1127 848 sumant

385 864 603 894 sanctissimum
641 866 847 897 Eucharistiae
884 872 1098 897 sacramentum
1117 879 1124 905 3

386 913 492 943 deinde
516 923 616 944 omues
634 914 660 943 in
679 915 802 945 ecclesia
825 917 1001 946 conveniant.
1024 918 1057 946 ad
1078 927 1126 946 au-

385 961 525 991 diendum
559 963 593 991 de
626 963 769 1001 eligendis
801 973 965 994 sermonem
999 974 1013 994 a
1045 970 1126 1004 patre

385 1010 493 1039 vicario
529 1012 660 1048 generali
698 1012 883 1049 l'acicmlum,
918 1019 944 1042 et
980 1014 1127 1044 celebrata

386 1058 476 1087 missa
498 1059 532 1088 de
551 1060 661 1098 Spiritu
678 1059 796 1097 Sancto,
814 1062 994 1101 recitataque
1018 1063 1127 1101 hymno
1147 1058 1149 1076 ³

389 1106 455 1135 l'enz'
479 1107 599 1140 Creator,
631 1112 694 1140 etc„
730 1117 794 1137 cum
826 1110 1008 1139 orationihus
1039 1116 1068 1141 nt
1098 1112 1126 1142 in

385 1156 603 1191 caeremoniali,
627 1156 734 1194 singuli
757 1157 786 1186 in
810 1166 891 1187 suam
915 1159 1016 1188 cellam
1037 1170 1067 1189 se
1084 1170 1129 1191 re-

386 1204 507 1242 cipiant,
532 1208 559 1233 et
583 1204 611 1233 iu
635 1205 802 1243 schedulis,
827 1206 861 1235 ad
894 1207 971 1236 huuc
992 1209 1126 1238 etl'ectum

386 1252 504 1281 υιιιιιίιιο
527 1252 672 1282 similibus·
694 1253 787 1288 datis,
813 1256 1000 1286 conscribant
1023 1267 1127 1288 nomen

386 1300 464 1330 illius
494 1301 537 1329 vel
568 1301 686 1330 illorum
718 1312 790 1340 quos
817 1303 925 1341 eligere
948 1304 1126 1343 intendunt,

385 1348 488 1378 deinde
511 1350 577 1379 dato
600 1350 682 1388 signo
706 1360 772 1380 cum
795 1353 987 1391 campanula,
1022 1354 1128 1384 iterum

386 1406 486 1426 oxintes
510 1398 543 1427 ad
566 1399 720 1428 ecclesiam
744 1401 931 1439 conveniant,
950 1406 978 1431 et
1000 1403 1129 1433 recitatis

387 1446 496 1476 litaniis
529 1447 578 1477 SS.
605 1447 733 1486 Virginis
766 1453 794 1479 et
828 1451 938 1489 septies
971 1452 1128 1491 antiphona

385 1494 468 1523 Salre
490 1494 604 1533 Regina,
622 1497 790 1536 incipiendo
813 1508 827 1527 a
851 1499 1016 1529 senioribus
1039 1505 1067 1530 et
1089 1502 1130 1531 di-

386 1544 550 1583 guiorihus,
569 1550 694 1584 ponatur
716 1547 853 1577 schedula
878 1548 906 1577 in
931 1549 1020 1579 culice
1042 1560 1127 1590 supra

386 1594 478 1623 altare
503 1600 695 1633 praeparat03
712 1600 740 1625 et
763 1597 866 1635 positis
889 1598 1025 1628 omnihus
1047 1600 1130 1629 sche-

386 1642 462 1671 dulis
485 1652 580 1672 coram
606 1644 752 1681 omnihus,
778 1650 836 1674 tres
859 1651 1048 1683 scrutatores,
1066 1649 1127 1687 qui,

387 1692 430 1720 vet
448 1692 604 1729 eligentur,
623 1693 678 1730 vel,
697 1693 719 1722 si
739 1694 946 1724 discretorium
971 1705 1004 1724 cx
1025 1698 1128 1727 iuaiori

388 1745 468 1777 parte
491 1741 565 1770 nolit
586 1741 709 1779 eligere,
734 1747 821 1772 erunt
843 1744 942 1773 senior
969 1754 1005 1773 ex
1033 1755 1130 1775 sacer-

387 1789 524 1823 dotibus,
550 1791 648 1819 senior
681 1800 717 1820 ex
751 1791 881 1829 clericis,
905 1796 933 1822 et
965 1794 1063 1823 senior
1094 1805 1128 1824 ex

387 1839 484 1875 laicis,
505 1839 572 1868 dato
596 1839 675 1878 prius
698 1840 863 1870 iuramento
886 1841 920 1871 de
945 1843 1065 1873 veritate
1085 1844 1127 1873 di-

387 1888 481 1916 ceuda
503 1892 530 1917 et
552 1888 587 1917 de
609 1893 720 1918 secreto
744 1894 884 1928 perpetuo
907 1893 1070 1929 servando,
1090 1893 1129 1922 le-

387 1941 456 1973 gent
479 1936 536 1965 alta
560 1946 629 1966 voce
654 1942 717 1967 vota
740 1947 813 1977 quae
844 1948 858 1967 a
890 1941 1048 1970 secretario
1071 1941 1129 1971 dis-

387 1985 506 2015 cretorii
540 1985 784 2024 conscribentur3
818 1991 847 2017 at
879 1992 1033 2027 antequam
1065 1994 1128 2020 vota

388 2033 544 2071 legantur,
567 2034 692 2064 debeant
715 2035 830 2073 singula
864 2036 972 2066 vicario
999 2039 1129 2075 generali

388 2083 524 2120 ostendi3
548 2088 576 2113 et
598 2084 658 2120 illi,
682 2085 731 2123 qui
756 2084 839 2123 plura
865 2090 928 2115 vota
959 2096 1047 2125 supra
1072 2096 1130 2117 me-

388 2132 524 2162 dictatem
550 2132 723 2167 habuerint,
748 2134 953 2172 intelligantur
976 2135 1078 2173 electi,
1102 2141 1130 2166 et

389 2185 419 2209 ut
443 2181 514 2210 tales
538 2181 656 2211 omnino
680 2181 861 2220 habeantur,
886 2187 1037 2223 postquam
1062 2194 1130 2214 con-

389 2230 494 2259 tirmati
519 2230 628 2260 suerint
650 2231 735 2269 signo
758 2232 854 2261 crucis
877 2240 891 2260 a
916 2232 1024 2262 vicario
1043 2242 1131 2271 gene-

389 2279 454 2307 rali.
480 2279 584 2308 Eleous
607 2279 773 2317 eligendis,
798 2289 812 2309 a
839 2282 899 2310 tota¹
922 2282 1130 2311 communitate

389 2332 521 2356 cantetur
543 2328 577 2356 Te
599 2327 687 2357 Deum
710 2328 877 2366 laudamus,
902 2333 930 2358 et
951 2339 1052 2359 omnes
1075 2331 1129 2359 sra-

390 2381 449 2405 tres
477 2377 512 2406 ad
542 2377 668 2406 invicem
691 2386 753 2406 sese
776 2378 1003 2416 amplectantur.
1034 2379 1129 2409 Ceteri

389 2426 529 2454 ot'ticiales
552 2430 731 2464 conventus,
760 2427 889 2465 exceptis
912 2427 1020 2457 vicario
1043 2438 1131 2465 gene-

390 2474 443 2503 rali
467 2479 494 2503 et
519 2474 625 2503 vicario
649 2479 820 2511 conventus,
845 2476 894 2515 qui
917 2486 930 2505 a
951 2477 1011 2506 solo
1035 2478 1130 2516 priore

390 2527 433 2552 cst
456 2523 618 2560 eligendus,
643 2527 670 2552 et
693 2528 857 2553 correctore
884 2526 1007 2554 fratrum
1037 2531 1064 2556 et
1087 2536 1130 2556 so-

391 2580 489 2600 rorum
519 2571 547 2600 iu
581 2572 706 2611 propriis
735 2572 869 2602 domibus
897 2573 1076 2611 degentium,
1100 2576 1129 2605 in

392 2620 475 2649 cuius
503 2620 645 2650 electione
677 2622 817 2651 servanda
845 2627 888 2652 est
913 2623 1013 2666 regu-la
1036 2624 1131 2654 Marti-

969 281 1154 305 BULLARIUM
1182 282 1340 306 nonaum!

1146 607 1148 614 Ι
1168 573 1203 601 ah
1226 574 1320 603 osticio
1351 573 1506 610 vacaverit,
1531 574 1636 613 poterit
1658 574 1752 604 denuo
1775 575 1809 604 ad
1831 574 1908 604 idem

1172 1017 1222 1050 pro
1244 1011 1378 1049 eligendo
1401 1020 1474 1040 novo
1498 1011 1604 1041 vicario
1627 1012 1782 1050 generali:
1806 1012 1910 1043 electio

1150 1619 1152 1626 ,
1172 1596 1318 1630 defuneto,
1344 1596 1468 1626 alterum
1493 1597 1578 1626 tertio
1601 1597 1675 1627 loco.
1710 1597 1843 1628 Viearius
1865 1607 1914 1637 ge-

391 2667 420 2695 ni
443 2666 475 2704 V,
506 2668 620 2705 ngii,
644 2667 790 2705 eligantur
823 2678 838 2698 a
872 2669 1044 2700 discretorio
1079 2680 1130 2710 per

1909 284 1958 309 An,
1981 284 2010 309 C.
2036 283 2100 311 1734

1169 335 1280 360 secreta
1311 330 1451 368 sum-agia
1481 331 1516 360 ad
1545 330 1703 360 triennium
1726 334 1855 370 tantum,
1879 336 1908 361 et

1169 388 1226 408 non
1264 380 1341 410 ultra
1374 380 1406 409 ad
1442 379 1518 409 idem
1552 379 1680 410 osticium
1715 385 1908 419 prorogentur

1168 427 1222 456 uisi
1248 427 1323 457 adsit
1348 427 1556 465 urgentissima
1589 437 1674 457 causa
1699 437 1712 457 a
1736 427 1908 458 discretorio

1168 480 1195 505 et
1217 476 1425 506 communitate
1457 475 1613 515 approbata
1638 485 1688 515 per
1711 481 1823 506 secreta
1847 477 1906 506 suf-

1169 524 1258 562 fragia
1292 534 1379 563 supra
1414 524 1623 561 medietatem;
1659 534 1818 564 nemoque,
1842 534 1908 555 cum

1169 622 1295 651 officium
1326 622 1416 659 eligi,
1443 622 1498 652 nisi
1523 627 1587 661 post
1619 623 1696 652 aliud
1725 623 1907 653 triennium:

1169 679 1244 708 quae
1268 671 1366 708 regula
1392 675 1486 700 tamen
1505 680 1562 700 non
1580 671 1673 701 valeat
1692 680 1742 710 pro
1764 671 1908 702 annalista

1169 727 1220 747 seu
1245 719 1394 756 historico,
1415 719 1593 749 aromatario
1609 724 1636 749 et
1653 719 1907 758 quaestuantibuS.

1209 776 1277 796 xru.
1301 768 1370 797 Cum
1396 768 1520 797 vicarius
1543 768 1688 805 generalis
1717 776 1833 807 semper
1860 767 1911 798 eli·
1964 784 1993 804 με
2023 783 2102 804 ficari„

1169 816 1280 853 gendus
1302 817 1338 846 sit
1361 827 1375 846 a
1406 817 1652 847 reveremlissimo
1676 821 1756 856 patre
1780 817 1910 855 generali
1920 811 2024 836 ἕρπω·

1171 865 1258 894 totius
1274 865 1404 903 Ordinis,
1425 865 1545 895 biennio
1562 870 1629 895 ante
1646 865 1805 905 capitulum
1824 875 1911 904 gene-

1170 913 1228 943 rale
1258 918 1434 944 convocetur
1468 913 1690 950 disci-utorium,
1715 914 1790 954 quod
1823 915 1910 953 eligat

1170 966 1227 991 tres
1251 962 1401 1000 religiosos
1425 962 1655 1001 praesentandos
1682 973 1757 993 novo
1779 963 1909 1002 generali

2162 779 2163 794 l

2162 803 2163 816 l

2162 829 2164 836 ι

1171 1059 1385 1098 praedictorum
1415 1060 1502 1089 trium
1533 1059 1736 1098 religiosorum
1760 1061 1911 1091 transmit-

1172 1111 1249 1136 tatur
1272 1108 1346 1146 patri
1373 1107 1503 1145 generali
1535 1108 1671 1138 existenti
1703 1108 1865 1148 subscripta
1895 1119 1910 1139 a

1172 1160 1231 1185 toto
1253 1156 1427 1186 discretorio
1461 1160 1488 1186 et
1523 1157 1634 1186 munita
1668 1157 1764 1195 sigillo
1787 1161 1846 1187 tum
1871 1158 1913 1188 vi-

1172 1204 1241 1233 carii
1265 1204 1410 1242 generalis
1432 1208 1490 1233 tum
1516 1204 1641 1243 prioris3
1657 1209 1685 1235 et
1707 1205 1808 1235 eadem
1832 1215 1913 1236 occa-

1172 1253 1252 1282 sione
1275 1253 1506 1283 receusehuntur
1528 1255 1643 1283 summit
1659 1254 1715 1284 side
1730 1254 1804 1294 patri
1826 1264 1913 1293 gene-

1173 1302 1224 1331 rali
1242 1311 1343 1331 omnes
1366 1302 1521 1341 qualitates
1539 1307 1598 1331 tum
1615 1303 1830 1333 intellectuales
1849 1307 1911 1333 tum

1172 1351 1299 1380 morales
1323 1351 1409 1380 trium
1434 1351 1661 1389 nominatorum,
1679 1355 1709 1381 ut
1725 1351 1816 1391 possit
1832 1361 1914 1391 prae-

1173 1404 1288 1429 sentare
1304 1409 1378 1429 novo
1395 1400 1523 1438 generali
1540 1400 1712 1430 electionem
1732 1401 1911 1440 eorumdem,

1172 1458 1296 1488 quorum
1321 1458 1371 1488 pro
1394 1458 1445 1478 suo
1474 1449 1557 1479 libito
1587 1459 1675 1479 unum
1705 1449 1792 1488 eliget
1822 1450 1913 1490 primo
1945 1466 1953 1474 ·

1173 1497 1235 1527 loco
1257 1498 1286 1527 iu
1312 1497 1450 1527 vicarium
1473 1499 1652 1536 generalem,
1671 1503 1710 1537 et,
1728 1508 1762 1529 eo
1784 1503 1929 1541 mortuo,

1173 1546 1298 1576 alterum
1323 1547 1450 1576 seeundo
1472 1547 1547 1585 loco,
1571 1552 1611 1586 et⁷
1632 1548 1687 1578 hoc
1710 1548 1818 1588 pariter
1839 1549 1914 1580 sorte

1173 1645 1279 1674 neralis
1313 1645 1486 1683 regulariter
1518 1646 1552 1675 ad
1575 1646 1748 1676 sexennium
1772 1646 1911 1684 durabit3

1173 1698 1299 1723 attamen
1323 1694 1346 1723 si
1370 1694 1527 1732 contigerit
1549 1694 1658 1724 differri
1682 1695 1797 1733 negotia
1821 1705 1913 1726 novae

1173 1743 1336 1778 electionis,
1353 1747 1521 1782 perseveret
1544 1743 1619 1773 idem
1643 1740 1771 1774 vicarius
1792 1754 1914 1783 genera-

1173 1791 1218 1827 lis,
1243 1791 1335 1820 donec
1360 1792 1523 1830 praedictae
1545 1802 1636 1822 novae
1664 1793 1816 1822 electionis
1838 1802 1913 1823 nun-

1173 1841 1236 1870 cius
1255 1841 1289 1870 ad
1308 1841 1445 1870 Brasilias
1458 1845 1692 1881 conventumque
1708 1841 1790 1872 urhis
1806 1842 1834 1872 S.
1852 1842 1915 1872 Sal-

1174 1890 1281 1919 vatoris
1305 1890 1488 1929 pervenerit,
1523 1894 1573 1927 et,
1597 1899 1633 1920 ue
1667 1891 1696 1920 in
1726 1900 1913 1930 quocumque

1173 1943 1278 1968 eventu
1307 1943 1477 1968 remaneant
1506 1940 1611 1968 fratres
1640 1939 1669 1969 in
1692 1940 1825 1970 Brasiliis
1850 1941 1915 1971 sine

1174 1988 1285 2017 vicario
1307 1988 1448 2028 generali,
1480 1988 1503 2017 si
1527 1988 1710 2026 contingeret
1732 1998 1832 2019 omnes
1856 1993 1914 2020 tres

1173 2036 1338 2066 nominatos
1372 2046 1386 2066 e
1418 2036 1491 2066 vivis
1523 2037 1619 2076 eripi,
1645 2037 1725 2076 prior
1751 2042 1914 2069 conventus

1173 2085 1301 2114 civitatis
1323 2085 1353 2114 S.
1374 2085 1532 2115 Salvatoris
1555 2085 1632 2115 vices
1648 2090 1729 2124 gerat
1746 2087 1845 2116 vicarii
1865 2096 1914 2125 ge-

1173 2134 1292 2171 neralis,
1311 2134 1486 2163 assumendo
1503 2134 1618 2163 titulum
1636 2138 1663 2164 et
1679 2135 1821 2173 sigilluu13
1836 2135 1913 2175 quod

1173 2183 1301 2212 officium
1327 2182 1351 2211 si
1375 2191 1514 2221 peragere
1531 2183 1721 2220 recusaverit,
1739 2184 1914 2214 sententiam

1173 2231 1487 2261 excommunicationis
1510 2231 1662 2266 incurrat,
1686 2235 1713 2261 et
1742 2236 1913 2271 permaneat
2180 2271 2182 2278 Ι

1172 2279 1201 2309 in
1224 2280 1302 2309 dicto
1325 2279 1420 2309 ot'sseio
1435 2289 1526 2318 usque
1549 2280 1616 2309 dum
1640 2280 1750 2310 sciatur
1771 2281 1914 2311 canonice
2139 2303 2143 2306 ⁴
2172 2285 2182 2313 ‘t

1173 2338 1246 2358 nova
1263 2329 1366 2358 electio
1383 2329 1482 2358 vicarii
1500 2329 1655 2366 generalis,
1673 2329 1803 2360 facienda
1828 2330 1914 2360 modo

1174 2377 1322 2416 praedicto
1344 2386 1359 2406 a
1384 2382 1463 2416 patre
1493 2377 1643 2415 generali;
1665 2382 1693 2408 et
1716 2378 1745 2408 in
1770 2378 1822 2408 hoc
1844 2388 1915 2408 casu

1173 2426 1374 2456 discretorium
1398 2426 1486 2464 eligat
1509 2436 1615 2456 novum
1640 2427 1766 2465 priorem
1781 2450 1788 2464 ‚
1812 2427 1863 2467 qui
1884 2428 1915 2457 iu

1173 2476 1268 2505 officio
1293 2475 1476 2514 permanebit
1507 2485 1559 2514 pro
1592 2480 1722 2515 tempore
1746 2476 1912 2516 dumtaxat,

1173 2524 1248 2564 quod
1272 2524 1433 2563 requiritur
1464 2525 1499 2554 ad
1527 2525 1730 2564 complendum
1754 2526 1915 2556 triennium

1174 2573 1280 2612 prioris
1315 2573 1491 2603 assumentis
1528 2573 1698 2603 vicariatum
1732 2575 1912 2612 generalem.

1175 2622 1283 2652 Habeat
1306 2622 1431 2652 vicarius
1453 2622 1599 2660 generalis
1621 2623 1751 2661 sigillum
1767 2646 1774 2660 ,
1797 2623 1827 2653 in
1857 2633 1914 2663 quo

1173 2670 1348 2710 impressum
1365 2671 1404 2701 sit
1420 2674 1545 2701 stemma
1561 2671 1724 2709 religionis,
1741 2677 1768 2702 et
1790 2672 1915 2705 circum-
