2182 3137
202 702 267 725 Quam
289 703 358 722 ''r-nti-

183 735 205 747 ··v
237 729 359 751 saturantu-

177 757 207 776 ter
225 757 330 777 coneedit..

201 2303 322 2324 clausulae.

175 165 223 192 An.
240 165 269 192 C.
293 164 354 192 ¹731
404 155 467 191 306
944 165 1121 191 autemnon

369 215 502 257 singulis
530 216 561 247 in
589 215 709 248 eisdem
735 214 926 255 seminariis,
950 221 1010 247 tam
1038 215 1128 248 sun-¹

369 269 449 300 (latis
476 275 505 301 et
532 270 658 308 crectis,
686 280 779 311 quain
800 269 955 312 deinceps
973 269 1104 302 fundan-

367 321 415 353 dis
441 327 471 354 et
498 321 674 363 erigendis,
700 332 785 354 nune
818 326 850 354 et
874 332 932 364 pro
959 327 1104 365 tempore

367 374 558 417 degentibus
596 374 822 408 inviolabiliter
846 375 1012 408 observari
1050 375 1104 407 de-

366 427 454 469 bere,
473 438 531 472 per
556 438 614 460 nos
641 427 888 461 decerneretur:
916 428 1009 461 nobis
1030 438 1104 471 pro-

368 486 475 524 pterea
502 481 578 514 dieti
605 486 807 524 exponentes
834 481 1002 514 humiliter
1035 491 1105 524 sup-

368 534 479 577 plicari
518 534 663 567 fecerunt
699 539 733 566 ut
770 535 799 567 in
833 534 1019 577 praemissis
1052 545 1105 577 op-

369 592 505 629 portune
531 587 713 630 providere,
739 594 769 621 et
785 594 818 621 ut
836 588 917 621 infra
937 588 1104 630 indulgere

369 640 566 683 benignitate
592 642 770 685 apostolica
792 642 1015 684 dignaremur.

413 693 428 736 ἓ
453 693 484 726 3.
504 692 567 726 Nos
590 693 696 736 igitur,
716 694 777 737 piis
797 694 984 727 eorumdem
1010 704 1106 737 expo-

370 745 515 778 nentium
538 746 615 779 votis
638 746 698 779 bac
723 746 755 779 in
782 757 825 789 re,
852 752 1005 790 quantum
1032 757 1104 779 euni

368 798 505 833 Domino
527 810 706 844 possumus,
727 800 945 833 favorabiliter
963 810 1105 833 annuere

369 853 526 893 volentes,
548 864 725 897 eorumque
744 854 925 896 singulares
951 864 1106 896 personas

367 917 385 939 a
410 906 575 950 quibusvis
602 908 955 946 exeoiiiiiiiiiiicaitioiiiS‚
978 918 1108 950 suspen-

369 960 467 994 sionis
501 965 533 993 et
558 960 730 999 interdicti,
755 960 890 1003 aliisque
917 960 1108 993 eeclesiasti-

368 1014 412 1046 cis
438 1014 616 1054 sententiis,
643 1013 787 1047 censuris
809 1019 839 1047 et
861 1014 985 1057 poenis,
1003 1025 1020 1047 a
1038 1013 1107 1047 iure

367 1068 414 1100 vel
451 1067 490 1100 al)
526 1067 673 1104 homine,
703 1067 812 1109 quavis
849 1067 1022 1100 occasione
1058 1068 1107 1101 vel

368 1122 465 1152 causa
490 1120 574 1160 latis,
603 1120 628 1152 si
656 1119 774 1163 quibus
799 1121 1048 1163 quomodolibet
1065 1119 1109 1153 in-

368 1173 504 1206 nodatue
530 1174 691 1213 existunt,
720 1174 758 1206 ad
781 1174 929 1207 etl'ectum
956 1184 1109 1217 praesen-

369 1227 445 1259 tium
483 1227 647 1260 dumtaxat
678 1227 943 1271 consequendum
961 1254 968 1268 ,
996 1227 1108 1260 barum

368 1281 454 1314 serie
480 1281 683 1314 absolventes
706 1286 738 1314 et
763 1281 927 1313 absolutas
953 1281 1022 1314 sore
1041 1291 1108 1314 cen-

368 1339 486 1374 senteS,
520 1335 710 1368 huiusmodi
736 1334 1034 1378 su1·›plicat1011il)tis
1059 1335 1108 1367 in-

368 1388 488 1428 clinati,
515 1388 554 1421 de
575 1388 810 1422 venerabilium
833 1389 967 1421 fratrum
986 1393 1109 1421 nostro·

369 1451 439 1474 sum
467 1441 497 1474 S.
527 1442 563 1474 R.
591 1441 624 1474 E.
653 1441 866 1474 cardinalium
886 1441 1020 1475 Concilii
1043 1442 1110 1474 Tri-

368 1494 493 1527 dentini
520 1494 755 1538 interpretum,
782 1495 835 1538 qui
862 1501 971 1527 votum
999 1495 1108 1528 dilecti

368 1547 424 1581 filii
451 1548 550 1581 nostri
577 1548 727 1581 Ludoviei
754 1549 855 1591 ipsius
882 1548 914 1581 S.
935 1548 971 1581 n.
992 1549 1026 1581 E.
1047 1560 1110 1582 ear-

368 1601 485 1634 dinalis
512 1602 644 1643 ssenuga
678 1601 878 1645 nuncupati,
903 1602 941 1635 ad
969 1602 1031 1635 lioe
1056 1613 1110 1635 ne-

368 1654 495 1696 gocium
522 1654 769 1688 examinandum
795 1656 834 1687 ab
861 1655 985 1688 eisdem
1008 1656 1113 1688 canli-

367 1707 494 1741 nalibus
521 1708 690 1752 deputati,
718 1713 826 1741 votum
852 1709 1109 1752 perpenderunt,

368 1761 527 1801 consilio,
565 1761 766 1805 praeinserta
792 1767 932 1802 statuta,
958 1763 1113 1795 eonstitu-

369 1814 475 1847 tiones
492 1821 523 1847 et
541 1816 680 1856 regulas,
708 1815 903 1848 auctoritate
919 1816 1112 1862 apostoliea,

369 1873 481 1900 tenore
506 1868 737 1911 praesentium,
758 1868 986 1901 confirmamus
1009 1874 1040 1902 et
1058 1880 1113 1912 ap-

369 1921 542 1964 probamus
560 1949 567 1961 ,
603 1921 732 1964 illisque
760 1922 956 1955 inviolabilis
983 1928 1113 1965 aposto—

369 1974 450 2008 licae
466 1974 623 2007 firmitatis
639 1975 738 2007 robur
750 1975 931 2016 adjicimus,
948 1987 985 2008 ac
1000 1986 1112 2009 omnes

370 2034 401 2060 et
425 2027 569 2070 singulos
595 2027 673 2060 iuris
693 2034 724 2060 et
743 2028 814 2061 sacti
835 2029 991 2068 desectus,
1013 2028 1039 2061 si
1059 2030 1112 2072 qui

370 2081 511 2124 desuper
554 2082 804 2124 quomodolibet
846 2081 1080 2115 intervenerint
1102 2110 1108 2122 ‚

369 2135 576 2178 supplemus:
613 2135 698 2167 salva
733 2141 837 2168 tamen
866 2135 897 2167 in
926 2136 1112 2179 praemissis

369 2187 559 2220 auctoritate
601 2193 799 2222 memoratae
843 2189 1112 2231 Congregationis

370 2241 596 2274 cardinalium.

414 2294 445 2326 lt.
480 2294 722 2334 Decernentes,
755 2295 883 2327 easdem
922 2302 1111 2339 praesentes

371 2348 517 2387 litteras,
553 2359 588 2380 ac
626 2348 828 2392 praeinserta
863 2354 1003 2390 statuta,
1037 2360 1113 2383 eon-

371 2401 554 2434 stitutiones
582 2406 612 2434 et
637 2402 766 2443 regulas
792 2412 917 2445 semper
942 2403 1043 2443 firma,
1063 2414 1112 2435 va-

371 2454 435 2488 lida
461 2460 492 2488 et
518 2454 658 2487 efficacia
685 2455 822 2488 existere
845 2461 877 2488 et
903 2455 988 2495 sore,
1020 2467 1111 2489 snos-

373 2519 436 2551 que
461 2507 626 2551 plenarios
652 2513 683 2541 et
706 2508 853 2551 integros
884 2508 1015 2542 ell'ectus
1042 2520 1112 2543 sor-

373 2561 420 2595 tiri
449 2568 479 2596 ct
506 2560 669 2603 obtinere,
696 2572 731 2595 ac
757 2562 830 2604 illis,
858 2562 895 2596 ad
926 2573 1006 2607 quos
1039 2574 1110 2607 spe-

1147 165 1300 191 ROMANUM
1889 167 1943 195 An.
1959 167 1988 195 C.
2013 168 2076 196 173¹

1147 220 1210 248 ctat
1256 221 1286 248 et
1328 226 1387 258 pro
1429 221 1576 258 tempore
1617 215 1887 260 quandocumque

1147 268 1316 311 spectabit,
1344 269 1376 301 in
1402 269 1553 302 omnibus
1574 275 1603 302 et
1618 280 1676 312 per
1694 269 1802 302 omnia
1818 270 1886 313 ple-

1147 321 1278 354 nissime
1305 320 1492 364 suffragari,
1516 327 1546 355 et
1571 322 1610 355 ab
1636 323 1682 355 eis
1707 323 1887 366 respective

1148 374 1379 408 inviolabiliter
1404 374 1588 415 observari;
1615 375 1724 419 sicque
1748 375 1778 408 in
1797 385 1888 419 prae-

1149 426 1252 459 missis
1279 437 1336 470 per
1362 438 1584 471 quoscumque
1611 428 1733 461 iudices
1759 429 1890 461 ordina-

1150 479 1212 512 rios
1249 485 1280 512 et
1305 480 1490 523 delegatos,
1519 481 1614 514 etiam
1641 492 1808 515 causarum
1834 493 1890 524 pa-

1149 532 1216 566 latii
1251 534 1423 577 apostolici
1461 535 1648 575 auditores,
1686 534 1820 568 indicari
1858 541 1890 568 et

1150 585 1277 619 definiri
1304 586 1443 627 debere,
1469 599 1505 620 ac
1535 587 1663 620 irritum
1689 593 1721 620 et
1744 588 1838 621 inane
1864 588 1890 621 si

1150 648 1241 672 secus
1257 640 1423 683 superbis
1439 652 1455 673 a
1470 651 1644 684 quoquam,
1659 641 1771 684 quavis
1787 646 1891 675 aucto-

1150 692 1253 732 ritate,
1275 693 1418 726 scienter
1436 694 1484 726 vel
1503 694 1702 737 ignoranter,
1719 693 1891 736 contigerit

1150 746 1311 778 attentari.

1193 799 1207 842 ἓ
1232 798 1262 832 5.
1289 799 1356 832 Non
1394 800 1596 833 obstantibus
1621 801 1806 844 praemissis
1822 828 1829 842 ,
1855 811 1891 834 ac
1969 812 2084 836 narniam

1150 853 1437 887 constitutionibus
1463 860 1493 887 et
1519 855 1780 888 ordinationibus
1813 839 2063 899 apo-⁰⁰⁰“fflmm'

1151 907 1288 947 stolicis,
1318 917 1457 947 necnon,
1478 914 1636 951 quatenus
1654 919 1737 952 opus
1754 908 1804 949 sit,
1822 908 1891 951 qui-

1151 960 1272 1000 busvis,
1299 960 1394 992 etiam
1421 960 1612 1001 iuramento,
1641 961 1891 995 confirmatione

1151 1014 1339 1057 apostolica,
1366 1015 1414 1046 vel
1440 1014 1549 1057 quavis
1575 1013 1724 1048 firmitate
1749 1015 1811 1048 alia
1838 1025 1892 1048 ro-

1151 1066 1283 1107 boratis,
1304 1067 1430 1099 statutis
1452 1072 1482 1100 et
1508 1067 1809 1109 consuetudinibus,
1829 1067 1893 1111 pri-

1151 1120 1276 1163 vilegiis
1313 1130 1462 1163 qnoque,
1487 1119 1619 1153 indultis
1655 1126 1687 1153 et
1720 1121 1836 1154 litteris
1860 1131 1892 1154 a·

1152 1172 1321 1217 postolieis
1356 1172 1388 1205 iu
1414 1172 1613 1206 contrarium
1638 1173 1892 1216 praemissorum

1153 1226 1398 1270 quomodolibet
1433 1225 1614 1266 concessis,
1636 1226 1833 1260 confirmatis
1862 1232 1893 1260 et

1155 1281 1327 1320 innovatis,
1355 1279 1473 1324 quibus
1500 1280 1651 1313 omnibus
1677 1285 1707 1313 et
1733 1280 1890 1324 singulis,

1154 1333 1281 1367 illorum
1311 1339 1439 1367 tenores
1465 1333 1692 1377 praesentibus
1718 1345 1778 1378 pro
1796 1335 1893 1378 plene

1154 1393 1185 1421 et
1209 1387 1405 1420 sufficienter
1431 1387 1595 1430 expressis
1614 1398 1649 1420 ac
1671 1387 1709 1420 de
1738 1387 1834 1420 verbo
1853 1387 1893 1421 ad

1156 1441 1286 1475 verbum
1313 1441 1443 1474 insertis
1468 1441 1637 1480 hahentes,
1668 1440 1732 1474 illis
1757 1440 1835 1474 alias
1860 1440 1894 1474 in

1154 1506 1210 1527 sno
1233 1495 1351 1527 robore
1377 1495 1609 1537 permansuris,
1635 1495 1673 1527 ad
1699 1494 1895 1538 praemisso-

1154 1559 1224 1581 rum
1250 1547 1410 1588 ess'ectuni,
1425 1548 1484 1580 liae
1500 1548 1566 1580 vice
1585 1548 1759 1587 dumtaxat,
1773 1547 1895 1592 specia-

1155 1601 1228 1635 liter
1254 1607 1285 1634 et
1310 1611 1460 1644 expresse
1486 1601 1692 1643 de1·ogamus;
1713 1601 1894 1644 ceterisque

1155 1655 1325 1688 contrariis
1353 1655 1619 1698 quibuscumque.

1199 1709 1270 1752 56.
1304 1709 1457 1742 Volumus
1493 1714 1600 1741 autem
1636 1713 1671 1740 ut
1705 1708 2090 1764 earumdemmgrggggmmo-

1156 1762 1376 1806 praesentium
1396 1762 1575 1794 litterarum
1596 1761 1816 1804 transumptis,
1838 1771 1896 1794 seu
2021 1756 2026 1762 ’

1157 1815 1322 1859 exemplis,
1350 1815 1446 1848 etiam
1472 1814 1649 1859 impressis,
1675 1825 1770 1847 manu
1796 1813 1895 1848 alicu-

1157 1869 1205 1902 ius
1231 1869 1350 1902 notarii
1369 1868 1490 1912 publici
1508 1868 1712 1911 subscriptis,
1732 1873 1764 1901 et
1788 1867 1896 1911 sigillo

1156 1933 1314 1966 personae
1340 1923 1373 1955 in
1399 1921 1616 1955 ecclesiastica
1638 1921 1794 1964 dignitate
1819 1931 1897 1955 con-

1156 1976 1287 2008 stitutae
1321 1975 1464 2015 munitis,
1483 1975 1596 2008 eadem
1611 1984 1745 2019 prorsus
1763 1974 1842 2008 fides
1863 1974 1897 2007 in

1157 2029 1277 2062 iudicio
1305 2034 1335 2061 et
1360 2034 1450 2062 extra
1471 2029 1675 2068 aliidbeatur,
1695 2038 1776 2071 quae
1802 2038 1896 2071 prae-

1156 2082 1302 2115 sentibus
1328 2082 1407 2125 ipsis
1434 2082 1649 2115 adhiberetur
1673 2081 1698 2114 si
1725 2081 1897 2115 sorentex-

1157 2135 1280 2168 hibitae
1298 2137 1346 2168 vel
1365 2140 1529 2168 ostensae.

1199 2188 1313 2221 Datum
1344 2189 1477 2228 Romae,
1500 2188 1584 2232 apud
1603 2188 1634 2221 S.
1653 2188 1783 2221 Mariam
1801 2188 1899 2222 Maio-

1156 2252 1234 2281 rem,
1260 2242 1318 2274 sub
1344 2242 1467 2274 annulo
1494 2241 1678 2282 Piscatoris,
1704 2241 1756 2275 die
1781 2252 1813 2275 V1
1838 2252 1896 2276 no-

1156 2295 1296 2328 vembris
1333 2304 1514 2334 nuceum,
1552 2294 1761 2338 pontificatus
1794 2295 1898 2329 nostri

1157 2359 1241 2382 anno
1267 2359 1302 2382 ιι.

1193 2411 1251 2438 Dat.
1273 2411 1317 2437 die
1338 2411 1353 2436 6
1374 2411 1532 2438 novembris
1555 2411 1638 2446 1730,
1665 2411 1760 2447 pontif.
1782 2420 1852 2441 anno
1868 2419 1897 2441 11.

1338 2466 1398 2499 Pro
1424 2465 1556 2499 domino
1581 2467 1669 2500 card.
1696 2466 1852 2501 Omvnmo

1402 2519 1434 2552 L.
1463 2519 1555 2552 arch.
1583 2519 1780 2553 Thebarum.
