2182 3137
46 225 94 248 An.
112 221 142 246 C.
164 218 234 245 1732

82 1976 205 1997 clausulae.

862 212 1005 236 CLEMENS
1030 212 1076 234 XII
1102 213 1152 235 PP.

240 267 348 299 busvis
375 263 733 301 excommunicationis,
759 259 983 303 suspensionis
1026 259 1196 299 ctoritate,
1224 260 1364 292 scienter
1388 260 1437 292 vel
1458 260 1666 301 ignoranter,
1692 266 1767 289 con·

242 326 273 353 et
297 319 472 357 interdicti,
490 318 632 360 aliisque
658 314 887 349 ecelesiasticis
913 322 983 345 sen-
1027 313 1137 355 tigerit
1160 313 1325 346 attentari.

241 373 373 412 tentiis,
398 371 545 404 censuris
572 375 603 402 et
628 368 763 412 poenis,
789 378 805 399 a
831 366 901 398 iure
930 366 981 397 vel

242 426 281 457 ab
307 425 452 464 homine,
479 423 590 467 quavis
617 421 785 454 occasione
811 419 861 451 vel
887 420 983 451 cansa

241 478 327 518 latis,
356 478 381 510 si
406 477 525 520 quibus
542 475 791 519 quomodolibet
807 472 982 504 innodatus

242 531 374 569 existit,
399 531 438 563 ad
464 528 614 562 effectum
641 525 862 571 praesentium
890 524 984 556 dum-

243 589 328 616 taxat
352 582 636 625 consequendum,
664 581 778 612 harum
813 578 897 610 serie
929 578 984 609 ab·

242 638 406 669 solventes
432 641 464 668 et
489 635 670 667 absolutum
701 633 769 665 sore
796 636 980 669 censentes,

243 689 429 722 huiusmodi
451 686 747 730 supplicationibus
765 686 835 718 eius
852 683 983 716 nomine

242 743 338 775 nobis
360 752 459 785 super
476 741 540 773 hoc
558 739 726 772 humiliter
750 737 910 781 porrectis
937 736 984 768 in-

244 796 367 834 clinati,
388 795 428 827 de
447 793 685 826 venerabilium
705 792 839 824 fratrum
858 795 984 823 nostro-

244 860 314 881 rum
339 848 370 881 S.
398 848 435 880 R.
463 847 498 879 E.
528 846 741 879 cardinalium
776 844 918 886 negotiis
954 848 986 875 et

243 900 536 935 consultationibus
562 899 792 942 episcoporum
827 903 858 930 et
890 908 985 939 regu-

243 955 357 987 larium
395 952 659 996 praepositorum
691 951 850 989 consilio,
877 950 987 983 omnia

244 1014 276 1039 et
301 1007 429 1048 singula
453 1004 654 1048 praeinserta
672 1005 844 1048 privilegia
870 1010 900 1035 et
925 1009 987 1035 sta-

245 1066 310 1093 tuta
347 1072 364 1093 a
396 1064 576 1092 meinorato
601 1059 727 1091 Thema
756 1058 910 1100 magistro
937 1067 987 1099 ge-

244 1113 342 1146 nerali
362 1113 461 1151 edita,
476 1118 512 1144 ut
528 1113 724 1155 praefertur,
744 1111 938 1144 auctoritate
957 1120 988 1141 a·

244 1166 416 1209 postoima,
433 1172 546 1198 tenore
565 1164 797 1208 praesentium,
816 1163 988 1196 consu-rna-

245 1231 314 1252 mus
340 1225 371 1252 et
389 1220 619 1262 approbamus,
639 1218 766 1260 illisque
785 1216 986 1260 apostolieae

246 1272 408 1305 firmitatis
430 1273 532 1305 robur
556 1271 735 1311 adiicimns,
755 1282 791 1303 ae
817 1281 930 1303 omnes
956 1275 988 1302 et

245 1327 391 1370 singulos
420 1326 500 1359 iuris
526 1332 556 1358 et
590 1325 664 1357 sacti
695 1325 854 1363 desectus,
879 1324 905 1356 si
932 1323 987 1366 qui

245 1381 386 1423 desuper
433 1379 682 1422 quomodolibet
726 1377 986 1413 intervenerint,

245 1435 460 1477 supplemus.;
488 1434 624 1476 ipsaque
657 1432 830 1476 privilegia
862 1437 894 1463 et
925 1436 988 1464 sta-

245 1493 312 1520 tuta
337 1493 496 1531 perpetuo
522 1486 710 1525 observari,
738 1486 931 1518 auctoritate
957 1491 988 1517 et

248 1546 360 1573 tenore
385 1540 542 1584 praefatis
568 1540 758 1573 mandamus
776 1552 783 1579 3
803 1549 932 1572 necnon
955 1539 987 1570 in

246 1594 362 1627 iisdem
389 1595 475 1626 dicto
496 1594 640 1626 Thoiuae
666 1594 821 1636 magistro
841 1592 986 1635 generali

248 1648 432 1680 facultatem
472 1646 611 1679 addendi
644 1657 728 1690 quae
765 1657 823 1688 pro
857 1646 987 1678 illorum

246 1701 388 1743 pleniori
414 1700 604 1733 executione
621 1701 671 1733 vel
689 1699 913 1732 declaratione
930 1710 987 1742 op-

247 1760 385 1797 portuna
410 1753 537 1786 censeri
561 1753 745 1796 contingat,
771 1763 985 1796 praeservan-

248 1813 315 1846 tes,
343 1813 442 1839 ratam
469 1807 660 1850 firmamque
692 1807 874 1839 habemus:
904 1807 989 1838 salva

251 1867 357 1892 tamen
379 1870 512 1902 semper
537 1860 568 1892 in
591 1860 779 1903 praemissis
798 1860 989 1892 auctoritate

250 1913 518 1956 Congregationis
543 1914 732 1946 eorumdem
758 1914 988 1946 cardinalium.

297 1968 310 2011 ,ξ
335 1967 366 2000 4.
394 1967 627 2001 Decernentes.
646 1968 775 2000 easdem
801 1973 991 2010 praesentes

252 2023 385 2060 litteras,
411 2031 543 2063 semper
568 2020 686 2059 sirmas,
713 2021 834 2053 validas
865 2026 896 2053 et
929 2022 994 2053 essi-

253 2085 346 2108 caces
365 2074 504 2107 existere
522 2079 555 2106 et
573 2075 654 2113 sore,
668 2084 807 2117 suosque
826 2074 992 2117 plenarios

253 2134 284 2161 et
308 2128 452 2169 integros
479 2127 612 2160 effectus
636 2127 744 2160 sortiri
771 2134 803 2160 et
831 2128 992 2167 obtinere,

254 2187 285 2213 et
301 2181 376 2219 illis,
394 2181 432 2213 ad
450 2190 534 2223 quos
552 2186 680 2223 spectat
705 2186 735 2212 et
760 2191 819 2223 pro
847 2187 994 2224 tempore

254 2235 437 2277 spectabit,
476 2234 509 2265 in
536 2234 687 2265 omuibus
723 2240 755 2266 et
791 2246 850 2277 pei·
886 2235 994 2268 omnia

255 2288 445 2331 plenissime
469 2287 662 2329 suffragari,
684 2292 714 2319 et
741 2288 779 2320 ab
805 2288 851 2320 eis
885 2298 994 2331 respe-

255 2341 338 2374 ctive
363 2341 596 2374 inviolabiliter
613 2341 798 2380 observari,
825 2341 937 2384 sieque
963 2343 995 2374 in

255 2395 442 2438 praemissis
467 2405 526 2437 per
553 2405 775 2437 quoscumque
803 2395 922 2428 iudices
949 2406 997 2428 or-

256 2448 398 2481 dinarios
424 2453 455 2480 et
480 2447 662 2489 delegato&
697 2448 794 2480 etiam
825 2458 996 2480 causarum

256 2501 366 2545 palatii
393 2500 562 2543 apostolici
589 2501 766 2540 auditores,
799 2501 933 2534 iudicari
967 2508 998 2534 et

257 2555 382 2588 definiri
409 2554 549 2593 debere,
579 2565 616 2586 ac
641 2554 767 2586 irritum
794 2561 826 2587 et
850 2555 946 2588 inane
971 2556 996 2587 si

256 2618 347 2641 secus
372 2618 472 2650 super
497 2607 548 2639 liis
574 2619 592 2639 a
617 2618 789 2650 quoquam,
807 2608 917 2650 quavis
943 2620 998 2641 au-

1071 367 1085 408 ἓ
1109 365 1138 398 5.
1164 366 1234 399 Νοῐ]
1257 366 1461 399 obstantibus
1480 364 1767 398 constitutionibus

1027 424 1058 450 et
1090 420 1353 452 ordinationibus
1385 419 1591 463 apostolicis,
1625 428 1767 455 necnon.

1028 478 1187 514 quatenus
1212 483 1295 515 opus
1316 473 1364 511 sit,
1384 473 1571 515 provinciae
1592 477 1623 504 et
1639 471 1769 504 Ordinis

1027 524 1260 566 praefatorum,
1291 525 1386 557 etiarn
1416 526 1620 563 iuramento,
1651 523 1770 556 confir-

1028 577 1170 608 matione
1195 577 1386 619 apostolica,
1413 578 1461 609 vel
1484 578 1594 619 quavis
1619 577 1770 609 firmitate

1028 629 1090 660 alia
1115 629 1295 668 roboratis⁷
1323 630 1452 661 statutis
1473 636 1505 662 et
1529 629 1772 662 consuetudini-

1029 681 1105 720 bus,
1132 681 1311 723 privilegiis
1338 693 1484 724 quoque,
1511 682 1645 714 indultis
1671 688 1701 714 et
1719 682 1771 714 lit-

1031 734 1108 765 teris
1126 734 1314 776 apostolicis
1342 734 1372 766 in
1398 735 1596 767 contrarium
1618 735 1771 777 praemis-

1030 797 1139 819 sorum
1166 788 1415 830 quomodolibet
1449 789 1626 828 concessis,
1659 788 1772 821 confir-

1030 841 1123 872 matis
1155 848 1186 873 et
1217 841 1394 881 innovatis,
1414 842 1530 885 quibus
1560 842 1709 874 omnibus
1742 848 1773 874 et

1031 895 1179 937 singulis,
1205 895 1337 927 illorum
1368 895 1518 928 tenores¹
1544 895 1771 937 praesentibus

1031 959 1091 992 pro
1117 950 1215 991 plene
1250 954 1283 981 et
1314 950 1514 982 sufficienter
1547 949 1710 992 expressis
1736 959 1772 981 ac

1031 1003 1070 1034 de
1097 1003 1196 1035 verbo
1224 1003 1262 1035 ad
1288 1004 1422 1035 verbum
1448 1003 1580 1035 insertis
1598 1003 1769 1039 habentes,

1032 1055 1096 1088 illis
1132 1055 1211 1088 alias
1237 1056 1269 1088 in
1296 1066 1353 1088 suo
1383 1057 1501 1088 robore
1538 1056 1772 1099 permansuris„

1032 1109 1071 1141 ad
1108 1109 1365 1152 praemissorum
1399 1109 1564 1147 effectum,
1607 1109 1667 1141 hac
1703 1109 1771 1141 vice

1033 1163 1211 1202 dumtaxat,
1231 1163 1418 1205 specialiter
1443 1169 1473 1195 et
1499 1172 1651 1205 expresse
1678 1162 1773 1195 dero-

1032 1227 1164 1258 gamus3
1204 1217 1386 1260 ceterisque
1423 1217 1597 1249 contrariis
1633 1217 1771 1259 quibus—

1031 1281 1183 1313 cumque.

1075 1323 1188 1356 Datum
1214 1324 1350 1363 Romae,
1375 1324 1461 1367 apud
1495 1324 1526 1357 S.
1554 1324 1686 1357 Mariam
1711 1324 1775 1356 Ma-

1032 1377 1134 1409 iorem
1151 1404 1159 1417 ,
1186 1378 1246 1409 sub
1273 1379 1396 1410 annulo
1421 1377 1594 1410 Piscatoris
1610 1405 1617 1417 ‚
1643 1377 1694 1410 die
1719 1387 1774 1410 xvi

1033 1430 1145 1473 aprilis
1169 1440 1355 1471 MDccxxxn,
1373 1431 1583 1474 pontificatus
1602 1431 1706 1463 nostri
1723 1442 1775 1463 an—

1034 1494 1075 1516 no
1101 1493 1136 1516 11.

1069 1545 1127 1571 bat.
1149 1545 1193 1570 die
1216 1548 1247 1571 lli
1267 1546 1362 1580 aprilis
1383 1546 1468 1579 1732,
1490 1547 1585 1580 pontifi
1608 1555 1677 1572 anuo
1697 1552 1725 1572 11.

1322 1600 1356 1632 F.
1383 1601 1472 1632 card.
1501 1600 1684 1633 Otivssiuns.

1363 1752 1439 1785 th.

1035 1822 1257 1864 Confirmalur
1299 1823 1462 1856 decretum
1510 1824 1777 1867 Conqreslalionis

1076 1876 1306 1918 particularis,
1345 1888 1363 1908 a
1402 1877 1607 1909 sanctissimo
1646 1877 1777 1909 domino

1080 1933 1186 1960 nostro
1226 1929 1401 1971 deputatae
1438 1940 1535 1972 super
1574 1929 1778 1962 observanti&

1079 1982 1350 2013 constitutionum
1374 1982 1576 2025 AEqidianae
1592 1987 1619 2014 el
1638 1982 1779 2025 Carpen-

1079 2036 1134 2073 δίε,
1154 2040 1181 2067 et
1202 2035 1402 2067 eoelu‘lnsstione
1420 2039 1447 2067 el
1465 2036 1704 2068 arcln'vialioae
1726 2036 1778 2067 in-

1081 2093 1334 2121 strumentormn
1356 2100 1416 2132 pro
1443 2089 1730 2122 commorientibus
1749 2094 1778 2121 et

1082 2142 1354 2174 universitatibus
1381 2143 1570 2185 provinciae
1599 2142 1777 2175 Marcltiae.

1251 2223 1386 2249 Clemens
1407 2223 1485 2256 Papa
1505 2223 1569 2254 xu,

1176 2269 1213 2295 ad
1231 2269 1366 2295 futuram
1386 2269 1432 2295 rei
1451 2269 1639 2295 memoriam.

1084 2340 1144 2383 {¹l.
1161 2340 1270 2383 Nuper
1284 2351 1300 2372 a
1315 2340 1502 2382 particulari
1519 2340 1780 2381 Congregatione

1041 2395 1275 2426 nonnullorum
1310 2394 1475 2425 Romanae
1500 2392 1615 2425 Curiae
1653 2394 1781 2436 praela-

1041 2453 1146 2480 torum
1174 2458 1190 2479 a
1215 2447 1307 2479 nobis
1334 2447 1486 2489 deputata
1511 2457 1609 2489 super
1634 2447 1780 2480 observa-

1043 2501 1131 2533 tione
1158 2500 1426 2533 constitutionum
1446 2500 1633 2543 A'Egidiauac
1661 2506 1692 2533 ct
1710 2500 1781 2533 Car-

1042 2553 1151 2596 peusis
1186 2554 1217 2585 iu
1255 2553 1420 2596 provincia
1457 2555 1566 2586 nostra
1604 2553 1776 2592 Marchiae,

1079 2619 1088 2643 1
1112 2616 1182 2643 Edit.
1205 2616 1283 2642 Mam.
1306 2616 1370 2650 legit
1390 2616 1536 2643 tenoribus
1555 2618 1594 2648 (R.
1610 2617 1658 2645 T.l.

1656 199 1721 233 395
1767 209 1817 232 An.
1838 207 1866 232 c.
1889 206 1958 233 1732

1803 374 1962 395 Contrariorum

1775 401 1894 426 dvi-ugano.

1860 2361 1974 2381 Deci-etum

1791 2389 1888 2408 refertur.
