2182 3137
60 215 115 242 An.
136 214 167 242 G.
185 214 254 242 ¹730

99 1755 242 1776 Canonicatus

58 1783 242 1803 nonnullarumee-

57 1809 168 1829 etesiarum
187 1810 241 1830 iltius

70 1835 226 1861 professoribus

55 1861 196 1882 conferendos
205 1868 239 1889 apr

57 1888 135 1917 plicat,
157 1894 182 1909 ae
206 1890 242 1910 de-

55 1917 131 1935 comit.

911 219 1053 243 ctifflffixs·
1082 223 1124 244 ΧΗ
1151 224 1197 245 ΙΨ.

260 265 441 298 modolibet
464 266 720 300 introducendas
758 271 790 299 et
827 267 1027 303 movendas}

259 318 293 351 in
319 319 477 359 futurum,
504 319 660 358 iudicare,
687 318 847 359 definire,
876 318 1027 363 sineque,

261 371 371 405 debito
399 372 587 412 terminare,
606 378 638 405 et
662 372 840 404 sententias
866 372 1006 415 desuper
1026 375 1027 380 ’

260 425 342 456 latas
369 430 401 457 et
437 425 605 464 ferendas,
631 425 726 457 etiam
759 435 818 466 per
849 435 1004 458 censuras

260 476 407 519 aliasque
432 487 555 519 poenas
582 477 827 517 ecclesiasticas,
846 477 892 509 uti
912 488 1002 518 vero,

259 529 406 571 legitimo
433 535 463 562 et
487 535 697 572 competente
715 529 851 569 iudice¹,
872 531 1003 573 exequi3

260 592 389 615 necnon
416 582 623 625 praeinserta
639 588 671 616 et
688 594 705 616 a
722 583 816 616 nobis
834 594 893 626 per
911 594 1005 626 prae-

258 640 367 668 sentes
404 641 438 667 ut
473 636 656 678 praefertur
680 637 862 679 approbata
888 641 1005 668 statuta

258 688 419 731 praefata,
447 689 507 721 sub
533 689 648 731 poenis
675 689 707 721 in
733 689 1004 721 contrafacientes

260 746 293 773 et
318 741 459 774 rebelles
484 741 610 774 statutis
635 748 667 774 et
690 741 841 780 inflictis,
867 741 1003 774 inviola-

258 794 372 827 biliter
395 794 562 827 observari
581 795 697 835 facere,
717 805 822 838 eaque
848 795 1004 837 interpre-
1024 795 1026 806 ¹

260 847 328 887 tari,
356 853 398 886 et,
423 848 447 880 si
474 858 582 880 rerum
608 853 639 880 et
664 853 846 890 temporum
864 847 945 880 ratio
972 847 1003 880 id
1024 842 1025 915 i

259 900 423 940 suaserit,
451 901 639 940 moderari,
664 901 791 944 aliaque
829 902 868 934 de
895 911 1000 941 novo,
1024 930 1025 945 3

258 953 433 986 dummodo
472 960 576 986 tamen
614 954 670 987 illa
705 955 841 997 praefati
867 956 1001 989 Com-ilii

257 1007 436 1039 Tridentini
453 1008 601 1047 decretis,
618 1008 908 1041 constitutionibus
927 1021 1003 1052 apo-
1024 1011 1025 1015 ’

257 1059 390 1099 stolicis,
406 1070 442 1092 ac
456 1061 555 1093 sacris
571 1061 750 1094 canonibus
765 1063 917 1105 praefatis
936 1073 1001 1095 non
1023 1069 1025 1105 ζ

257 1112 482 1153 adversentur,
509 1114 661 1154 condere,
688 1115 885 1158 conditaque
914 1116 1003 1148 simi-

255 1165 350 1205 liter,
378 1171 414 1197 ut
446 1167 650 1209 praefertur,
674 1168 838 1200 observari
874 1169 1000 1209 facere,
1023 1211 1024 1218 ἵ

255 1229 385 1252 necnon
412 1220 521 1253 dicere
548 1227 577 1253 et
603 1231 718 1263 gerere
742 1222 852 1254 omnia
881 1228 912 1254 et
936 1219 1023 1264 sin-l

256 1273 332 1314 gula
365 1272 447 1313 alia,
474 1284 557 1316 quae
594 1275 733 1316 provido
760 1275 904 1308 eiusdem
930 1275 1000 1307 uni-

254 1326 434 1366 versitatis,
462 1338 479 1360 a
511 1328 659 1370 praefato
686 1329 838 1372 Philippo
865 1340 941 1371 rege
967 1335 1000 1361 ut

255 1380 441 1422 praefertur
456 1387 583 1413 erectae
600 1387 629 1413 et
648 1382 803 1414 fundatae
822 1388 853 1415 et
869 1394 886 1415 a
906 1383 999 1415 nobis
1021 1381 1023 1410 ἶ

255 1443 316 1475 per
327 1439 516 1475 praesentes
531 1435 627 1467 etiam
641 1441 675 1467 ut
688 1436 873 1478 praefertur
883 1447 1000 1479 appro-

1022 1156 1024 1174 l

259 1539 303 1571 tui
318 1549 378 1581 pro
395 1545 541 1582 tempore
556 1541 710 1583 expedire
722 1541 999 1585 dignoscuntu1·‘⁴'),

254 1593 436 1636 apostolica
455 1594 665 1633 auctoritate,
684 1600 791 1634 motu,
814 1595 950 1628 scientia
968 1599 999 1628 et

253 1646 423 1689 potestatis
447 1647 655 1690 plenitudine
688 1649 845 1690 praefatis
879 1649 1001 1691 pariter

253 1705 417 1743 perpetuo
444 1700 677 1733 constituimus
704 1707 736 1734 et
762 1702 970 1744 deputamus.

297 1754 312 1797 ξ
337 1753 390 1786 102.
418 1753 568 1786 Ceterum
595 1765 667 1794 nos,
691 1761 725 1787 ut
750 1756 920 1798 cupientes
946 1758 1001 1790 ab·

253 1806 439 1840 sconditum
465 1807 497 1839 in
525 1817 603 1849 agro
630 1808 811 1840 litterarum
830 1809 926 1841 studii
948 1821 998 1842 ac-

253 1860 385 1903 quirere
407 1860 565 1892 scientiae
592 1861 801 1902 thesaurum,
829 1862 882 1904 qui
921 1873 997 1895 suos

252 1924 318 1946 non
346 1914 448 1946 solum
476 1914 628 1956 provehit
652 1925 860 1957 possessores
879 1921 910 1948 et
929 1916 998 1948 illu⁴

253 1972 359 2006 strat,
388 1978 496 1999 verum
524 1967 618 1999 ctiam
638 1968 769 2000 domum
789 1968 843 2000 Dei
864 1969 999 2012 insignit

253 2025 286 2052 et
306 2020 448 2060 decorat,
469 2019 643 2052 habiliori³
668 2020 813 2053 eiusdem
844 2022 997 2061 thesauri,

252 2073 292 2105 ad
319 2083 432 2105 eorum
459 2072 644 2115 cupiditatis
674 2074 869 2113 satietatem,
898 2076 996 2108 divini

252 2126 377 2159 servitii
415 2127 589 2165 decorem,
617 2127 787 2169 spirituale
814 2128 995 2162 animarum

251 2179 441 2220 subsidium,
460 2179 644 2212 afficiantur
660 2191 782 2221 amore,
800 2193 898 2215 unum
918 2188 949 2216 et
966 2194 998 2215 u-

252 2243 326 2265 nam
346 2244 382 2265 ex
401 2233 664 2273 Tarraconensi&
681 2244 717 2266 ac
734 2245 832 2267 unum
853 2240 880 2267 et
901 2246 996 2268 unam

252 2296 290 2318 ex
309 2286 580 2326 Barchinonensi,
599 2297 635 2319 ac
653 2298 751 2319 unum
777 2293 810 2320 et
835 2298 931 2321 unam
958 2299 995 2321 ex

291 2392 300 2417 ¹
325 2390 418 2417 Potius
438 2391 496 2425 lege
516 2392 610 2419 iudici
628 2394 666 2425 (a.
684 2394 733 2424 τ.).

288 2435 305 2461 2
325 2435 439 2462 Videtur
459 2436 605 2470 tegendum
625 2437 833 2471 dianoscenlur
854 2439 890 2472 (n.
907 2439 956 2470 τ.).

288 2479 305 2506 3
324 2480 427 2506 Forsan
448 2481 576 2507 avidiori
595 2482 635 2514 (n.
651 2482 701 2511 τ.).

290 2525 305 2550 A
325 2524 422 2551 Potius
442 2524 503 2557 tege
527 2525 750 2552 Tarraconensis
764 2547 817 2553 .....
830 2528 995 2554 Barchino-

252 2569 352 2596 nensis
365 2589 419 2596 .....
432 2572 484 2596 etc.
505 2570 696 2597 ecclesiarum
709 2591 763 2597 .....
780 2572 996 2600 canonicatibus

252 2616 278 2640 et
294 2613 471 2647 praebendis
490 2613 531 2647 (n,
552 2613 599 2647 τ.).

1049 270 1218 311 ilerdensi,
1241 283 1277 304 ac
1303 284 1403 306 unum
1428 279 1459 306 et
1484 285 1580 307 unam
1606 285 1643 307 ex
1669 275 1796 308 Gerun-

1049 322 1152 362 densi,
1179 335 1214 356 ac
1239 335 1338 358 unum
1365 332 1396 358 et
1421 337 1517 360 unam
1543 339 1580 361 ex
1597 328 1733 368 Vicensi,
1754 342 1790 361 ac

1049 385 1148 407 unum
1174 382 1204 408 et
1228 387 1324 410 unam
1351 389 1387 410 ex
1410 379 1603 422 Urgellensi,
1626 392 1663 413 ac
1687 392 1789 414 unum

1049 433 1081 459 et
1104 438 1201 460 unam
1239 441 1276 462 ex
1303 431 1539 472 Derthusensi,
1566 444 1601 466 ac
1628 444 1726 467 unum
1761 443 1794 467 et

1048 490 1143 513 unam
1168 483 1347 525 respective
1377 486 1602 518 canonicatum
1635 493 1667 519 et
1699 498 1793 530 prae-

1049 533 1187 565 bendam
1213 545 1249 566 ex
1267 535 1458 569 Celsonensi
1485 539 1664 581 respective
1691 541 1794 573 eccli·-

1025 579 1026 630 ζ
1049 586 1168 618 siarum
1209 593 1241 619 et
1276 598 1385 621 earum
1411 589 1586 623 cuiuslibet
1610 593 1792 635 respective

1025 674 1026 680 ἵ
1049 640 1298 672 canonicatibus
1336 647 1368 674 et
1400 644 1614 685 praebendis,
1641 645 1733 678 illum
1761 653 1794 678 et

1025 728 1026 740 ἢ
1048 692 1137 724 illam
1158 693 1310 726 videlicet
1337 705 1372 726 ex
1399 695 1524 728 eisdem
1546 698 1726 740 respective
1744 709 1796 731 ca-

1025 743 1026 786 ]
1049 746 1256 778 nonicatibus
1282 752 1313 779 et
1338 748 1545 790 praebendis,
1573 750 1626 792 qui
1653 756 1684 782 et
1710 762 1793 794 quae

1048 798 1187 841 primum
1207 810 1265 841 per
1283 810 1421 839 cessum,
1437 801 1532 833 etiam
1552 813 1587 834 ex
1607 805 1702 835 causa
1719 814 1794 846 per-

1049 852 1261 891 mutationis,
1286 854 1335 885 vcl
1362 853 1532 886 decessum
1557 865 1613 887 seu
1642 856 1794 898 privatio-

1048 915 1132 942 nem,
1153 911 1207 937 aut
1222 906 1368 948 quamvis
1389 907 1484 939 aliam
1502 907 1726 940 dimissionem
1743 911 1792 941 vel

1024 990 1025 1000 ἵ
1048 957 1257 990 amissionem
1283 959 1358 991 illos
1383 964 1415 992 et
1438 960 1511 992 illas
1536 961 1715 1003 respective
1741 962 1794 993 ob-

1049 1011 1180 1042 tinentis
1206 1021 1261 1043 seu
1288 1012 1469 1054 respective
1491 1014 1719 1054 obtinentium,
1737 1020 1792 1047 aut

1047 1062 1124 1095 alias
1149 1065 1264 1106 quovis
1290 1066 1399 1102 modo.
1418 1067 1514 1099 etiam
1534 1067 1565 1099 in
1588 1068 1794 1110 quibuscum·

1048 1127 1110 1158 que
1138 1117 1304 1150 mensibus
1329 1118 1423 1151 nobis
1449 1125 1480 1151 et
1506 1120 1661 1152 Romanis
1683 1121 1793 1153 Ponti-

1047 1169 1160 1201 ficibus
1187 1181 1246 1213 pro
1274 1176 1418 1214 tempore
1447 1173 1674 1213 existentibus,
1700 1174 1793 1207 Sedi-

1046 1233 1107 1265 que
1133 1224 1294 1266 praefatae
1309 1224 1325 1264 ⁴,
1351 1236 1409 1268 per
1431 1236 1650 1270 quascumque
1670 1228 1789 1260 consti-

1047 1277 1188 1309 tutiones
1214 1278 1417 1320 apostolicas,
1439 1280 1488 1311 vel
1515 1286 1640 1312 nostras
1660 1285 1691 1313 et
1708 1280 1790 1313 Can-

1045 1330 1196 1363 cellariae
1222 1332 1429 1374 Apostolicae
1456 1334 1583 1374 regulas
1613 1333 1714 1366 editas
1741 1336 1789 1367 vet

1045 1383 1205 1421 edendas,
1233 1391 1286 1416 aut
1311 1385 1389 1417 alias
1414 1387 1663 1428 quomodolibet
1689 1398 1789 1420 reser—

1045 1436 1134 1475 vatis,
1159 1443 1214 1468 aut
1240 1438 1414 1470 ordinariis
1440 1440 1665 1479 collatoribus,
1693 1440 1789 1474 etiam

1045 1499 1104 1531 per
1136 1490 1382 1524 constitutiones
1419 1497 1450 1524 ct
1486 1493 1614 1535 regulas
1636 1494 1790 1531 easdem,

1045 1552 1102 1574 seu
1128 1542 1250 1576 litteras
1276 1545 1554 1585 alternativarum,
1573 1552 1627 1578 ant
1648 1547 1710 1579 alia
1728 1548 1791 1590 pri-

1045 1595 1162 1637 vilegia
1188 1601 1219 1628 et
1243 1596 1382 1638 indulta,
1401 1598 1499 1630 etiam
1520 1599 1552 1631 S.
1573 1599 1610 1631 R.
1630 1600 1665 1632 E.
1686 1601 1791 1633 cardi-

1046 1649 1185 1689 natibus,
1212 1650 1310 1682 etiam
1337 1650 1376 1683 de
1403 1651 1505 1684 latere
1536 1652 1661 1694 legatis,
1700 1654 1787 1685 vice-

1045 1702 1185 1744 legatis,
1213 1703 1386 1746 dictaeque
1418 1704 1510 1737 Sedis
1547 1705 1673 1737 nunciis
1711 1717 1790 1739 con-

1044 1766 1154 1795 cessa,
1181 1757 1444 1799 competentibus
1470 1759 1648 1801 respective
1675 1770 1789 1792 vacare

1043 1809 1239 1851 contigerit,
1266 1810 1443 1853 unicuique
1485 1822 1520 1843 ex
1562 1812 1691 1844 clericis
1732 1823 1788 1845 seu

1042 1863 1244 1905 presbyteris
1284 1864 1527 1906 professoribus
1572 1866 1757 1899 academiae
1778 1894 1785 1905 ,

1043 1925 1097 1947 seu
1113 1916 1322 1958 proprietatis
1337 1916 1403 1949 sive
1419 1919 1585 1959 regentiae
1600 1919 1787 1953 cathedram

1042 1969 1073 1999 in
1096 1969 1306 2002 universitate
1327 1971 1474 2012 praefata
1500 1982 1516 2003 a
1542 1972 1686 2014 praefato
1712 1973 1787 2006 Phi-

1043 2022 1130 2064 lippe
1156 2032 1233 2064 rege
1259 2028 1293 2054 ut
1317 2023 1503 2064 praefertur
1531 2028 1640 2058 erecta
1664 2031 1696 2058 et
1722 2027 1788 2059 fun-

1042 2076 1114 2107 data
1151 2081 1183 2108 et
1217 2087 1233 2107 a
1266 2076 1360 2108 nobis
1384 2087 1444 2119 per
1469 2084 1657 2120 praesentes
1690 2080 1785 2113 etiam

1042 2133 1076 2160 ut
1108 2128 1291 2171 praefertur
1323 2130 1506 2172 approbata
1536 2131 1782 2170 obtinentibus,

1042 2182 1081 2213 ab
1113 2182 1298 2222 academia,
1324 2183 1476 2216 videlicet
1507 2185 1645 2226 collegio
1668 2185 1784 2218 desini·

1043 2240 1147 2268 torum
1177 2237 1273 2278 vulgo
1294 2242 1482 2278 nuncupato
1507 2237 1647 2269 claustro
1671 2237 1710 2270 de
1734 2237 1783 2270 dc-

1039 2288 1179 2331 pulaclos
1216 2288 1436 2321 universitatis
1474 2302 1490 2322 a
1522 2290 1668 2332 praefato
1708 2290 1783 2323 Phi-

1042 2343 1131 2386 lippo
1150 2353 1224 2385 rege
1249 2349 1283 2374 ut
1308 2343 1491 2385 praefertur
1508 2348 1634 2375 erectae
1660 2349 1691 2376 et
1717 2344 1784 2377 fun-

1042 2396 1136 2428 datae
1159 2401 1190 2427 et
1215 2406 1232 2427 a
1257 2395 1352 2428 nobis
1380 2406 1438 2438 per
1467 2401 1655 2438 praesentes
1684 2396 1780 2430 etiam

1041 2455 1074 2481 ut
1108 2448 1290 2491 praefertur
1332 2448 1531 2490 approbatae
1569 2448 1778 2489 huiusmodi,

1041 2501 1243 2534 cessantibus
1265 2506 1369 2533 tamen
1389 2501 1662 2535 resen-rationibus
1681 2508 1713 2535 et
1738 2503 1784 2536 af-

1042 2555 1236 2588 fectionibus
1263 2554 1462 2597 apostoliciS,
1489 2556 1698 2589 nominandis
1723 2567 1780 2590 seu

1074 2617 1084 2642 1
1111 2616 1180 2643 Edit.
1203 2616 1286 2642 Maia.
1309 2616 1374 2651 legit
1391 2618 1530 2651 praefata
1553 2618 1591 2652 (n.
1608 2618 1657 2652 τ.).

1695 216 1759 249 907
1806 228 1856 254 An.
1879 228 1907 254 c.
1929 229 1993 255 17:30
