2182 3137
205 173 257 200 An.
272 171 303 199 C.
323 171 394 199 1730
438 164 504 196 ’11111

403 231 418 250 a
441 222 671 260 Quadragesima
693 231 761 252 vero
779 222 814 252 ad
837 222 906 252 anni
929 222 1025 252 lectivi
1042 223 1142 260 finem,

402 274 465 309 post
488 270 639 299 meridiem
662 270 697 299 ab
720 271 792 299 hor-tt
814 271 920 309 quarta.
951 270 986 299 ad
1018 275 1142 308 sextam,

401 317 505 347 thesim
530 318 667 356 aliquam,
693 327 743 357 per
765 318 941 357 discipulum
966 327 1018 357 pro
1040 328 1144 357 sugge-

400 370 447 394 stu
469 365 691 403 defendendam,
716 367 881 396 alternatim
905 371 1087 406 proponant,
1112 371 1143 396 ut

403 414 525 452 incipiat
548 415 750 453 philosophiae
774 416 892 445 moralis
924 416 1088 454 professor,
1115 420 1143 445 et

400 463 507 501 reliqui
526 463 663 503 deinceps
685 463 787 493 ordine
811 469 1038 504 prosequantur.

443 511 616 542 Huiusmodi
632 517 730 541 autem
753 513 882 542 thesibus
898 519 1023 553 quatuor
1039 514 1142 544 saltem

401 562 551 600 oppositae
574 562 737 591 sententiae
764 563 912 593 scholares
939 568 1141 601 argumentum

402 619 454 648 pro
478 620 508 639 se
531 611 684 649 quisquam
708 611 859 649 obiiciant,
876 613 975 642 eiusve
990 612 1144 641 difficulta-

402 662 461 687 tem
481 659 614 689 doctores
631 660 685 698 ipsi
702 669 753 689 seu
770 661 902 698 magistri
919 665 1082 698 augeantet
1095 669 1144 689 ex-

404 711 526 743 acuant3
544 708 774 747 unumquodque
796 714 1003 747 argumentum
1027 718 1077 747 per
1099 718 1143 736 se-

402 756 566 785 mihorulae
606 757 733 795 spatium
770 758 872 794 duret,
903 762 930 786 et
968 756 1144 796 praesidenti

401 808 527 843 quatuor
559 805 665 843 regalia
689 806 814 843 dentur,
839 806 896 835 duo
920 815 988 834 vero
1021 805 1145 843 singulis

401 858 575 890 argumenta
600 854 829 892 proponentibus
853 854 1010 891 magistris.

447 902 522 931 llaec
554 903 689 940 perutilis
717 902 948 940 disputationum
978 906 1006 931 et
1029 906 1146 931 contro-

403 950 565 980 versiarum
599 951 675 980 inter
707 950 867 989 discipulos
904 951 1074 980 exercitatio
1109 950 1145 979 ab

404 999 540 1028 omnibus
563 999 629 1028 aliis
652 999 865 1037 professoribus
888 1000 1061 1033 medicinae,
1081 1009 1146 1028 nec—

403 1057 460 1076 non
486 1047 660 1084 theologiae,
678 1048 706 1076 111
723 1047 874 1077 academia
896 1047 1093 1083 retinebitur,
1116 1048 1145 1076 in

403 1096 467 1124 iure
485 1100 580 1125 tamen
600 1095 680 1125 civili
703 1100 731 1125 01
754 1097 894 1126 canonico
916 1096 951 1125 ab
974 1097 1010 1125 iis
1033 1100 1145 1125 tantum

402 1144 450 1181 qui
475 1144 650 1183 temporales
673 1144 825 1174 cathedras
847 1144 1030 1174 obtinebunt.

443 1192 551 1222 Theses
574 1193 729 1230 etusmodi,
754 1193 840 1223 sicuti
856 1198 884 1223 et
900 1194 1026 1233 reliquas
1049 1194 1147 1233 dispu-

403 1243 527 1271 tationes
560 1242 589 1271 in
620 1244 703 1272 carta
735 1243 953 1281 manuscriptas
982 1243 1073 1281 gratis
1097 1243 1148 1271 tri-

403 1290 535 1320 buendas
568 1290 693 1320 hidellus
716 1300 730 1319 a
756 1291 921 1329 professore
950 1291 1095 1330 accipiat,
1119 1296 1147 1321 et

403 1344 556 1378 postquam
580 1339 615 1368 ad
638 1339 763 1368 iudicem
787 1340 1015 1370 subscribendas
1043 1341 1145 1370 attule-

403 1387 451 1422 rit,
478 1387 570 1426 pridie
594 1387 704 1417 foribus
727 1388 870 1427 gymnasii
892 1389 1011 1417 maioris
1038 1389 1146 1418 artium

405 1436 524 1473 affigat,
549 1446 644 1474 neque
667 1445 715 1465 eas
739 1437 837 1475 praelo
860 1437 933 1469 dari,
958 1437 1088 1476 exceptis
1111 1438 1147 1466 iis

402 1494 477 1524 quae
499 1485 528 1514 in
551 1487 655 1514 octava.
677 1486 887 1524 Conceptionis
911 1491 1145 1525 propugnamus,

404 1542 457 1563 nec
481 1534 575 1563 serico
598 1543 727 1573 unquam
751 1534 794 1564 uti
817 1534 928 1573 licebit,
948 1535 1061 1564 etiamsi
1084 1535 1148 1564 the-

404 1591 450 1611 ses
471 1582 545 1622 typis
564 1583 698 1613 mandari
721 1583 908 1612 concedatur.
926 1583 976 1612 Die
999 1593 1067 1613 vero
1083 1592 1147 1622 pro-

404 1631 628 1669 pugnandarum
652 1631 779 1660 thesium
808 1635 939 1670 tempora
972 1632 1146 1661 lectionibus

407 1679 580 1717 praestituta
601 1680 745 1718 tantisper
766 1680 979 1709 diminuantur.

443 1727 586 1767 Tempore
609 1728 767 1758 lectiomnu
791 1738 976 1767 nequaquam
994 1729 1081 1759 liceat
1098 1739 1147 1759 ex-

402 1777 612 1807 traordinarias
636 1777 733 1807 theses
755 1778 921 1815 defendere,
945 1778 1002 1807 uisi
1025 1779 1110 1808 venia
1131 1789 1146 1808 a

401 1827 577 1856 cancellario
600 1827 766 1866 impetrata.

464 1901 526 1932 Ttr.
545 1901 592 1931 lx.
612 1921 644 1924 ——
665 1902 704 1932 De
720 1903 871 1932 mecle'ctnae
884 1904 1093 1942 professoribus.

222 1983 393 2013 'Ad-mediclnae
443 1972 586 2008 Quoniam
610 1982 667 2002 non
690 1983 844 2003 ascensum
861 1974 912 2003 sed
930 1975 1045 2004 ruinam
1061 1984 1147 2013 quae-

209 2009 393 2057 ffiffi'.⁰{1¹¹2³12¹1¹1¹1¹,¹{
404 2031 469 2051 rere
492 2022 608 2051 videtur
636 2022 677 2058 is,
702 2023 751 2060 qui
786 2023 984 2052 transiliendis
1007 2023 1146 2061 gradibus

210 2063 541 2111 225530132¹⁰⁵e¹meglect0
568 2071 672 2100 ordine
693 2071 726 2100 ad
751 2072 904 2110 superiora
933 2072 1055 2108 nititur,
1079 2083 1145 2103 cum

405 2119 442 2148 sit
475 2118 558 2148 rudis
591 2119 787 2156 inferiorum,
822 2125 961 2159 cavetur,
993 2130 1029 2150 ue
1063 2122 1147 2151 scho—

405 2167 483 2197 lares
506 2172 572 2197 ante
604 2168 639 2197 ad
672 2168 834 2198 medicinae
866 2170 1019 2199 scientiam
1042 2170 1147 2200 admit-

405 2220 516 2253 tantur,
540 2225 627 2255 quam
650 2217 727 2246 circa
751 2217 871 2246 latinam
894 2218 1024 2256 linguam
1046 2228 1060 2248 a
1084 2219 1147 2248 rhe-

406 2265 512 2294 torices
534 2266 697 2304 professore
722 2266 880 2296 examinati
911 2267 970 2296 sint
991 2272 1020 2297 et
1043 2277 1147 2307 appro-

406 2313 477 2350 bati,
501 2319 530 2344 et
552 2314 659 2343 artium
683 2314 938 2345 baccalaureatum
967 2316 997 2345 in
1029 2316 1081 2346 hac
1104 2317 1148 2346 vel

405 2362 463 2392 alia,
485 2363 675 2392 universitate
697 2363 856 2393 consecuti.

212 2421 290 2442 Cursus
309 2421 396 2442 meraci-
446 2411 554 2441 Cursus
578 2412 743 2442 medicinae
764 2413 959 2452 quadriennio
980 2413 1148 2451 definiatur,

212 2454 252 2469 nae
305 2450 413 2474 quatuor·
773 2461 778 2466 .
1081 2463 1086 2468 .
1143 2464 1147 2468 .

212 2465 446 2504 complendusan-ltss
470 2465 566 2490 tamen
589 2465 621 2490 ut
649 2465 708 2491 tres
735 2471 848 2501 priores
881 2471 972 2491 annos
1004 2462 1149 2493 candidati

212 2506 255 2521 ms.

409 2509 547 2539 theoricis
569 2509 721 2540 dumtaxat
744 2511 917 2550 praeceptis,
941 2514 1078 2550 quartum
1100 2521 1151 2541 au-

409 2561 468 2587 tem
491 2558 574 2597 praxi
597 2558 684 2588 etiam
709 2559 891 2596 incumbant,
911 2568 941 2589 se
965 2559 1076 2590 doctori
1099 2559 1152 2589 ali-

968 175 1152 198 BULLARIUM
1179 175 1336 200 ROMANUM

1186 224 1257 260 cui,
1287 225 1381 263 aegris
1416 225 1562 263 medenti,
1599 225 1816 263 adiungente53
1853 225 1927 255 hauc

1186 273 1288 312 quinto
1311 274 1421 313 pariter
1443 284 1518 304 anno
1541 278 1769 313 prosequantur,
1787 274 1832 303 vel
1856 275 1927 304 Cer-

1187 322 1295 359 variae,
1321 323 1366 352 vel
1385 323 1413 352 in
1431 323 1546 352 civitate
1563 322 1804 360 Barchinonensi,
1823 322 1929 352 Tarra-

1185 371 1322 408 conensi,
1347 371 1544 407 Gerundensi,
1569 371 1720 405 llerdensi,
1744 372 1926 408 Dertusensi,

1186 424 1234 449 aut
1256 420 1385 450 Vieensi.
1411 420 1584 457 Obligentur
1606 425 1756 459 praeterea
1785 420 1927 458 eiusdem,

1187 468 1262 506 apud
1292 478 1378 507 quem
1401 478 1431 498 se
1454 469 1648 506 exercuerint,
1674 469 1801 498 doctoris
1824 468 1928 498 afferre

1187 517 1386 547 testimonium
1404 527 1501 547 coram
1517 518 1599 547 1111115
1615 522 1748 556 praetore
1768 518 1930 556 suscipien-

1187 565 1266 594 dum.
1291 565 1398 600 Quarto
1421 570 1517 595 tamen
1545 575 1621 594 1111110
1643 570 1746 595 exacto
1761 589 1767 601 ,
1792 570 1929 604 poterunt

1187 613 1413 643 bacealaureatu
1429 614 1578 651 insigniri,
1597 614 1645 643 sed
1662 614 1789 653 diploma
1809 614 1927 652 gradis,

1188 662 1244 691 uisi
1267 662 1401 701 quintum
1421 663 1519 701 praxis
1536 672 1645 692 annum
1661 663 1853 702 expleverint,
1870 672 1929 692 11011

1188 711 1330 740 tradatur.

1227 759 1386 788 Medicinae
1409 760 1600 798 professores,
1634 759 1717 788 statis
1749 759 1830 788 horis
1863 764 1930 789 ante

1189 808 1232 836 vel
1256 813 1320 846 post
1336 808 1499 845 meridiem,
1517 808 1640 845 singulis
1657 808 1823 847 quibusque
1845 808 1931 838 annis

1190 856 1322 885 utiliores
1335 856 1490 885 universae
1502 857 1664 886 medicinae
1677 861 1829 894 tractatuS,
1843 865 1930 886 suum

1188 903 1312 943 quisque
1345 905 1481 943 propriae
1513 905 1669 934 cathedrae
1693 909 1904 942 congruentem
1922 927 1929 940 ‚

1191 952 1305 991 publice
1328 953 1453 982 doceant
1476 956 1503 981 et
1525 953 1681 990 diligenter
1700 953 1860 991 explicent.

1229 1002 1402 1039 Chirurgiae
1426 1002 1590 1040 professor,
1615 1011 1689 1040 quae
1712 1002 1747 1031 ad
1771 1002 1844 1031 hanc
1868 1011 1932 1041 par-

1191 1054 1246 1079 tem
1271 1051 1430 1089 pertinent,
1457 1050 1583 1080 triennio
1605 1050 1746 1079 absolvat.

1229 1099 1298 1128 Tam
1322 1099 1485 1128 medicinae
1518 1108 1603 1137 quam
1635 1099 1802 1136 chirurgiae
1824 1099 1933 1138 profes-

1191 1156 1271 1176 sores
1294 1151 1434 1176 tractatus
1463 1147 1588 1176 ordine¹
1611 1157 1676 1176 mox
1705 1146 1932 1186 praescribendo

1190 1195 1380 1232 distribuant,
1405 1196 1560 1225 videlicet:

1232 1245 1391 1274 Primarius
1423 1245 1585 1274 medicinae
1617 1254 1694 1274 aimo
1727 1245 1821 1284 primo
1853 1254 1932 1275 com-

1192 1295 1334 1323 mentaria
1368 1295 1397 1323 in
1432 1298 1491 1324 tres
1524 1294 1633 1334 primos
1656 1293 1748 1324 libros
1776 1294 1878 1325 Galeni
1900 1296 1932 1324 (Ie

1192 1344 1281 1371 morbo
1304 1347 1327 1371 et
1349 1346 1548 1381 symptomate;
1573 1352 1648 1372 1111110
1672 1343 1801 1372 secundo
1825 1344 1856 1373 de
1878 1343 1932 1372 ele-

1191 1393 1288 1421 mentis
1310 1395 1334 1420 et
1353 1392 1532 1426 lzw›zoribus,·
1550 1402 1625 1421 anno
1642 1393 1727 1421 tertio
1750 1393 1781 1421 de
1796 1397 1932 1431 tempera-

1191 1443 1311 1475 mentis,·
1335 1450 1412 1470 anno
1431 1445 1535 1480 quarto
1550 1441 1581 1469 (le
1596 1441 1787 1480 facultatibus.
1810 1441 1934 1481 Vesper-

1191 1491 1270 1519 tiuus
1292 1500 1369 1519 anuo
1392 1490 1485 1529 primo
1507 1491 1538 1519 ‹Ie
1556 1492 1646 1519 causis
1668 1493 1880 1529 symptomatwn
1902 1490 1931 1520 in

1191 1543 1250 1568 tres
1282 1540 1458 1578 posteriores
1487 1539 1589 1569 Galeni
1623 1538 1714 1568 libros
1736 1539 1767 1568 de
1795 1539 1886 1568 morbo
1908 1542 1934 1569 et

1190 1591 1390 1626 sy»vpto>›eate,-
1420 1597 1496 1616 anno
1519 1587 1647 1617 secundo
1670 1587 1877 1617 commentaria
1902 1587 1932 1617 in

1191 1640 1249 1665 tres
1272 1635 1361 1665 libros
1386 1636 1496 1675 primos
1519 1636 1621 1666 Caleni
1650 1637 1681 1664 de
1702 1636 1793 1665 morbo
1815 1639 1840 1665 et
1860 1646 1933 1674 sym-

1188 1688 1325 1723 ptomote:
1349 1694 1425 1713 anno
1449 1685 1535 1714 tertio
1563 1685 1773 1714 commentaria
1803 1685 1832 1714 in
1859 1685 1932 1714 duos

1191 1733 1280 1762 libros
1303 1734 1403 1763 Caleni
1436 1734 1467 1762 de
1490 1734 1657 1773 differentiis
1679 1733 1821 1772 febrium
1856 1742 1932 1763 anno

1191 1785 1294 1820 quarto
1311 1783 1342 1811 (Ie
1362 1782 1490 1821 pulsibus
1505 1785 1529 1811 ez?
1551 1784 1650 1812 arinis.
1674 1782 1931 1820 Prognosacorum

1190 1841 1267 1860 auno
1289 1831 1384 1870 primo
1416 1832 1447 1861 de
1469 1833 1610 1861 curatione
1638 1832 1723 1871 febris
1749 1831 1887 1869 malignae
1908 1834 1933 1861 et

1190 1881 1250 1909 eins
1272 1883 1465 1919 symptomate,
1499 1880 1627 1910 secundo
1660 1881 1691 1910 de
1723 1881 1865 1910 curatione
1890 1883 1933 1920 fe—

1190 1930 1292 1966 briam,
1317 1929 1403 1959 tertio
1430 1930 1640 1960 commentaria
1672 1930 1702 1959 in
1728 1933 1787 1959 tres
1819 1930 1933 1969 priores

1190 1978 1281 2007 libros
1304 1978 1405 2008 Galeni
1421 1979 1453 2007 de
1473 1979 1563 2007 morbo
1579 1982 1604 2007 et
1618 1982 1806 2018 sgslttfptomate,
1826 1982 1931 2018 quarto

1189 2027 1220 2055 de
1253 2029 1395 2055 curatione
1427 2028 1586 2066 effectuum.
1618 2027 1745 2056 Methodi
1775 2036 1851 2056 anno
1874 2027 1932 2067 pri-

1191 2084 1236 2104 mo
1258 2075 1290 2104 de
1312 2076 1457 2113 sanguinis
1486 2076 1614 2104 missione
1635 2078 1660 2104 et
1678 2076 1859 2114 purgatione,
1885 2085 1931 2105 se-

1190 2123 1286 2153 cundo
1309 2125 1341 2153 (le
1363 2124 1484 2153 methodo
1507 2125 1642 2160 medendi,
1667 2124 1751 2153 tertio
1776 2125 1808 2153 (te
1830 2124 1931 2153 morbis

1189 2173 1341 2201 mulierum
1363 2178 1388 2201 et
1407 2182 1570 2210 puerorum,
1588 2177 1690 2211 quarto
1706 2173 1734 2201 in
1758 2177 1817 2202 tres
1840 2172 1931 2202 libros

1190 2221 1302 2260 priores
1325 2221 1425 2251 Galeni
1447 2222 1479 2250 (Ie
1501 2221 1590 2250 morbo
1606 2224 1630 2250 et
1653 2225 1841 2260 symptomata.
1858 2221 1932 2251 Sim-

1191 2270 1309 2309 plicium
1333 2279 1408 2299 anno
1439 2270 1532 2308 primo
1561 2270 1593 2298 de
1618 2270 1789 2309 simplicium
1814 2271 1932 2300 medica-

1191 2323 1344 2347 mentorum
1380 2318 1579 2356 faeultatfflus,
1617 2322 1641 2346 et
1673 2319 1932 2348 medicamentorum

1192 2367 1393 2404 compositione,
1418 2369 1445 2395 et
1467 2366 1613 2405 reliquum
1636 2366 1713 2405 quod
1742 2376 1793 2406 pro
1826 2367 1932 2397 ceteris

1192 2415 1277 2443 annis
1310 2414 1366 2453 ipsi
1399 2414 1627 2452 praescribetur.
1661 2415 1821 2444 Anatomes
1855 2423 1932 2445 anno

1193 2463 1287 2502 primo
1319 2464 1350 2492 de
1382 2464 1485 2492 ossibus
1513 2468 1539 2493 et
1560 2463 1714 2502 musculis,
1739 2463 1869 2493 secundo
1900 2464 1933 2493 de

1231 2567 1240 2590 t
1266 2563 1336 2591 Edit.
1358 2565 1442 2591 Main.
1464 2564 1528 2600 legit
1547 2565 1681 2593 ordinem
1701 2565 1739 2598 (n.
1757 2564 1808 2596 .τ.)

1932 177 1985 204 An.
2006 177 2035 204 C.
2052 177 2127 206 wat)

1942 1261 2054 1283 Methodus
2074 1263 2129 1284 hoc·

1942 1295 1967 1309 ce
1979 1290 1999 1310 in
2009 1294 2072 1310 cursu
2081 1295 2132 1310 ser—

1942 1317 2020 1337 vande.
