2182 3137
54 268 104 294 An.
120 268 148 294 (ἶ.
174 267 241 294 1734

89 441 195 465 Suppiivis
212 440 224 460 ii

52 468 99 488 lul-lli
112 471 178 489 lvii-ir,
188 473 233 486 cunt

52 495 185 513 ιΙμιίυίιιιιιιιι
214 500 234 514 e-

52 524 206 541 numeratione.

870 269 1009 294 CLEMENS

454 318 590 345 Clemens
611 318 689 352 Papa
708 319 776 352 xli,

389 361 424 388 ad
445 362 580 388 futuram
600 362 644 389 rei
664 362 848 389 memoriam.

288 422 303 465 ἓ
324 422 352 455 1.
378 423 499 466 Exponi
520 423 613 455 nobis
633 434 737 466 nuper
757 423 830 455 fecit
848 423 984 456 dilectus

247 475 329 508 filius
357 475 492 508 Didacus
518 476 655 515 Salinas,
678 477 832 508 assistens
851 486 986 518 genera-

246 529 283 561 lis
310 529 493 572 Hispaniae,
519 540 554 562 ac
580 535 774 572 procurator
800 529 985 573 provinciae

246 583 398 615 Bethicae
434 582 561 616 Ordinis
597 583 729 615 fratrum
761 581 985 616 'Eremitarum

245 636 347 669 sancti
376 636 571 679 Augustini,
599 636 685 679 quod
713 636 822 669 dilecti
850 635 906 669 filii
932 637 988 669 de-

247 689 393 722 finitores
409 690 514 722 dictae
529 689 715 732 provinciae
732 690 761 721 in
774 699 885 722 eorum
905 691 988 733 eapi-

247 744 313 776 tulo
340 742 528 786 provinciali
548 753 658 775 mense
673 742 784 785 aprilis
802 752 986 776 Moccxxxui

245 797 425 836 celebrato,
448 795 773 835 animadvertentes',
796 796 987 830 universita-

246 856 308 883 tem
334 851 430 884 studii
456 850 629 893 generalis,
654 850 686 882 in
714 849 845 883 civitate
873 850 986 894 [Iispa-

245 903 327 937 lensi
354 904 472 936 dudum
499 909 654 945 erectam,
681 903 764 936 inter
790 909 914 937 ceteras
941 909 987 937 to-

246 958 307 990 tius
319 958 494 1002 Hispaniae
509 958 736 991 universitates
750 958 894 991 eiusdem
911 969 984 1002 per-

245 1011 419 1051 celebrem,
435 1017 530 1055 atque
549 1012 635 1045 intra
652 1011 732 1045 fines
747 1011 894 1045 eiusdem
913 1022 985 1055 pro-

245 1065 368 1098 vinciae
388 1066 596 1109 praecipuam
611 1066 762 1106 existere,
781 1066 983 1109 multumque

244 1119 431 1162 splendoris
457 1125 488 1152 et
512 1119 695 1152 ornamenti
721 1118 832 1152 Ordini
858 1125 890 1152 et
911 1130 984 1163 pro-

246 1173 368 1206 vinciae
395 1173 549 1216 praefatis
574 1172 680 1205 afferi-i
703 1173 790 1217 quod
816 1173 908 1206 istius
927 1173 981 1206 filii

245 1236 279 1259 ac
306 1226 450 1269 religiosi
477 1227 665 1267 doctoratus
702 1228 812 1260 laurea
845 1227 878 1260 in
913 1227 984 1260 uni-

244 1279 392 1312 versitate
420 1281 587 1323 praedicta
614 1281 827 1321 decorentur,
856 1291 918 1324 quo
944 1281 983 1314 ad

244 1334 480 1377 oppositiones,
508 1340 539 1367 ut
566 1340 687 1374 vocant,
715 1345 773 1368 seu
807 1345 982 1368 concursus

243 1399 303 1432 pro
329 1388 469 1432 publicis
487 1388 618 1422 lecturis
637 1389 666 1421 in
687 1388 754 1432 ipsa
773 1389 982 1422 universitate

242 1442 451 1486 assequendis
471 1442 580 1475 idonei
599 1442 797 1475 reddantur:
820 1442 981 1486 simulque

243 1496 459 1536 attendentes,
485 1496 571 1540 quod
592 1496 704 1529 fratres
723 1496 910 1540 provinciae
928 1496 983 1530 Ca-

245 1550 359 1582 stellae
385 1549 528 1582 eiusdem
553 1549 681 1582 Ordinis
707 1549 756 1582 his
787 1550 825 1584 de
850 1550 955 1583 causis
972 1577 980 1591 ‚

243 1608 274 1634 et
300 1608 333 1634 ut
359 1602 445 1636 illius
473 1603 586 1636 fratres
613 1602 722 1647 aliquo
746 1603 882 1637 honoris
903 1603 982 1636 inci-

244 1660 385 1689 tamento
419 1656 457 1689 ad
491 1656 673 1699 rigorosum
699 1667 833 1690 examen
859 1657 982 1699 littera-

243 1710 375 1752 riosque
393 1709 522 1742 labores
539 1720 598 1753 pro
616 1710 773 1743 eiusmodi
792 1710 890 1753 gradu
910 1721 982 1744 eon-

242 1763 412 1806 sequendo
438 1763 576 1796 alacrius
601 1763 790 1797 subeundos
808 1764 982 1798 excitaren-

243 1821 303 1855 tur,
330 1816 409 1849 alias
435 1816 651 1849 obtinuerunt
675 1828 692 1850 a
718 1816 860 1860 capitulo
887 1828 981 1861 gene-

242 1868 343 1901 nerali
382 1869 483 1912 ipsius
515 1869 645 1903 Ordinis
690 1880 776 1903 anno
812 1881 981 1905 unctxxxv

242 1922 353 1955 habito
375 1923 539 1956 decretum
567 1923 650 1957 inter
667 1929 736 1957 acta
754 1925 829 1957 dicti
848 1925 979 1969 capituli

241 1976 401 2019 generalis
427 1978 574 2016 relatum,
593 1983 688 2020 atque
715 1989 731 2011 a
756 1978 858 2012 felicis
877 1989 981 2012 recor·

241 2030 378 2063 dationis
404 2030 593 2064 Innocentio
620 2031 677 2064 PP.
706 2031 743 2064 ΣΙ
782 2032 976 2075 praedeces-

240 2094 314 2117 sore
340 2089 451 2117 nostro
478 2095 536 2127 per
561 2085 717 2128 quasdam
739 2096 812 2119 suas
831 2086 863 2118 in
882 2086 979 2120 simili

241 2138 343 2171 forma
368 2138 476 2171 Brevis
503 2139 554 2171 die
581 2149 636 2172 xxx
661 2139 773 2182 aprilis
800 2150 980 2174 unctxxxix

240 2191 406 2235 expeditas
443 2192 568 2225 litteras
604 2192 855 2233 confirmatum,
892 2194 979 2237 quod

240 2250 381 2287 quatuor
406 2245 437 2277 in
461 2245 676 2279 Salamantina
703 2251 734 2279 et
760 2252 823 2279 tres
841 2246 873 2279 in
891 2247 980 2280 Com-

239 2299 382 2342 plutcnsi
420 2298 603 2331 studiorum
641 2299 752 2332 itidem
778 2300 977 2343 generalium

239 2351 503 2384 universitatibus
520 2352 720 2396 antiquiores
738 2353 886 2386 doctores
906 2363 979 2396 pro-

238 2405 362 2438 vinciae
387 2405 543 2439 Castellae
569 2407 735 2450 praefatae
767 2406 851 2440 inter
876 2407 978 2449 magi-

238 2464 321 2492 stros
358 2460 536 2503 supradicti
573 2460 701 2493 Ordinis
737 2460 976 2493 adnumerandi

240 2512 362 2553 forent,
387 2520 485 2558 atque
512 2514 664 2547 omnibus
687 2515 890 2559 privilegiis,
921 2514 977 2547 ho-

239 2567 383 2608 noribus,
409 2568 520 2611 gratiis
546 2574 577 2602 et
594 2568 735 2610 indultis,
756 2569 872 2612 quibus
892 2569 977 2601 iuxta

275 2685 284 2711 1
308 2682 377 2710 Edit.
400 2683 477 2711 Μαίη,
501 2684 563 2719 legit
585 2684 823 2713 animadvertens
842 2685 881 2718 (a.
897 2685 946 2715 r).

1038 270 1082 294 ΧΠ
1107 271 1156 294 ΡΡ.

1028 319 1173 352 eiusdem
1200 319 1328 353 Ordinis
1355 321 1616 362 constitutiones,
1645 321 1766 354 dictae-

1028 383 1089 414 que
1115 373 1301 416 provinciae
1327 375 1483 409 Castellae
1504 381 1622 408 statuta
1639 385 1676 408 ac
1694 385 1767 408 con-

1029 426 1232 459 suetudinem
1260 428 1313 460 alii
1339 428 1484 471 magistri
1510 428 1718 472 potiebantur
1736 434 1767 460 et

1029 477 1233 520 gaudebant,
1260 480 1408 514 similiter
1434 482 1529 525 potiri
1566 487 1594 515 et
1622 481 1765 524 gaudere

1030 530 1218 565 deberent:
1256 533 1314 577 ipsi
1352 534 1540 567 definitores
1578 535 1764 578 provinciae

1030 582 1189 624 Baeticae,
1207 585 1270 618 hoc
1296 588 1442 630 exemplo
1468 598 1503 620 ac
1529 587 1642 620 iisdem
1661 588 1764 620 causis

1030 641 1061 668 et
1095 638 1275 671 rationibus
1309 639 1455 679 adducti,
1483 640 1696 673 decreverunt
1732 647 1765 673 ut

1029 689 1120 732 prior
1145 691 1350 733 provincialis
1386 694 1516 727 nomine
1553 694 1654 727 dictae
1691 705 1765 738 pro-

1030 741 1151 775 vinciae
1186 745 1332 778 Baeticae
1371 756 1478 779 coram
1516 747 1610 780 nobis
1646 754 1762 787 staret,

1029 802 1187 839 quatenus
1201 805 1414 832 memoratum
1434 800 1590 834 indultum
1606 802 1765 845 antiquio-

1029 849 1117 882 ribus
1142 850 1330 884 doctoribus
1357 852 1459 886 dictae
1495 854 1679 898 provinciae
1711 855 1765 888 Ca-

1028 903 1143 936 stcllae
1168 915 1373 946 concessum,
1401 907 1439 939 ad
1467 907 1618 941 doctores
1643 909 1766 952 pariter

1028 956 1228 1000 antiquiores
1261 958 1363 1002 ipsius
1389 960 1574 1003 provinciae
1600 962 1765 1002 Baeticae,

1028 1009 1059 1042 in
1086 1011 1295 1045 universitate
1321 1013 1507 1057 Hispalensi
1534 1015 1677 1058 praefata
1703 1016 1764 1049 iarn

1028 1070 1216 1105 promotos,
1244 1076 1280 1098 ac
1316 1066 1471 1111 deinceps
1508 1069 1761 1111 promovendos,

1029 1118 1201 1151 extendere
1238 1121 1423 1161 vellemus,
1462 1132 1531 1154 cum
1569 1122 1618 1155 his
1658 1128 1764 1156 lamen

1028 1171 1268 1206 conditionibus
1294 1185 1329 1207 ac
1356 1175 1646 1209 declarationibus:

1072 1235 1090 1257 1.
1115 1225 1202 1264 Quod
1230 1229 1337 1261 nullus
1371 1239 1408 1261 ex
1447 1229 1550 1263 dictae
1577 1231 1762 1273 provinciae

1029 1278 1175 1312 Baeticae
1195 1281 1346 1314 fratribus
1365 1282 1402 1315 ad
1422 1283 1554 1325 gradum
1574 1284 1763 1317 doctoratus

1028 1331 1059 1364 in
1086 1333 1196 1366 eadem
1223 1334 1433 1368 universitate
1468 1336 1650 1380 llispalensi
1688 1348 1764 1381 pro-

1027 1387 1149 1419 moveri
1176 1388 1304 1431 possit,
1332 1389 1391 1423 nisi
1419 1390 1457 1422 de
1483 1390 1613 1424 licentia
1646 1392 1761 1435 prioris

1026 1441 1187 1482 generalis
1215 1442 1289 1474 dicti
1318 1442 1447 1476 Ordinis
1464 1455 1522 1488 pro
1543 1450 1686 1488 tempore
1712 1456 1763 1479 ex-

1026 1493 1164 1533 istentis,
1190 1500 1222 1527 ut
1246 1496 1475 1539 praescribunt
1499 1498 1664 1541 praefatae
1690 1509 1763 1532 con-

1026 1547 1229 1589 stitutiones,
1256 1561 1325 1593 par.
1354 1561 1380 1592 v,
1407 1562 1478 1594 cap.
1506 1563 1534 1586 ιν
1561 1558 1592 1585 et
1616 1562 1671 1586 vn.

1071 1612 1104 1635 u.
1131 1602 1219 1641 Quod
1253 1604 1361 1637 nullus
1393 1605 1508 1638 doctor
1540 1606 1571 1638 in
1607 1606 1690 1638 dicta
1722 1617 1761 1639 u-

1025 1654 1211 1689 niversitate
1238 1657 1422 1701 llispalensi
1454 1659 1597 1701 magistri
1629 1659 1762 1702 privile-

1024 1707 1077 1751 gia
1102 1709 1249 1743 obtinere
1276 1710 1417 1754 incipiat,
1435 1717 1618 1756 antequam,
1637 1713 1764 1756 expleto

1026 1772 1101 1795 suae
1139 1763 1282 1796 lecturae
1320 1769 1490 1808 tempore,
1528 1777 1544 1798 a
1579 1765 1763 1799 definitorio

1025 1816 1219 1860 provinciae,
1246 1818 1312 1851 sive
1341 1818 1370 1851 in
1397 1819 1541 1862 capitulo
1567 1819 1760 1863 provinciali

1025 1876 1082 1904 aut
1106 1872 1360 1915 congregatione
1381 1872 1572 1905 intermedia
1592 1874 1695 1906 lector
1719 1873 1765 1905 iu-

1024 1923 1143 1957 bilatus
1169 1925 1370 1965 declaretur,
1395 1931 1447 1958 aut
1476 1927 1588 1959 saltem
1613 1931 1685 1969 post
1709 1937 1762 1959 sex

1025 1988 1127 2010 annos
1152 1978 1294 2011 leeturae
1320 1978 1551 2022 philosophiae
1590 1985 1621 2012 et
1653 1990 1762 2012 sacrae

1025 2032 1211 2074 theologiae
1249 2031 1279 2064 in
1316 2031 1429 2065 maiori
1463 2038 1625 2065 conventu
1651 2032 1763 2076 Hispa-

1024 2085 1106 2118 lensi
1151 2096 1266 2118 munus
1307 2086 1449 2129 regentis
1489 2096 1549 2129 per
1587 2086 1762 2119 triennium

1024 2138 1230 2172 laudabiliter
1254 2139 1448 2182 expleverit3
1472 2144 1502 2172 et
1529 2144 1613 2179 tunc,
1639 2139 1760 2183 absque

1023 2203 1106 2225 novo
1122 2192 1268 2225 examine
1283 2197 1315 2225 et
1328 2192 1389 2224 alia
1404 2192 1523 2235 gradus
1538 2193 1760 2236 susceptione,

1024 2246 1202 2278 istiusmodi
1222 2246 1374 2278 doctores
1391 2245 1567 2288 magisterii
1582 2245 1760 2289 privilegiis

1022 2300 1166 2343 gaudere
1204 2299 1380 2342 incipiant,
1415 2304 1445 2331 et
1482 2299 1527 2331 uti
1565 2299 1707 2342 magistri
1743 2310 1761 2332 a

1023 2353 1132 2397 priore
1160 2352 1347 2396 provinciali
1369 2363 1427 2394 pro
1446 2357 1591 2395 ternpore
1610 2352 1759 2385 existenti

1022 2407 1053 2439 in
1091 2406 1196 2445 libro,
1235 2405 1265 2436 iu
1302 2415 1364 2448 quo
1402 2404 1498 2437 ceteri
1533 2405 1760 2437 describuntur

1023 2459 1179 2502 magistri,
1201 2458 1406 2497 adnotentur,
1426 2463 1456 2489 et
1474 2468 1508 2490 ex
1529 2464 1603 2490 tunc
1621 2458 1757 2497 demum,

1022 2522 1085 2544 non
1124 2516 1228 2543 autem
1255 2510 1433 2542 secundum
1461 2516 1588 2553 tempus
1615 2511 1757 2554 suscepti

1021 2565 1218 2602 doctoratuS,
1243 2573 1357 2596 eorum
1383 2562 1557 2605 antiquitas
1585 2563 1670 2595 iuter
1695 2574 1759 2596 ma-

1020 2619 1136 2661 gistros
1161 2616 1287 2649 Ordinis
1312 2622 1533 2659 computetur3

1064 2681 1108 2704 ut.
1124 2670 1223 2711 Quod,
1240 2669 1332 2702 sicuti
1349 2669 1385 2701 ad
1402 2669 1582 2702 evitandam
1598 2672 1756 2704 consu-<io-

1664 264 1726 296 ssa7
1774 273 1823 298 An.
1844 273 1871 298 c,
1897 273 1962 299 ην.
