2182 3137
0 218 4 245 i
55 212 106 246 An.
126 210 156 238 o.
179 208 247 236 1733

21 2102 25 2149 -2
18 1994 25 2078 -⁴=-

91 2196 221 2218 obstantium

50 2221 159 2250 derogatio.

247 257 452 290 substantiali
496 256 762 299 individuamque
804 255 988 299 expressio<

246 321 319 343 nem
351 311 540 354 requirente
575 310 699 343 defectu
733 309 860 348 notari,
888 308 988 352 impu-

245 364 347 407 gnari,
375 364 516 407 infringi,
544 363 720 403 retractari,
747 363 777 396 in
801 370 988 396 controver-

246 418 324 450 siam
351 418 474 458 vocari,
500 423 555 450 aut
579 417 618 450 :id
646 417 802 449 terminos
827 416 907 448 iuris
931 427 985 449 seu

246 476 442 504 statutorum
470 476 501 504 ct
526 471 795 504 constitutionum
828 469 986 502 dictorum

245 524 375 557 Ordinis
401 530 432 557 ct
457 523 746 566 congregationum
773 523 904 562 reduci,
930 533 986 556 seu

244 577 397 610 adversus
423 577 495 610 illas
520 577 710 621 aperitionis
736 576 821 616 oris,
856 576 987 609 restitu-

244 631 342 663 tionis
370 631 400 663 iu
419 631 591 673 integrum,
610 630 737 663 aliudve
756 629 984 673 quodcumque

243 684 323 717 iuris
349 689 380 717 et
404 684 479 717 sacti
505 685 553 717 vel
581 683 701 726 gratiae
727 683 906 716 remedium
939 683 987 715 in-

244 737 362 770 tentari
384 738 433 770 vel
451 737 631 780 impetrari,
651 741 706 768 aut
723 736 908 779 impetrato,
927 747 984 769 seu

243 790 339 824 etiam
367 796 477 830 motu,
505 790 639 823 scientia
667 795 697 823 et
722 790 889 833 potestatis
916 791 985 834 ple·

244 843 395 877 nitudine
421 843 554 887 paribus
582 853 739 876 concesso
759 844 984 883 velemauato,

242 897 428 941 quempiam
454 897 485 930 in
507 897 627 930 iudicio
648 897 696 930 vel
717 902 807 930 extra
832 897 912 930 illud
938 897 982 930 uti

241 960 298 983 seu
323 961 356 984 se
381 950 489 983 iuvare
515 951 608 983 nullo
643 950 738 984 modo
778 961 874 994 posse
892 978 899 991 ,
926 951 983 984 scd

241 1003 370 1037 easdem
408 1009 596 1047 praesentes
632 1004 757 1038 litteras
794 1015 924 1048 semper
953 1011 984 1038 et

240 1064 403 1102 perpetuo
429 1057 548 1099 sirmas,
564 1058 686 1092 validas
705 1064 735 1091 ct
753 1058 900 1092 efficaces
919 1059 983 1092 exi-

241 1117 326 1145 stere
352 1117 383 1145 et
409 1112 495 1152 sore,
521 1123 663 1156 suosque
689 1112 856 1155 plenarios
881 1119 912 1146 et
937 1113 980 1145 in·

241 1172 352 1209 tegros
377 1166 509 1200 effeetus
540 1167 647 1200 sortiri
679 1173 711 1200 et
743 1167 911 1208 obtinere,
946 1178 982 1201 ac

240 1220 328 1261 illis,
353 1221 392 1254 ad
419 1231 500 1264 quos
538 1226 663 1265 spectat
689 1227 720 1254 et
744 1232 803 1265 pro
836 1227 981 1266 tempore

240 1274 546 1318 quomodocumque
573 1275 744 1318 spectabit,
772 1275 802 1308 iu
831 1277 981 1310 omnibus

240 1332 271 1361 et
296 1338 354 1371 per
379 1327 489 1361 onmia
514 1329 701 1371 plenissime
727 1329 923 1373 sutl'ragari,
950 1336 981 1364 et

239 1381 279 1414 ab
315 1381 361 1414 eis
398 1382 579 1425 respective
612 1382 844 1416 inviolabiliter
869 1384 980 1417 obser-

238 1435 325 1477 vari,
351 1435 463 1479 sicque
490 1441 519 1468 et
544 1446 611 1469 non
638 1437 733 1470 aliter
765 1437 798 1470 in
823 1438 980 1481 praemis-

238 1489 280 1522 sis
315 1499 373 1533 per
398 1499 619 1532 quoscumque
645 1489 770 1523 iudices
795 1490 979 1524 ordinarios

238 1549 269 1575 et
306 1542 495 1585 delegatOS,
531 1541 628 1575 etiam
664 1553 833 1577 causarum
866 1544 977 1588 palatii

238 1595 409 1639 apostolici
434 1595 614 1636 auditores,
639 1607 675 1629 ac
701 1596 732 1629 S.
753 1596 791 1629 R.
810 1597 845 1629 E.
875 1598 978 1631 cardi-

236 1651 347 1691 nales,
375 1649 469 1683 etiam
496 1650 534 1683 de
560 1650 659 1683 latere
685 1651 810 1693 legatos
837 1656 869 1684 et
893 1652 979 1695 Apo-

237 1704 372 1738 stolicae
398 1704 490 1738 Sedis
507 1705 658 1745 nuncios,
679 1705 799 1738 aliosve
818 1705 979 1749 quoslibet

237 1769 442 1802 quacumque
468 1758 726 1802 praeeminentia
759 1765 790 1792 et
816 1765 977 1802 potestate

236 1812 408 1854 fungentes
434 1817 464 1845 et
490 1812 655 1845 suncturos
672 1840 680 1853 ‚
706 1812 832 1846 sublata
864 1813 909 1846 eis
946 1820 977 1847 et

236 1876 347 1900 eorum
384 1865 517 1899 cuilibet
554 1866 664 1909 quavis
692 1867 787 1900 aliter
812 1867 975 1901 iudicandi

236 1925 267 1954 et
291 1919 528 1963 interpretandi
550 1920 702 1953 facultate
723 1926 754 1954 et
771 1920 975 1963 auctoritate,

234 1973 372 2007 iudicari
397 1980 428 2007 et
453 1973 581 2007 definiri
619 1974 758 2014 debere,
786 1985 821 2007 ae
847 1975 974 2008 irritum

235 2034 266 2061 et
289 2028 385 2061 inane
410 2027 435 2060 si
460 2038 552 2061 secus
577 2039 675 2071 super
694 2028 744 2061 his
763 2039 780 2061 a
799 2039 976 2072 quoquam,

235 2082 347 2125 quavis
373 2081 572 2121 auctoritate,
592 2081 732 2114 scienter
753 2082 800 2115 vel
820 2081 976 2125 ignoran-

237 2141 294 2175 ter,
322 2135 499 2178 contigerit
524 2134 689 2168 attentari.

279 2190 293 2234 g
318 2189 350 2222 4.
377 2188 446 2222 Non
479 2188 683 2222 obstantibus
702 2188 898 2232 praemissis,
923 2200 973 2231 ac,

234 2248 393 2287 quatenus
429 2253 510 2286 opus
541 2243 601 2281 sit,
628 2242 746 2275 nostris
783 2248 813 2275 et
849 2243 975 2277 Cancel-

232 2296 332 2330 lariae
357 2296 564 2340 Apostol-icae
591 2296 710 2338 regulis
737 2296 775 2329 de
794 2296 862 2329 iure
881 2307 975 2340 quae-

232 2349 294 2383 sito
312 2360 377 2382 non
399 2349 551 2388 tollendo,
566 2349 675 2382 aliisve
690 2349 973 2384 constitutionibus

233 2410 265 2436 et
300 2402 561 2436 ordinationibus
598 2403 809 2446 apostolicis,
846 2414 972 2438 necnon

232 2457 372 2498 Ordinis,
399 2456 705 2499 congregationum,
732 2456 972 2500 provinciarum

233 2516 266 2545 et
290 2515 504 2544 conventuum
532 2509 730 2551 huiusmodi,
757 2510 866 2544 aliisve
903 2511 972 2555 qui-

232 2565 355 2605 busvis,
382 2564 476 2597 etiam
503 2564 708 2604 iuramento,
727 2564 971 2600 confirmatione

233 2618 426 2664 apostolica,
462 2618 511 2652 vel
530 2618 640 2662 quavis
665 2617 815 2652 firmitate
841 2619 902 2653 alia
922 2630 971 2654 ro-

301 2681 382 2710 Buta.
402 2682 487 2712 Rom.
510 2697 542 2703 —
566 2682 626 2713 Vol.
647 2682 755 2712 XXIII.
900 2681 934 2710 66

864 205 1008 231 CLEMENS
1032 207 1076 231 Xll
1103 208 1151 231 PP.

1671 200 1729 234 521

1030 255 1168 297 boratis,
1197 258 1335 299 statutis,
1363 258 1493 299 usibus,
1521 259 1608 303 stylis
1640 264 1671 292 et
1703 270 1777 292 con-

1031 311 1277 353 suetudinibus,
1304 313 1400 346 etiam
1438 313 1774 354 immemorabilibus,

1031 363 1208 407 privilegiis
1246 377 1400 410 quoque,
1425 367 1558 400 indultis
1595 372 1625 401 et
1660 368 1775 401 litteris

1031 417 1216 459 apostolicis
1244 419 1366 453 eisdem
1392 420 1517 460 Ordini,
1547 421 1776 465 congregatio-

1030 470 1142 511 nibus,
1169 472 1346 514 provineiis
1384 480 1414 507 et
1439 475 1670 515 conventibus,
1697 475 1772 509 illo-

1031 534 1167 567 rumque
1205 526 1386 568 respective
1425 528 1581 570 magistro
1607 529 1772 571 generali,

1031 577 1165 618 vicariis,
1191 578 1358 621 prioribus
1384 580 1662 623 provincialibus,
1689 582 1775 614 aliis-

1030 640 1091 672 que
1111 631 1337 674 superioribus
1352 634 1545 676 etpersonis
1566 635 1772 677 quibuslibet,

1029 683 1088 716 sub
1114 685 1375 729 quibuscumque
1400 687 1572 721 verborum
1606 688 1773 721 tenoribus

1029 742 1060 770 et
1084 738 1219 779 formis,
1244 751 1280 772 ae
1306 750 1376 773 cum
1408 741 1573 784 quibusvis
1599 741 1693 775 etiam
1720 743 1775 775 de-

1029 793 1266 834 rogatoriarum
1294 794 1521 836 derogatoriis,
1550 795 1686 839 aliisque
1710 796 1774 829 effi-

1028 846 1219 886 cacioribus,
1239 847 1466 881 efficacissimis
1493 853 1525 881 et
1540 849 1676 882 insolitis
1691 850 1773 883 clau-

1027 899 1125 939 sulis,
1152 899 1422 946 irritantihusque
1457 908 1488 935 ct
1514 902 1584 936 aliis
1610 903 1772 944 decretis,

1027 953 1058 985 in
1083 964 1204 995 genere
1231 955 1279 988 vel
1307 954 1338 987 in
1357 955 1478 999 speeie,
1498 966 1533 989 ac
1552 956 1631 989 alias
1648 956 1680 989 in
1698 968 1773 991 con-

1029 1006 1163 1039 trarium
1214 1007 1471 1051 praemissorum
1523 1010 1774 1052 quomodolibet

1026 1061 1198 1101 concessis,
1221 1062 1420 1096 confirmatis
1446 1070 1478 1096 et
1495 1063 1674 1106 innovatis3
1703 1066 1773 1110 qui-

1025 1113 1085 1146 bus
1110 1115 1263 1148 omnibus
1300 1121 1332 1149 et
1367 1116 1523 1159 singulis,
1550 1117 1674 1151 etiamsi
1711 1130 1772 1163 pro

1026 1168 1152 1201 illorum
1180 1169 1352 1202 sufficienti
1386 1170 1596 1213 derogatione
1635 1172 1673 1205 de
1704 1172 1770 1206 illis

1025 1232 1204 1265 eorumque
1220 1223 1295 1256 totis
1310 1223 1478 1257 tenoribus
1505 1225 1669 1268 specialis,
1698 1237 1772 1270 spe-

1025 1275 1136 1317 cifica,
1173 1286 1328 1320 expressa
1366 1283 1397 1310 et
1433 1277 1621 1320 individua,
1657 1290 1694 1313 ac
1731 1281 1770 1314 de

1024 1329 1121 1362 verbo
1165 1330 1204 1363 ad
1248 1330 1405 1373 verbum,
1455 1342 1521 1365 non
1566 1338 1674 1366 autem
1709 1344 1769 1377 per

1023 1384 1184 1417 clausulas
1210 1385 1382 1427 generales
1418 1385 1504 1419 idem
1540 1386 1768 1430 imponantes,

1024 1436 1145 1470 mentio
1171 1447 1229 1470 seu
1255 1438 1390 1481 quaevis
1417 1439 1481 1473 alia
1507 1441 1676 1484 expressio
1711 1441 1769 1475 ha-

1022 1490 1129 1524 benda
1165 1497 1219 1524 aut
1254 1492 1363 1536 aliqua
1399 1493 1462 1526 alia
1487 1494 1647 1537 exquisita
1662 1495 1768 1529 forma

1021 1546 1059 1577 ad
1086 1545 1150 1578 hoc
1176 1546 1336 1580 servanda
1362 1547 1469 1588 soret,
1497 1552 1628 1581 tenores
1655 1549 1768 1582 huius·

1021 1598 1130 1639 modi,
1155 1610 1192 1632 ac
1217 1599 1242 1632 si
1277 1600 1316 1633 de
1341 1601 1441 1634 verbo
1467 1601 1505 1634 ad
1532 1601 1681 1642 verbum,
1718 1603 1767 1636 ni-

1022 1652 1068 1685 hil
1110 1652 1239 1695 penitus
1274 1654 1397 1687 omisso
1434 1661 1466 1688 et
1497 1655 1601 1689 forma
1633 1657 1664 1689 in
1700 1656 1765 1690 illis

1023 1706 1141 1739 tradita
1161 1707 1343 1747 observata,
1368 1709 1627 1752 exprimerentur
1661 1716 1691 1744 et
1716 1711 1764 1744 in-

1021 1765 1229 1802 sererentur,
1255 1762 1485 1804 praesentibus
1512 1773 1571 1806 pro
1607 1764 1703 1805 plene
1733 1770 1764 1798 et

1020 1814 1220 1847 sufficienter
1247 1815 1409 1858 expressis
1437 1822 1467 1849 et
1492 1816 1624 1849 insertis
1643 1818 1764 1851 habeu-

1021 1873 1090 1908 tes‚
1118 1868 1181 1901 illis
1218 1866 1296 1902 alias
1330 1869 1362 1902 in
1388 1881 1446 1903 suo
1473 1870 1590 1904 robore
1616 1882 1763 1914 perman-

1019 1921 1123 1961 suris,
1148 1921 1185 1954 ad
1222 1922 1476 1965 praemissorum
1502 1923 1672 1961 effectum,
1699 1925 1761 1958 hac

1020 1974 1085 2007 vice
1120 1974 1301 2014 dumtaxat,
1323 1976 1510 2020 specialiter
1545 1985 1576 2011 et
1609 1988 1759 2021 expresse

1020 2028 1222 2071 derogamus,
1243 2039 1279 2062 ac
1297 2030 1488 2074 derogatum
1510 2042 1580 2064 esse
1598 2032 1757 2073 volumus3

1019 2082 1201 2127 ceterisque
1227 2084 1396 2117 contrariis
1421 2085 1691 2129 quibuscumque.

1063 2136 1133 2180 ἐξ).
1171 2136 1324 2170 Volumus
1357 2143 1464 2170 autem
1495 2145 1528 2171 ut
1569 2140 1756 2173 earumdem

1018 2191 1239 2233 praesentium
1289 2191 1471 2225 litterarum
1525 2195 1759 2238 transumptis,

1018 2244 1113 2277 etiam
1151 2244 1338 2287 impressis,
1366 2256 1463 2278 manu
1500 2246 1636 2280 alieuius
1671 2253 1759 2281 nota-

1017 2298 1056 2330 rii
1082 2298 1204 2342 publici
1230 2298 1429 2342 subscriptis,
1456 2305 1487 2332 et
1512 2299 1620 2343 sigillo
1646 2311 1758 2344 perso-

1017 2362 1076 2384 nae
1095 2351 1126 2383 in
1139 2351 1362 2385 ecclesiastica
1379 2352 1536 2396 dignitate
1559 2355 1757 2389 constitutae

1015 2405 1162 2445 munitis,
1182 2405 1295 2439 eadem
1314 2416 1448 2449 prorsus
1475 2406 1555 2440 fides
1581 2409 1612 2440 in
1639 2408 1757 2442 iudicio

1016 2464 1048 2492 et
1072 2464 1160 2492 extra
1184 2458 1381 2492 adhibeatur
1397 2487 1404 2500 ,
1439 2471 1520 2504 quae
1546 2461 1625 2504 ipsis
1659 2472 1754 2505 prae-

1015 2512 1158 2546 sentibus
1183 2512 1394 2546 adhiberetur
1418 2513 1442 2546 si
1466 2514 1572 2547 forent
1590 2515 1754 2550 exhibitae

1014 2566 1063 2600 vel
1089 2571 1251 2600 ostensae.

1058 2620 1170 2654 Datum
1195 2619 1326 2661 Romae,
1352 2620 1437 2665 apud
1462 2620 1494 2655 S.
1511 2621 1642 2658 Mariam
1658 2623 1753 2659 Maio-

1782 209 1831 236 An.
1855 209 1882 236 C.
1902 208 1969 237 1733

1820 2152 1883 2172 Fides
1900 2155 1954 2174 trau·

1769 2182 1907 2205 sumptorum.
