2182 3137
57 214 107 240 An.
130 213 158 239 G.
179 212 244 240 1732

865 213 1005 237 cmm-:Ns
1029 213 1071 237 XII
1097 214 1143 237 PF.

253 262 471 304 monasteriis,
491 263 646 305 deputare
669 262 824 302 debet-er,
853 262 992 303 licetque

255 315 372 357 AEgidii
406 314 609 358 patriarchae
643 314 813 357 dispositio
846 313 994 346 effectum

255 379 348 401 suum
385 369 495 402 sortita
533 379 598 401 non
635 368 754 407 suerit,
781 367 994 400 nihilominus

255 421 449 454 venerabilis
475 421 571 453 frater
602 420 750 453 Nicolaus
775 420 872 453 Maria
897 419 995 452 Tede-

255 475 323 507 schi
351 474 619 517 archiepiscopus
645 473 891 516 Appamfflrum,
927 484 994 506 ino-

254 527 376 560 nachus
401 527 480 559 alias
514 527 610 559 etiam
645 537 795 569 expresse
829 526 994 568 professus

252 580 438 623 praedictae
470 578 740 622 Congregationis
777 578 991 619 (laminensis,

254 632 370 675 insigni
398 632 595 665 ltberalitate
628 643 693 665 non
720 632 762 664 ita
787 632 913 675 pridem
940 643 994 675 ap-

253 686 422 730 plicaverit
447 686 551 719 eidem
577 686 776 719 monasterio
805 685 890 718 Sacri
917 685 994 726 Spe·
1015 724 1017 735 ⁴

253 751 309 773 cus
337 740 423 773 aliud
451 739 588 783 capitale
615 739 827 782 conspicuum
846 745 994 782 quatuor-

254 793 358 826 decim
384 792 523 825 millium
548 797 710 825 scutorum
729 792 815 835 paris
833 798 994 830 monetae,

253 847 285 879 in
307 851 353 879 tot
378 845 540 878 similibus
566 845 717 878 censibus
749 845 776 877 ei
808 856 824 877 a
850 845 994 888 praefata

252 899 512 942 Congregaiione
549 898 730 932 Cassinensi
771 898 887 931 debitis
919 909 994 930 con-

252 953 378 992 sistens,
406 963 441 984 ex
469 952 586 995 quibus
622 962 747 984 annuus
787 952 905 983 fructus
932 957 993 984 tre-

252 1011 421 1039 centorum
439 1005 606 1047 sexaginta
624 1010 789 1037 scutorum
810 1004 912 1037 dietae
931 1015 994 1037 mo-

251 1064 346 1092 netae
371 1058 558 1099 retrahitur,
578 1060 615 1090 ea
637 1059 707 1100 lege
726 1063 759 1090 ut
780 1058 811 1089 in
834 1058 992 1091 eiusmodi

251 1112 450 1146 monasterio
477 1117 614 1156 quatuor
637 1112 689 1144 alii
716 1111 885 1150 monachi,
911 1113 994 1144 ultra

251 1167 332 1200 duos
358 1166 576 1210 supradictos,
601 1176 730 1199 necnon
756 1167 836 1198 alius
862 1176 995 1198 conver-

250 1230 302 1253 sus
339 1230 396 1253 seu
433 1219 560 1252 oblatus
598 1225 729 1262 praeter
764 1219 860 1251 binos
893 1219 947 1262 qui
977 1230 994 1251 a

256 1274 401 1317 praefato
420 1273 621 1306 monasterio
639 1272 670 1305 S.
692 1272 910 1305 Scholastieae
932 1272 993 1305 iam

250 1327 372 1361 ibidem
410 1332 652 1366 sustentantur,
680 1333 709 1359 et
746 1337 828 1359 unus
856 1327 993 1359 saxnulns

251 1392 323 1414 cum
361 1381 424 1414 alia
460 1381 545 1413 mula
580 1381 772 1419 alerentur;
801 1391 835 1412 ac
862 1380 994 1423 insuper

251 1434 388 1467 dilectus
421 1433 505 1467 filius
532 1434 691 1477 Iosephus
718 1434 813 1466 Maria
839 1434 992 1474 Petrucci‚

251 1487 350 1520 abhas
365 1486 500 1520 titularis
515 1486 780 1530 Congregationis
799 1487 993 1531 praedictae,

251 1541 284 1574 in
317 1541 520 1573 commodum
557 1545 587 1572 et
622 1541 791 1574 utilitatem
829 1541 993 1573 sacristiae

252 1595 397 1628 eiusdem
416 1595 603 1627 monasterii
622 1594 708 1627 Sacri
731 1596 852 1637 Specus
877 1594 992 1627 cedere

251 1659 287 1680 ac
311 1647 485 1690 pervenire
511 1647 657 1680 intendat
688 1653 762 1690 post
794 1648 841 1680 sui
869 1647 992 1680 obitum

251 1701 313 1734 duo
341 1701 479 1740 oliveta,
518 1700 719 1743 totidemque
747 1701 882 1739 domos,
910 1712 992 1744 quae

249 1755 378 1799 Tybure
403 1754 571 1798 possidet,
609 1766 645 1787 ac
675 1754 834 1798 quaedam
860 1760 993 1797 argenta

251 1819 332 1852 quae
355 1808 453 1841 habet
475 1807 702 1852 provenientia
727 1818 763 1840 ex
791 1811 847 1841 sua
873 1808 993 1841 familia

251 1867 281 1894 et
307 1861 483 1894 donatione
516 1861 575 1893 sibi
603 1873 619 1894 a
645 1861 809 1905 quondam
836 1862 992 1895 canonico

250 1914 395 1947 Pelrucci
430 1914 526 1947 fratre
561 1925 620 1947 suo
654 1925 810 1957 germano
848 1915 930 1947 sacta
953 1915 992 1947 ad

251 1966 399 2000 effectum
437 1966 476 1999 de
509 1967 573 1999 illis
611 1966 807 2010 disponendi
846 1967 877 1999 in
915 1978 992 1999 usus

250 2019 341 2063 pios,
367 2020 451 2053 ultra
476 2026 605 2052 centum
632 2025 721 2052 scuta
747 2020 881 2060 similia,
909 2031 991 2063 quae

249 2079 324 2108 sunt
342 2073 374 2106 in
392 2073 531 2117 pecunia
550 2075 727 2113 numerata,
740 2074 772 2106 in
790 2074 990 2117 emptionem

249 2137 406 2161 censuum
428 2127 614 2160 huiusmodi
642 2128 687 2159 vel
707 2127 869 2160 bonorum
896 2127 992 2160 stabi-

249 2180 327 2213 lium
348 2180 524 2222 eroganda,
545 2179 632 2212 iuxta
650 2180 905 2214 declarationem
932 2192 992 2225 per

248 2234 355 2278 ipsum
381 2234 553 2276 Iosephum
578 2233 708 2266 Mariam
736 2234 878 2277 desuper
907 2245 989 2268 con-

249 2288 372 2327 sectam,
389 2297 472 2331 quae
490 2297 588 2330 penes
604 2287 757 2320 dilectum
776 2288 873 2321 ctiam
889 2287 988 2321 filium

247 2346 496 2385 procuratorem
522 2342 708 2383 generalem
734 2341 838 2374 dictae
855 2341 990 2384 Congre-

249 2393 390 2437 gationis
408 2398 504 2433 extat,
525 2393 556 2425 in
582 2393 728 2426 archivio
747 2394 895 2427 eiusdem
912 2394 990 2427 Con-

249 2447 448 2490 gregationis
483 2447 568 2490 quod
593 2446 624 2479 in
652 2447 789 2490 collegio
818 2448 849 2481 S.
876 2447 989 2481 Calixti

249 2501 288 2534 de
314 2500 398 2534 Urbe
419 2500 562 2533 habetur
578 2501 803 2533 asservandum
819 2513 826 2541 ;
844 2501 989 2545 cupiant-

249 2565 311 2599 que
326 2559 504 2598 propterea
518 2554 594 2586 dicti
609 2560 822 2597 exponentes,
839 2565 874 2587 ex
898 2565 989 2598 prae-

248 2607 355 2643 missis
389 2607 485 2641 statui
513 2607 649 2652 praefati
681 2607 873 2642 monasterii
898 2608 987 2643 Sacri

1038 263 1157 305 Specus
1184 270 1365 306 opportune
1392 275 1407 296 a
1434 264 1527 296 nobis
1554 262 1718 307 provideri
1745 267 1776 294 ct

1037 315 1115 347 alias
1140 321 1173 347 ut
1199 316 1281 348 infra
1306 316 1482 359 indulgeri:

1081 367 1144 409 ξῧ.
1164 368 1235 408 Nos,
1256 369 1316 411 piis
1335 370 1523 402 eoi-mudum
1543 370 1772 413 exponentium

1038 421 1128 460 votis,
1154 426 1307 464 (plautum
1334 433 1405 454 cum
1432 423 1566 455 Domino
1592 434 1773 466 possumus,

1038 473 1259 506 favorabiliter
1285 485 1428 507 annuere
1458 477 1618 514 volentes,
1645 487 1681 509 ac
1711 476 1775 508 sin-

1038 526 1167 567 gulares
1193 537 1303 558 eorum
1330 538 1487 570 personas
1505 538 1520 559 a
1539 529 1704 570 quibusvis
1723 540 1776 562 ex·

1037 579 1360 617 communicationis,
1382 581 1605 622 suspensionis
1626 587 1658 614 et
1678 582 1777 614 inter-

1038 632 1134 672 dicti,
1163 632 1300 675 aliisque
1330 632 1557 665 ecclesiasticis
1588 635 1775 675 sententiis,

1038 685 1182 717 censuris
1202 691 1234 717 et
1260 686 1382 728 poenis,
1401 697 1418 717 a
1443 686 1511 718 iure
1538 688 1585 719 vel
1611 688 1649 719 ab
1678 688 1777 720 homi-

1038 749 1088 776 ne,
1115 739 1225 781 quavis
1252 739 1424 771 occasione
1450 740 1499 771 vel
1525 738 1618 772 causti
1644 741 1727 781 latis,
1751 741 1776 773 si

1037 792 1155 835 quibus
1173 793 1419 836 quomodolibet
1437 792 1608 826 innodatae
1624 793 1776 834 existunt,

1037 847 1075 879 ad
1102 846 1251 879 etl'ectum
1279 846 1499 889 praesentium
1523 846 1687 878 dumtaxat
1704 857 1778 880 con-

1037 899 1249 943 sequendum,
1272 900 1386 931 harum
1413 899 1496 931 serie
1515 899 1720 932 absolventes
1747 905 1778 932 et

1038 953 1201 986 absolutas
1228 954 1296 985 l'ore
1323 959 1491 985 censentes
1507 980 1514 992 ‚
1536 963 1662 985 necnon
1688 952 1778 985 Nico-

1038 1007 1078 1039 tai
1115 1007 1231 1039 Mariae
1272 1006 1511 1049 archiepiscopi
1553 1006 1777 1050 dispositionis

1037 1066 1068 1093 et
1093 1059 1223 1103 losephi
1251 1060 1365 1092 Mariae
1392 1059 1622 1092 declarationis
1648 1071 1778 1093 enarra-

1039 1119 1142 1147 torum
1176 1119 1333 1153 tenores,
1371 1120 1403 1146 ct
1435 1114 1496 1146 alia
1530 1125 1776 1158 quaecumque,

1038 1167 1133 1200 etiam
1160 1167 1335 1211 specialem
1362 1177 1397 1199 ac
1424 1166 1620 1199 individuam
1643 1167 1778 1200 mentio-

1037 1232 1109 1254 nem
1136 1227 1167 1253 et
1192 1221 1432 1264 expressionem
1459 1221 1670 1265 requirentia,
1688 1233 1779 1266 prae-

1036 1272 1181 1304 sentibus
1207 1282 1266 1315 pro
1292 1273 1387 1314 plene
1407 1277 1437 1305 et
1456 1272 1653 1306 sufficienter
1673 1273 1778 1316 speci-

1039 1325 1137 1357 licatis
1163 1331 1194 1358 et
1221 1325 1348 1358 insertis
1377 1325 1546 1366 habentes,
1573 1326 1778 1370 supplicatio-

1038 1378 1130 1410 nibus
1172 1378 1327 1411 dictorum
1372 1379 1603 1421 exponentium
1644 1380 1778 1413 nomine

1037 1432 1130 1465 uobis
1169 1443 1267 1476 super
1309 1433 1370 1465 hoc
1410 1432 1580 1465 humiliter
1616 1433 1776 1477 porrectis

1038 1485 1193 1525 inclInati,
1221 1486 1414 1518 auctoritate
1439 1486 1636 1529 apostolica,
1664 1492 1777 1519 tenore

1037 1540 1269 1582 praesentium,
1288 1539 1503 1582 praecipiums
1522 1545 1553 1572 et
1570 1540 1776 1580 mandamus,

1036 1598 1070 1624 ut
1095 1593 1251 1635 deinceps
1278 1593 1446 1636 perpetuis
1474 1594 1588 1626 suturis
1622 1594 1778 1638 tempori-

1037 1645 1096 1677 bus
1115 1645 1345 1678 monasterium
1361 1646 1392 1678 S.
1407 1646 1636 1687 scholasticae,
1648 1653 1779 1692 praeter

1037 1705 1068 1732 et
1085 1700 1168 1732 ultra
1185 1700 1266 1732 duos
1285 1700 1462 1733 monachos
1480 1701 1666 1740 cucullatos,
1688 1701 1779 1735 duos-

1783 212 1830 237 Αη.
1855 209 1882 236 C.
1903 210 1968 237 1732

1827 378 1854 398 De
1883 384 1969 398 numero

1787 405 1935 425 niun-ullorum
1953 412 1970 424 i-

1786 432 1856 451 bul-vui
1882 432 1969 452 alendu-

1789 465 1834 478 runi

1037 1764 1098 1796 que
1124 1753 1251 1786 oblatos
1277 1764 1330 1786 seu
1358 1749 1540 1794 conversosss
1560 1765 1595 1787 ac
1613 1765 1711 1787 unum
1738 1756 1779 1788 sa·

1036 1808 1156 1839 mulum
1190 1818 1261 1839 cum
1296 1818 1381 1850 equo
1407 1818 1462 1840 sen
1490 1809 1595 1848 mula,
1623 1819 1704 1852 quos
1738 1810 1777 1843 ad

1035 1871 1128 1894 usum
1154 1861 1342 1893 monasterii
1362 1861 1449 1894 Sacri
1468 1861 1591 1905 Specus
1618 1863 1656 1895 ad
1683 1874 1778 1905 prae—

1035 1925 1110 1947 sens
1137 1920 1304 1954 sustentat,
1331 1915 1410 1947 duos
1436 1915 1516 1948 alios
1541 1916 1720 1948 monachos
1745 1927 1778 1948 e-

1037 1968 1173 2000 iusmodi
1193 1968 1223 2001 in
1246 1969 1316 2012 ipso
1335 1968 1534 2002 monasterio
1552 1969 1639 2002 Sacri
1656 1969 1776 2013 Specus

1036 2021 1201 2054 retineat:
1228 2022 1272 2054 ita
1297 2022 1384 2065 quod
1403 2023 1435 2054 in
1453 2028 1621 2066 posterum
1640 2028 1777 2066 quatuor

1035 2075 1213 2107 monachos
1240 2076 1430 2116 cucullatos,
1458 2075 1538 2108 duos
1566 2075 1693 2108 oblatos
1718 2087 1776 2109 seu

1034 2139 1222 2169 conversos,
1250 2128 1405 2162 famulum
1431 2139 1502 2161 cum
1521 2139 1604 2172 equo
1622 2130 1671 2163 vel
1689 2131 1776 2163 mula

1035 2182 1175 2231 propriis
1211 2182 1394 2225 sumptibus
1419 2183 1528 2222 alere,
1555 2193 1591 2215 ac
1616 2184 1773 2217 continuo

1034 2234 1177 2267 retinere
1216 2240 1378 2267 teneatur.
1406 2234 1465 2273 Qui
1499 2241 1637 2279 quatuor
1663 2247 1774 2269 mona-

1033 2288 1085 2320 chi
1111 2299 1182 2320 cum
1210 2287 1280 2320 aliis
1308 2288 1417 2321 itidem
1444 2294 1584 2331 quatuor
1617 2299 1652 2321 ex
1679 2289 1773 2323 bonis

1033 2352 1092 2385 per
1128 2348 1344 2374 memoratum
1370 2341 1536 2375 Nicolaum
1563 2342 1690 2375 Mariam
1724 2355 1775 2376 ar-

1032 2396 1280 2439 chiepIscopum
1320 2396 1504 2440 applicatis,
1530 2403 1564 2428 nt
1592 2398 1772 2440 praefatur,

1032 2460 1200 2483 nnmerum
1220 2450 1420 2482 constituent
1438 2456 1510 2482 octo
1526 2451 1772 2493 monachorum,

1032 2514 1047 2536 e
1075 2503 1191 2547 quibus
1218 2514 1300 2536 unus
1326 2503 1367 2535 sit
1391 2503 1482 2546 prior
1499 2514 1515 2536 a
1533 2504 1616 2537 dicta
1632 2504 1774 2549 Congre-

1030 2557 1161 2599 gatione
1195 2556 1381 2589 Cassinensi
1415 2567 1546 2600 semper
1581 2557 1771 2601 eligendus,

1031 2610 1084 2654 qui
1112 2616 1216 2644 tamen
1240 2609 1458 2651 cellerarium,
1481 2621 1541 2656 per
1566 2612 1768 2657 superiores,
