2182 3137
185 150 237 176 An.
257 150 288 176 C.
304 148 377 176 1730

217 1532 374 1553 Contrariorum

191 1560 307 1583 clerozatio.

244 2482 307 2503 rmus
322 2485 377 2503 tian-

194 2511 330 2535 sumptorum.

422 140 486 171 tint

388 250 616 289 existentibus,
631 260 692 293 per
706 249 887 292 apostoliea
900 249 1022 292 scripta
1038 259 1128 282 man-

385 304 507 342 damus,
535 309 697 345 quatenus
723 302 795 345 ipsi,
821 303 871 335 vcl
897 304 980 335 alter
1005 313 1126 340 eorum,

387 367 446 399 per
460 367 506 393 se,
519 357 569 389 vel
585 356 694 396 alium,
706 366 761 388 seu
777 356 867 396 alios,
878 356 933 389 ubi
951 361 982 389 et
997 356 1127 399 quando

388 420 471 452 opus
496 410 614 448 suerit,
643 415 671 442 et
698 409 827 452 quoties
853 409 983 442 illorum
1010 408 1128 452 aliquis

388 467 444 495 aut
469 462 570 505 aliqui
596 473 656 506 pro
683 467 774 505 parte
800 462 831 494 in
857 462 1043 502 praemissis
1079 462 1129 494 in-

389 521 512 548 teresse
544 515 735 548 habentium
767 526 823 548 seu
854 515 990 548 alicuius
1015 525 1128 548 eorum

385 569 526 611 desuper
550 569 671 601 suerint
697 568 857 611 requisiti,
882 568 1013 601 easdem
1040 578 1130 611 prae-

388 627 496 655 sentes
523 623 659 662 litteras,
688 628 719 655 et
745 623 775 654 in
796 623 841 655 eis
863 627 1018 655 contenta
1036 632 1130 665 quae-

389 685 542 719 cumque,
560 676 752 709 solemniter
771 676 990 719 publicantes,
1012 676 1130 707 saciant

387 729 579 761 auctoritate
605 730 716 762 nostra
742 730 825 772 ipsus
854 734 1045 771 praesentes
1080 728 1129 760 lit-

386 787 472 815 teras
498 788 529 815 et
554 783 585 815 in
613 783 658 815 eis
684 787 838 815 contenta
875 781 1062 814 huiusmodi
1090 781 1150 830 ab³

387 835 461 875 illis,
488 836 527 868 ad
555 847 635 879 quos
660 840 787 878 spectat
812 841 842 868 et
867 834 1031 878 spectabit
1051 833 1151 876 quo-²

854 889 884 920 in
911 887 1062 920 omnibus
1098 891 1150 918 et*

389 952 448 986 per
466 942 575 975 omnia
590 942 783 974 inconcusse
803 946 834 973 ct
848 946 969 981 exacte,
988 947 1023 972 ut
1039 950 1129 983 prae-
1148 954 1151 966 ·

388 888 434 920 vis
462 889 558 921 modo
590 888 621 920 in
657 889 815 925 futurum,

389 996 503 1035 fertur,
530 995 708 1035 observari,
728 1000 758 1028 ct
784 994 967 1027 executioni
994 994 1128 1026 deman-

388 1049 474 1088 dari;
502 1048 763 1081 contradictores
784 1047 949 1090 quoslibet
967 1052 998 1079 et
1024 1046 1129 1079 rebel-

390 1102 436 1134 les
461 1112 519 1144 per
544 1100 736 1141 sententias,
767 1110 923 1132 censuras
950 1106 981 1132 et
1007 1110 1128 1142 poenas

390 1154 635 1193 ecclesiasticas,
651 1154 780 1197 aliaque
798 1158 984 1196 opportuna
1000 1152 1078 1185 iuris
1098 1158 1130 1185 et
1149 1192 1151 1199 ,

388 1207 461 1240 t‘acti
488 1207 649 1247 remedia,
676 1206 901 1249 appellatione
927 1206 1126 1249 postposita,
1150 1201 1151 1204 ’

388 1260 655 1303 compescendo,
693 1259 912 1302 legitimisque
945 1270 1045 1302 super
1079 1259 1129 1291 liis

388 1313 548 1346 habendis
575 1313 709 1346 servatis
730 1313 951 1355 processibus,
975 1323 1130 1345 censuras

388 1372 420 1399 et
458 1377 580 1410 poenas
619 1367 704 1409 ipsas
729 1366 825 1399 ctiam
856 1366 981 1399 iteratis
1008 1366 1130 1399 vicibus

388 1420 609 1462 aggravando,
637 1420 784 1452 invocato
809 1420 905 1452 etiam
933 1420 970 1452 ad
999 1419 1074 1459 hoc,
1102 1419 1127 1451 si

390 1484 474 1516 opus
502 1474 609 1512 suerit,
631 1473 750 1506 auxilio
771 1473 897 1506 brachii
917 1473 1104 1506 saecularis.

430 1527 493 1570 §6-
520 1527 589 1559 Non
612 1527 821 1559 obstantibus
840 1526 1129 1559 constitutionibus

386 1586 419 1613 et
455 1580 717 1613 ordinationibus
745 1580 955 1622 apostolicis,
983 1590 1127 1619 necnon,

387 1637 548 1676 quatenus
575 1644 657 1676 opus
680 1633 730 1673 sit,
752 1633 882 1666 Ordinis
910 1639 941 1665 ct
967 1639 1124 1666 monaste-

387 1686 510 1719 riorum
537 1687 787 1729 prucdictortuu,
814 1687 924 1719 aliisve
950 1687 1127 1729 quibusvis,

389 1740 485 1772 etiam
513 1740 708 1777 iuramento,
728 1739 975 1773 confirmatione
1000 1746 1130 1782 aposto-

387 1793 458 1832 IIca,
481 1795 528 1826 vel
548 1793 659 1836 quavis
685 1794 837 1826 firmitate
862 1794 923 1825 alia
950 1794 1127 1833 roboratis,

387 1847 515 1879 statutis
543 1853 573 1879 et
604 1846 914 1886 consuetudinum,
949 1846 1129 1889 privilegiis

390 1910 524 1942 quoquc
551 1905 581 1931 et
608 1900 750 1938 indultis,
777 1905 809 1931 ct
834 1900 949 1932 litteris
974 1900 1130 1942 apostoli-

387 1953 432 1984 cis
457 1953 489 1984 in
525 1953 728 1985 contrarium
760 1954 1013 1996 praemissorum
1051 1965 1129 1996 quo-

386 2006 570 2039 modolibet
596 2007 768 2046 concessis,
800 2007 999 2040 confirmatis
1026 2013 1057 2039 et
1082 2007 1129 2038 in-

385 2059 535 2099 novatis,
574 2059 693 2102 quibus
730 2059 879 2091 omuibus
913 2065 943 2092 et
976 2059 1127 2102 singulis,

385 2111 520 2145 illorum
550 2119 680 2145 tenores
707 2114 934 2155 praesentibus
952 2125 1011 2156 pro
1031 2115 1128 2157 plene

386 2171 420 2199 et
458 2164 657 2199 sufficienter
693 2167 857 2210 expressis
890 2178 927 2200 ac
957 2167 996 2199 dc
1030 2168 1129 2200 verbo

386 2219 425 2251 ad
454 2218 590 2250 verbum
615 2219 746 2252 insertis
770 2219 942 2260 habentes,
962 2220 1026 2253 illis
1051 2221 1129 2254 alias

386 2271 419 2303 in
440 2282 498 2303 suo
517 2271 638 2304 robore
663 2273 896 2315 permansuris,
914 2273 952 2306 ad
976 2274 1131 2316 praemis-

386 2334 498 2356 sorum
541 2324 709 2365 effectum,
747 2326 806 2357 hac
843 2326 910 2358 vice
952 2326 1126 2366 dumtaxat,

386 2376 575 2419 specialiter
600 2382 632 2409 et
657 2388 809 2420 expresse
835 2378 1053 2420 derogamus;
1080 2390 1132 2411 ce-

389 2429 535 2472 terisque
560 2431 733 2463 contrariis
760 2431 1033 2475 quibuscumque.

432 2480 502 2523 57.
542 2481 696 2514 Volumus
735 2486 845 2514 autem
877 2487 913 2514 ut
945 2483 1131 2516 earumdem

389 2534 614 2576 praesentium
629 2530 812 2567 litterarum
830 2535 1055 2579 transumptis,
1074 2546 1130 2568 seu

973 147 1153 171 Buccaniuu
1181 147 1333 171 nomnen

389 197 479 240 scopi
505 197 677 236 Toletani,
704 206 790 229 nunc
827 202 858 228 et
896 206 955 239 pro
981 201 1150 238 tempore,

1171 196 1345 238 exemplis,
1373 197 1469 229 etiam
1489 196 1668 239 impressis,
1695 206 1791 228 manu
1817 196 1916 229 alicu-

1172 249 1219 281 ius
1246 249 1361 281 notarii
1393 249 1514 292 publici
1544 248 1731 292 subcriptis,
1757 253 1788 281 et
1805 249 1913 291 sigillo

1172 313 1333 345 personae
1358 303 1390 334 in
1419 302 1639 335 ecclesiastica
1662 302 1819 344 dignitate
1837 312 1913 334 con-

1171 354 1303 387 stitutae
1337 354 1480 396 munitis,
1516 355 1632 387 cadem
1668 365 1803 397 prorsus
1832 354 1913 387 fides

1172 413 1236 440 tam
1261 408 1291 440 in
1314 407 1436 440 iudicio
1457 418 1550 451 quam
1577 414 1667 440 extra
1685 407 1767 440 illud
1793 407 1914 440 habea-

1172 465 1232 499 tur,
1264 471 1348 504 quae
1373 460 1453 503 ipsis
1479 460 1706 503 praesentibus
1734 460 1914 492 haberetur

1172 514 1197 546 si
1217 514 1325 546 forent
1349 514 1515 546 exhibitae
1536 515 1584 546 vel
1612 519 1778 546 ostensae.

1216 568 1329 600 Datum
1348 568 1486 608 Romae,
1504 568 1589 610 apud
1609 568 1639 600 S.
1660 568 1790 600 Mariam
1816 567 1914 601 Maio-

1173 621 1324 660 reni,sub
1351 622 1471 654 annulo
1496 621 1680 660 Piscatcris‚
1703 621 1755 653 die
1778 631 1808 653 xl
1825 626 1913 653 octo-

1172 674 1239 706 bris
1256 684 1426 713 unccxxx,
1445 673 1654 716 pontificatus
1671 673 1773 706 nostri
1791 684 1876 706 anno
1889 683 1911 706 1.

1209 736 1267 761 Dat.
1294 736 1338 761 die
1362 737 1389 762 11
1415 735 1538 761 octobris
1555 735 1639 765 1730,
1661 735 1762 769 pontif.
1781 742 1855 761 anno
1875 742 1894 760 1.

1470 789 1502 822 F.
1528 790 1616 822 card.
1643 789 1824 823 [iuvemus.

1509 942 1573 974 XII.

1172 1010 1351 1042 Moderatio
1372 1011 1594 1054 quarumdam
1615 1011 1803 1044 litterarum
1817 1012 1917 1044 Bene-

1217 1063 1299 1096 dicti
1314 1064 1407 1097 XIII
1422 1075 1481 1107 pro
1507 1064 1629 1098 Ordine
1650 1065 1794 1106 fratrum
1814 1065 1915 1097 Mino-

1217 1126 1291 1149 rum
1317 1118 1423 1149 saneti
1442 1117 1613 1150 Francisci
1630 1117 1669 1150 de
1686 1117 1913 1151 observantia.

1384 1197 1521 1224 Clemens
1542 1198 1625 1230 Papa
1645 1198 1710 1229 XII,

1316 1242 1352 1268 ad
1372 1242 1509 1269 futuram
1528 1243 1574 1269 rei
1588 1243 1772 1270 memoriam.

1219 1312 1464 1355 Circumspecta
1489 1313 1623 1346 Romani
1651 1307 1816 1346 Pontiti'cis
1841 1324 1916 1358 pro-

1173 1364 1327 1405 videntia,
1352 1365 1629 1406 christifidelium,
1657 1367 1710 1409 qui
1730 1378 1745 1399 e
1763 1367 1914 1401 fluctibus

1174 1418 1294 1451 saeculi
1321 1418 1352 1451 in
1379 1424 1512 1462 portum
1537 1419 1618 1452 vitae
1644 1420 1819 1463 religiosae
1843 1432 1916 1454 con·

1175 1471 1338 1513 fugerunt,
1367 1472 1468 1515 quieti
1490 1478 1522 1505 et
1542 1483 1722 1516 prosperae
1740 1473 1915 1507 directioni

1174 1523 1295 1566 iugiter
1319 1525 1504 1567 invigilans,
1530 1536 1577 1566 ea,
1615 1537 1698 1569 quae
1732 1527 1830 1559 certis
1866 1538 1916 1560 ra-

1175 1578 1385 1611 tionabilibus
1412 1590 1447 1611 ex
1474 1580 1579 1612 causis
1605 1591 1621 1612 a
1650 1582 1916 1623 praedecessori-

1174 1631 1233 1663 bus
1258 1632 1324 1664 suis
1343 1633 1517 1665 constituta
1535 1633 1679 1673 suerunt,
1699 1634 1723 1666 si
1743 1635 1819 1677 quid
1838 1635 1915 1667 inde

1174 1685 1292 1717 exoriri
1321 1686 1541 1728 deprehendit
1566 1687 1778 1728 incommodi,
1817 1688 1916 1721 iuter-

1174 1739 1249 1771 dum
1276 1740 1469 1771 moderatur
1494 1750 1529 1771 ac
1560 1740 1728 1781 immutat,
1755 1742 1838 1774 sicut
1863 1752 1917 1774 ac-

1174 1791 1308 1834 quitatis
1345 1798 1376 1825 ct
1412 1793 1553 1825 iustitiae
1588 1794 1706 1826 rationi
1744 1801 1916 1828 consenta—

1173 1855 1271 1876 neum
1299 1855 1371 1877 esse
1397 1845 1428 1877 in
1456 1846 1592 1879 Domino
1618 1847 1808 1880 arbitratur.

1218 1899 1231 1940 ᾗ
1260 1897 1288 1930 I.
1316 1899 1403 1930 Alias
1428 1899 1590 1942 siquidem
1609 1910 1626 1931 a
1644 1900 1716 1942 piac
1737 1901 1914 1934 memoriae

1174 1951 1351 1983 Benedicto
1380 1953 1439 1985 PP.
1468 1953 1533 1985 XIII
1567 1954 1820 1995 praedecessore
1857 1966 1916 1988 no-

1173 2009 1239 2036 stro
1276 2012 1471 2038 enmnarunt
1505 2017 1564 2049 pro
1602 2006 1753 2040 universo
1794 2008 1915 2041 Ordine

1175 2058 1308 2090 fratrum
1340 2059 1499 2103 Minorum
1536 2060 1639 2092 sancti
1672 2060 1837 2093 Francisci
1874 2062 1914 2094 dc

1173 2110 1381 2143 Observantissi
1418 2117 1678 2154 nuncupatorum
1717 2113 1846 2146 litterae
1882 2113 1914 2147 in

1173 2162 1268 2196 simili
1295 2164 1399 2197 forma
1425 2164 1533 2197 Brevis
1560 2166 1681 2197 tenoris
1718 2166 1772 2208 qui
1809 2166 1917 2210 sequi-

1174 2222 1233 2256 tur,
1259 2217 1425 2249 videlicet:

1218 2271 1424 2304 Beueoicrus
1448 2271 1507 2303 1³1³.
1539 2271 1617 2311 XIII,
1651 2271 1694 2304 acl
1723 2277 1917 2316 perpetuam

1173 2324 1222 2355 rei
1260 2324 1465 2356 memoriam.
1505 2324 1704 2358 Universalis
1748 2326 1916 2360 Ecclesiae

1175 2377 1340 2419 regimini,
1368 2377 1442 2410 etc.¹

1212 2458 1222 2481 1
1246 2458 1344 2483 Cetera
1364 2457 1454 2490 legere
1475 2461 1515 2484 est
1535 2457 1562 2484 in
1582 2461 1655 2484 tomo
1675 2459 1849 2492 praecedenti
1865 2458 1916 2486 hu-

1174 2500 1216 2526 ius
1232 2500 1359 2527 editionis
1375 2509 1440 2536 pag,
1457 2503 1516 2534 111,
1533 2506 1621 2529 const.
1638 2511 1712 2529 num.
1729 2509 1816 2536 xxxix,
1832 2511 1915 2538 quae,

1174 2545 1301 2572 brevitati
1322 2546 1504 2579 consulentes,
1525 2547 1674 2574 omittenda
1693 2547 1860 2574 censuimus.

1927 149 1975 176 An.
1992 148 2020 176 C.
2043 147 2110 178 ¹730

1954 1321 2097 1345 Prooemium,

1939 1909 2050 1930 Benedicti
2065 1908 2109 1930 xm

1927 1937 1999 1963 Papae
2018 1936 2110 1957 litterae.

2136 991 2148 1011 ό

2143 959 2155 979 ‚¹1
2146 925 2154 932 a

2139 1134 2170 1331 rus-22⁶2*
2140 1017 2168 1118 2212:-

2169 1734 2172 1742 .
2141 1395 2173 1699 &RQ-We
2146 1336 2163 1381 ὅ*

2142 1887 2177 2431 ’ν-φηὲω--ψιψῆᾈ
2174 1833 2175 1846 „„
2167 1773 2171 1794 ,,

2143 2489 2159 2511 ·,
2143 2440 2155 2473 ι.
