2182 3137
226 168 281 195 Αι».
300 166 418 195 &1730
464 158 528 190 ‘¹4⁹2

221 2293 343 2319 Assignatio
361 2292 406 2312 rtie-

222 2325 267 2340 rum
283 2320 310 2340 ad
334 2319 406 2339 huius·
563 2336 569 2341 ,
827 2335 833 2341 ,
1001 2336 1007 2341 ,
1071 2337 1076 2341 .

222 2346 281 2394 gnuffii
302 2346 362 2372 panii
383 2333 486 2367 u-fato
523 2340 569 2367 uti
605 2340 764 2378 possunt,
800 2336 833 2367 hi
860 2341 952 2376 sunt,
980 2337 1159 2369 Vldelicet:

426 225 557 248 necnon
583 215 685 258 ipsius
701 215 894 248 venerabilis
912 216 1020 248 fratris
1037 216 1164 249 loannis

423 267 556 300 Antonii
575 267 718 310 episcopi
737 268 820 300 votis
839 268 1080 309 obsecundare,
1099 269 1164 302 exi-

423 321 555 363 mioque
577 320 689 360 amori,
707 331 771 363 quo
792 321 973 354 antedictus
991 321 1164 354 cardinalis

423 372 545 405 Nereus
570 377 705 416 patruus
730 378 844 405 noster
869 374 1041 406 ecclesiam
1075 384 1162 407 suam

423 425 588 457 Aretinam
615 425 915 467 complectebatur,
942 426 1163 469 respondere,

422 482 455 509 et
480 477 582 510 nostri
608 478 730 520 pariter
754 489 901 521 perenne
927 479 1059 522 aliquod
1097 490 1165 512 mo-

421 536 567 562 mentum
593 536 702 563 extare
729 532 894 571 volentes,
922 531 1093 575 ipsumque
1117 531 1166 564 Io-

425 592 543 615 annem
557 583 734 616 Antonium
751 584 941 627 episcopum
959 595 975 616 a
989 584 1165 627 quibusvis,

423 640 484 667 etc.
503 662 510 674 ,
537 641 730 676 censentes,
756 647 885 669 necnon
912 637 1020 670 omnia
1046 642 1077 670 et
1104 637 1166 670 sin-

425 689 501 731 gula
536 688 706 731 privilegia
739 694 769 722 et
805 689 930 722 indulta
955 690 1162 732 apostoliea,

422 751 480 773 seu
507 741 619 784 quavis
645 742 707 775 alia
733 743 925 775 auctoritate
943 743 1048 775 eidem
1066 744 1166 776 eccle-

426 794 491 826 siae
518 795 698 833 Aretinae,
733 795 887 838 illiusque
924 796 1067 839 praesuli
1103 806 1163 839 pro

424 853 574 890 tempore
601 849 762 888 existenti,
790 849 815 881 si
841 860 922 892 quae
949 850 1013 882 sint
1030 859 1165 892 quomo-

424 901 550 934 dolibet
575 912 727 934 concessa
739 901 757 943 ¹,
784 903 1009 945 praesentibus
1028 913 1087 946 pro
1115 913 1165 935 ex-

421 954 543 996 pressis
568 954 725 987 habentes
745 982 752 994 ,
779 961 870 988 motu
896 957 1030 998 proprio
1060 961 1090 988 et
1127 967 1163 988 ex

423 1008 512 1038 certa
536 1007 691 1045 scientia,
720 1007 824 1050 deque
850 1009 1049 1051 apostolicae
1074 1014 1165 1051 pole-

421 1059 512 1091 statis
533 1060 749 1102 plenitudine,
766 1061 871 1094 eidem
889 1062 999 1094 loanni
1020 1062 1163 1094 Antonio

421 1113 574 1155 episcopo
601 1118 631 1145 et
657 1114 901 1147 successoribus
927 1115 995 1147 eius
1022 1115 1163 1147 Aretinis

422 1165 585 1208 episcopis
611 1176 671 1208 pro
698 1172 843 1210 tempore
870 1167 1104 1208 existentibus,
1130 1173 1164 1200 ut

422 1218 483 1261 ipsi
510 1219 725 1262 imposterum
750 1221 918 1263 perpetuis
946 1222 1062 1253 suturis
1090 1227 1164 1254 tem-

420 1273 556 1315 poribus
582 1273 706 1316 pallio,
733 1274 854 1316 insigni
880 1275 1030 1308 videlicet
1061 1276 1164 1318 pleni-

421 1325 542 1358 tudinis
582 1326 778 1369 pontificalis
811 1327 931 1367 officii,
974 1339 1010 1361 ex
1049 1339 1162 1361 eorum

420 1383 512 1421 parte
538 1390 556 1411 a
580 1379 675 1412 nobis
701 1385 729 1412 et
755 1391 814 1423 pro
841 1386 985 1423 tempore
1004 1381 1163 1414 existente

419 1430 566 1464 Romano
593 1432 747 1466 Pontifiec
772 1444 830 1476 per
855 1444 967 1467 eorum
993 1436 1162 1477 proprium

419 1484 574 1516 nuncium
612 1486 651 1517 ab
684 1486 730 1519 eis
762 1487 992 1520 destinandum
1025 1498 1096 1520 cum
1126 1490 1163 1520 ea

421 1547 485 1579 qua
511 1537 604 1570 dccet
630 1538 785 1571 instantia
818 1541 1029 1582 postulando,
1057 1546 1089 1573 et
1122 1542 1162 1574 dc

424 1601 564 1633 corpore
604 1592 691 1625 beati
732 1592 817 1625 Petri
855 1595 1039 1633 sumendo,
1077 1605 1162 1626 sum-

420 1649 580 1687 ptumque
599 1656 658 1687 per
675 1656 775 1677 unum
795 1652 825 1679 ct
850 1648 986 1679 alterum
1006 1647 1162 1690 archiep'r

423 1707 540 1740 scopos
567 1709 621 1730 seu
649 1699 822 1742 episcopos
843 1700 904 1739 eis,
932 1701 990 1732 snb
1018 1701 1120 1733 forma
1146 1713 1162 1733 a

422 1750 519 1782 nobis
540 1756 571 1783 et
596 1751 742 1783 Romano
761 1751 916 1785 Pontissce
934 1763 994 1795 pro
1013 1759 1162 1795 tempore

423 1802 582 1835 existente
609 1805 822 1846 assignanda,
849 1806 1032 1848 eodemque
1063 1806 1162 1848 pallio

421 1855 506 1889 intra
532 1858 648 1889 dictam
676 1858 843 1891 ecelesiam
871 1859 1161 1891 Aretinamdielnis

422 1919 439 1941 a
464 1909 570 1950 nohis,
596 1915 630 1942 ut
655 1910 739 1942 infra
764 1911 977 1953 assignandis
1004 1912 1068 1951 uti,
1095 1923 1163 1944 nec-

422 1973 489 1995 non
512 1974 638 1996 erucem
661 1966 693 1996 in
712 1965 852 1997 dioecesi
872 1965 1004 1997 Arctina
1022 1966 1104 1998 serre
1124 1967 1161 1998 ad

420 2015 524 2048 instar
548 2017 727 2049 Picinensis
754 2023 785 2049 ct
810 2018 1060 2060 Bainhcrgensis
1095 2019 1161 2061 epi-

420 2079 595 2112 scoporum
621 2070 725 2103 libere
752 2077 782 2103 et
807 2072 894 2104 licite
919 2072 1046 2114 possint
1064 2077 1096 2104 et
1114 2083 1163 2104 va-

419 2123 525 2162 leant,
543 2124 722 2166 apostolica
740 2125 930 2156 auctoritate
947 2131 1107 2168 perpetuo
1126 2138 1160 2158 ex

420 2175 535 2218 gratia¹
555 2176 697 2219 speciali,
718 2187 799 2219 quae
818 2177 950 2209 mininie
971 2183 1113 2211 transeat
1130 2179 1161 2211 in

417 2230 624 2271 exemplum,
650 2223 858 2262 concedimus
885 2235 916 2262 et
940 2230 1159 2273 indulgemus.

465 2282 479 2324 ἓ
505 2281 537 2314 3.
566 2282 639 2315 Dies
665 2288 783 2323 autem⁷
810 2282 928 2325 quibus
953 2283 1053 2326 pallio
1069 2294 1162 2326 prae-

418 2387 597 2421 Nativitatis
622 2388 750 2421 Domini
775 2388 881 2421 Nostri
913 2389 983 2422 lesu
1015 2389 1160 2430 Christi,

421 2441 593 2474 beatorum
619 2442 777 2486 Stephani
795 2443 1044 2487 Protomartyris
1070 2444 1162 2477 etlo-

459 2513 468 2537 ¹l
494 2511 561 2538 Mate
581 2512 647 2539 edit.
668 2512 748 2540 Main.
769 2513 834 2548 legit
852 2521 998 2540 concessae
1018 2516 1056 2547 (n.
1069 2516 1119 2548 τ.).

456 2555 472 2582 2
493 2555 565 2582 Edit.
589 2557 674 2584 Main.
695 2557 763 2591 legit
780 2558 895 2592 qratiae
913 2559 955 2591 (n.
970 2558 1018 2590 τ.).

998 169 1180 192 BULLARIUM
1206 169 1361 193 ROMANUM

1207 218 1300 250 annis
1337 218 1579 259 Evangelistae‚
1612 218 1889 258 Citmiincisionis,
1918 222 1950 251 et

1205 270 1408 314 Epiphaniae
1432 270 1559 304 Domini
1585 271 1656 303 sesti
1682 271 1950 311 dies,·d0minica

1206 322 1407 363 palmarum,
1446 323 1528 356 seria
1560 324 1672 366 quinta
1704 324 1835 356 maioris
1870 324 1950 357 heb·

1208 375 1387 416 domadae,
1413 377 1582 409 sabbatum
1608 381 1752 409 sanctum
1768 403 1775 416 ,
1804 376 1947 417 Pascha,

1208 428 1288 461 seria
1324 430 1465 462 secunda
1496 434 1570 473 post
1605 429 1754 468 Pascha,
1791 429 1950 462 Aseensio

1207 481 1352 521 Domini,
1378 482 1597 521 Pentecostes,
1623 493 1659 515 ac
1684 482 1781 515 etiam
1808 481 1869 514 tria
1898 482 1950 514 vel

1208 541 1348 577 quatuor
1378 536 1534 579 Deiparae
1573 536 1734 578 Virginis,
1772 535 1950 568 Nativitatis

1207 587 1239 620 S.
1274 588 1402 621 Ioannis
1427 589 1590 632 Baptistae
1612 616 1618 628 ,
1646 599 1681 621 ac
1706 589 1852 621 omnium
1878 599 1952 631 apo-

1209 643 1378 682 stolorum,
1399 648 1430 675 et
1454 642 1781 675 Commemorationis
1799 641 1951 674 Omnium

1208 693 1411 734 Sanctorum,
1436 695 1659 728 Dedicationis
1682 699 1713 727 ct
1737 693 1951 726 anniversarii

1208 745 1493 788 Consecmtionis,
1512 748 1640 790 aliaque
1668 747 1825 780 ecclesiae
1852 745 1953 778 Areti-

1208 810 1268 831 nae
1288 800 1452 842 praefatae
1466 800 1663 844 principalia
1683 801 1772 838 festa,
1788 799 1857 832 dies
1872 809 1952 842 quo·

1208 863 1269 895 que
1285 853 1404 895 quihus
1417 853 1612 886 clericorum
1626 852 1786 886 ordinatio
1801 851 1950 884 habetur.

1252 906 1267 948 ἓ
1291 906 1323 938 4.
1347 906 1386 938 Ut
1410 912 1518 939 autem
1545 907 1683 949 signum,
1703 918 1720 938 a
1741 905 1848 946 nobis,
1869 905 1952 937 sicut
1986 907 2174 944 Episcoposael'*

2130 59 2145 70 Κ
2164 47 2165 50 ,

1954 170 2006 195 Αη.
2027 168 2055 195 C.
2074 169 2147 198 173ss

1962 944 2074 964 sollicitam
2112 949 2155 965 ec-¹

1207 959 1406 1001 praefertur,
1433 969 1624 991 eoncessum
1644 964 1677 991 et
1692 958 1867 997 indultum,
1885 967 1950 990 non
1963 971 2160 1018 effigiffimffieggsh

1978 1025 2066 1045 ortatur.
2150 1027 2155 1031 ·

1208 1011 1375 1054 discrepet
1400 1012 1587 1053 assignato,
1616 1012 1673 1044 sed
1705 1012 1791 1053 quod
1828 1003 1975 1053 geritnrii

1208 1064 1350 1095 exterius
1367 1090 1374 1103 ,
1402 1064 1538 1096 interius
1565 1070 1712 1096 servetur
1747 1064 1778 1096 in
1816 1068 1924 1096 mente
1942 1088 1950 1102 ,

1207 1116 1361 1149 Ioannem
1387 1117 1564 1150 Antonium
1591 1117 1783 1160 episcopum
1813 1121 1844 1149 et
1879 1127 1953 1149 suc-

1207 1180 1353 1202 cessores
1386 1180 1461 1202 suos
1495 1170 1647 1202 Aretinos
1681 1170 1854 1213 episcopos
1890 1179 1951 1212 pro

1207 1227 1355 1267 tempore
1380 1224 1556 1257 existentes
1582 1225 1747 1267 praefatos
1768 1233 1949 1262 monemus,

1207 1281 1239 1308 et
1264 1277 1432 1309 hortamur
1457 1282 1578 1309 attente
1599 1304 1605 1317 ,
1634 1283 1793 1319 quatenus
1818 1276 1950 1309 humili-

1208 1333 1306 1361 tatem
1331 1335 1364 1362 et
1387 1330 1561 1366 iustitiam,
1589 1330 1685 1362 dante
1722 1329 1857 1362 Domino
1893 1329 1948 1372 qui

1206 1382 1259 1414 dat
1283 1382 1427 1425 praemia
1452 1388 1482 1415 et
1507 1393 1643 1414 munera
1668 1383 1826 1425 elargitur
1844 1409 1851 1423 ,
1887 1392 1950 1414 ser-

1205 1446 1280 1468 vare
1306 1436 1482 1476 studeant,
1512 1446 1594 1479 quae
1620 1446 1730 1468 earum
1756 1439 1885 1468 servant
1916 1440 1949 1467 et

1205 1494 1400 1532 promovent
1424 1494 1633 1529 servatores,
1660 1499 1697 1522 ac
1722 1489 1871 1522 eamdem
1897 1499 1948 1522 ec-

1205 1542 1338 1575 clesiam
1365 1542 1532 1574 Aretinam
1559 1552 1672 1575 eorum
1705 1552 1863 1584 sponsam
1895 1551 1949 1574 cu-

1206 1601 1279 1627 rent
1304 1595 1452 1634 sollicite,
1472 1601 1602 1627 auctore
1620 1595 1777 1633 Domino,
1796 1595 1946 1638 spiritua·

1204 1648 1280 1680 liter
1305 1654 1335 1680 ct
1361 1648 1583 1691 temporaliter
1614 1653 1848 1689 augumentare
1870 1659 1877 1686 ;
1916 1652 1947 1680 et

1205 1707 1239 1733 ut
1264 1701 1474 1733 ceticessionc
1502 1706 1532 1733 et
1557 1701 1684 1733 indulto
1710 1701 1865 1743 praefatis
1890 1710 1947 1742 pa-

1205 1753 1295 1785 cifice
1332 1754 1392 1786 frui
1419 1755 1569 1792 valcant,
1598 1753 1765 1796 quibusvis
1802 1753 1948 1796 primati-

1205 1808 1277 1845 bus,
1303 1807 1516 1850 patriarchis,
1545 1807 1803 1850 archiepiscopis
1830 1811 1860 1840 et
1877 1807 1947 1850 epi-

1206 1861 1331 1903 seopis,
1354 1872 1413 1893 usu
1441 1861 1529 1903 pallii
1556 1865 1587 1892 et
1612 1860 1717 1892 crucis
1743 1859 1946 1903 praelatione

1206 1914 1358 1956 praefatis
1383 1924 1418 1946 ex
1445 1913 1652 1955 Apostolicae
1678 1913 1770 1945 Sedis
1796 1912 1947 1952 benigni-

1206 1973 1269 1999 tate
1296 1967 1530 2009 gaudentibus,
1557 1966 1733 1998 distrietius
1758 1965 1947 1998 inhibemus

1205 2019 1236 2051 in
1257 2020 1373 2052 virtute
1399 2025 1528 2052 sanctae
1554 2019 1772 2059 obedientiae,
1797 2030 1837 2051 ne
1854 2018 1948 2050 Ioan-

1206 2083 1278 2105 nein
1298 2073 1474 2105 Antonium
1501 2078 1533 2105 et
1557 2082 1761 2104 successores
1787 2081 1861 2103 suos
1879 2071 1948 2114 epi-

1205 2136 1323 2167 scopos
1339 2126 1489 2158 Aretinos
1514 2136 1573 2167 pro
1599 2130 1746 2167 tempore
1768 2123 1946 2156 existentes

1204 2179 1367 2221 praefatos
1387 2177 1613 2220 quovismodo
1631 2187 1687 2209 seu
1706 2181 1876 2219 praetextu
1897 2187 1947 2208 su-

1206 2242 1264 2274 per
1297 2231 1486 2274 praemissis
1522 2231 1662 2264 audeant
1697 2229 1946 2273 quomodolibet

1205 2284 1388 2323 molestare,
1408 2294 1444 2316 ac
1460 2294 1554 2315 usum
1573 2283 1660 2325 pallii
1679 2283 1862 2316 huiusmodi
1877 2293 1948 2316 cru·

1204 2336 1314 2379 eisque
1346 2337 1580 2379 praelationem
1606 2347 1739 2379 quoquo
1765 2337 1863 2369 modo
1888 2337 1947 2368 im-

1204 2390 1316 2433 pedire
1342 2394 1568 2433 praesumant.
1596 2390 1788 2423 Praesentes
1814 2401 1945 2434 quoque

1205 2448 1331 2476 nostras
1361 2443 1485 2476 litteras
1521 2443 1589 2476 ullo
1622 2453 1763 2486 unquam
1796 2448 1944 2486 tempore

1204 2496 1243 2528 de
1260 2495 1481 2538 subreptionis
1499 2497 1549 2528 vel
1564 2496 1767 2538 obreptionis
1784 2496 1870 2540 vitio,
1889 2501 1945 2529 aut

1204 2549 1394 2582 intentionis
1413 2554 1544 2583 nostrae
1566 2550 1614 2582 vel
1632 2550 1786 2592 quopiam
1810 2549 1875 2582 alio
1893 2549 1944 2582 de-
