2182 3137
237 307 286 333 Αη.
308 307 336 334 c.
358 307 426 335 1733
470 298 535 332 550

270 1707 344 1727 Annuit
365 1707 417 1726 Pun-

236 1734 291 1754 tifex.

429 356 515 397 fecit,
543 357 625 400 ipse,
651 367 712 401 pro
739 357 848 401 quiete
876 361 906 391 et
932 358 1168 402 tranquillitate

429 410 532 443 dietae
557 410 850 453 Congregationis,
876 411 1102 455 regularisque
1128 412 1169 445 di-

428 463 584 507 sciplinae
621 464 651 496 in
679 466 715 497 ea
747 465 1018 505 conservatione,
1045 465 1168 499 litteras

429 522 553 550 nostras
571 518 732 561 praefatas
751 519 789 551 ad
809 518 922 552 fratres
939 519 1170 562 Congregatio-

428 570 476 603 nis
491 571 686 614 praedictae,
706 571 823 611 addita,
840 572 926 605 iuxta
944 573 1100 615 quasdam
1119 583 1169 605 re-

428 625 583 657 colendae
601 625 776 659 memoriae
793 626 964 660 Clementis
985 627 1088 670 Papae
1104 627 1167 659 ΥΙΙΙ

427 678 689 720 praedecessoris
715 679 825 712 itidem
852 680 952 713 nostri
971 679 1003 712 in
1021 680 1089 723 pari
1110 680 1169 713 for-

428 733 479 764 ma
505 732 613 765 Brevis
640 733 764 766 litteras
797 734 849 767 die
882 745 958 767 xxiii
982 734 1168 767 novembris

427 795 526 818 Mnmv
552 793 728 827 emanatas,
747 790 851 830 poena
877 788 1064 831 privationis
1081 787 1166 820 vocis

427 838 546 872 activae
573 845 603 872 et
627 840 775 883 passivae
812 851 850 873 eo
887 841 956 884 ipso
983 851 1041 883 per
1067 846 1169 874 trans-

428 903 593 934 gressores
613 899 674 926 tam
700 894 886 937 superiores
905 905 1000 937 quam
1022 895 1167 927 subduos

427 945 633 986 inauri-enda,
661 947 811 988 extendi3
838 958 874 980 ac
900 948 1043 991 insuper,
1065 958 1104 980 ne
1124 948 1169 980 di-

427 998 467 1031 cti
494 999 608 1032 fratres
639 1000 796 1043 rescripta
822 1001 860 1033 ad
888 1006 985 1033 totam
1020 1000 1165 1042 Congre-

428 1052 593 1094 gationem
627 1054 803 1097 praefatam
841 1054 1023 1097 spectantia
1047 1054 1167 1097 absque

428 1105 558 1139 licentia
589 1106 696 1139 vicarii
729 1112 760 1139 et
793 1106 1000 1140 definitorum
1034 1118 1169 1150 genera-

427 1159 504 1192 lium
530 1170 589 1203 pro
624 1165 768 1203 tempore
803 1171 931 1204 quoque
964 1161 1168 1194 existentium

428 1212 575 1245 eiusdem
601 1212 870 1256 Congregationis
895 1225 912 1246 a
929 1213 1009 1247 Sede
1035 1215 1169 1258 Aposto-

428 1265 489 1299 lica
514 1277 690 1309 procurare
716 1267 868 1307 audeant,
891 1268 1167 1311 quemadmodum

427 1331 485 1364 per
503 1321 753 1354 constitutiones
779 1321 880 1364 ipsius
901 1322 1168 1365 Congregationis

427 1379 509 1417 part.
527 1384 576 1413 111,
604 1385 674 1417 cap.
694 1385 739 1415 η,
758 1375 772 1418 ξ
797 1374 816 1407 ΕΞ
835 1380 975 1415 cavetur,
996 1375 1166 1419 prohiberi

427 1438 632 1472 summopere
659 1429 840 1463 desideret:
871 1430 965 1463 nobis
991 1436 1168 1474 propterea

428 1481 597 1515 humiliter
621 1483 797 1526 supplicari
829 1483 925 1523 fecit,
952 1489 1110 1527 quatenus
1135 1484 1165 1517 in

426 1535 612 1578 praemissis
645 1541 828 1580 opportune
864 1537 1036 1580 providere
1073 1542 1104 1570 et
1132 1543 1168 1570 ut

427 1587 509 1621 infra
528 1588 697 1631 indulgere
716 1589 753 1622 de
773 1588 971 1632 benignitate
989 1590 1166 1634 apostolica

428 1641 650 1684 dignaremur.

472 1695 486 1738 ἓ
518 1695 548 1728 3.
584 1695 647 1729 Nos
684 1696 803 1739 igitur,
841 1697 1043 1740 praedictum
1080 1698 1165 1731 vica-

428 1748 511 1781 rium
545 1750 731 1792 generalem
767 1750 965 1794 specialibus
999 1751 1163 1784 favoribus

428 1807 458 1835 et
483 1803 595 1845 gratiis
621 1804 774 1846 prosequi
803 1804 966 1845 volentes,
993 1810 1025 1838 et
1050 1815 1067 1837 a
1095 1804 1165 1848 qui-

428 1857 539 1890 busvis
576 1858 943 1899 excommunicationis,
970 1859 1161 1902 suspensio-

426 1910 476 1943 nis
509 1915 542 1943 et
571 1910 754 1951 interdicti,
790 1911 925 1955 aliisque
962 1912 1162 1945 ecclesiasti-

425 1962 470 1996 cis
495 1964 674 2004 sententiis,
700 1965 845 1998 censuris
866 1970 898 1998 et
918 1966 1043 2009 poenis,
1061 1976 1078 1998 a
1096 1965 1165 1998 iure

424 2017 473 2049 vel
509 2016 548 2049 ab
585 2017 742 2056 homine,
772 2018 882 2061 quavis
907 2018 1080 2052 occasione
1116 2020 1165 2052 vel

366 2080 374 2091 ·
425 2072 522 2103 causa
547 2071 631 2111 latis,
660 2070 686 2103 si
713 2070 830 2114 quibus
855 2072 1102 2115 quomodolibet
1122 2071 1167 2104 in·

425 2124 561 2157 nodatus
583 2125 699 2164 existit,
717 2125 754 2157 ad
777 2125 925 2159 ell'cctum
943 2126 1164 2169 praesentium

426 2177 590 2211 dumtaxat
621 2179 910 2222 consequendum,
938 2179 1051 2212 liarum
1080 2179 1165 2212 serie

426 2230 628 2265 absolventes
645 2237 676 2264 et
693 2232 875 2265 absolutum
894 2233 962 2266 fore
981 2238 1163 2275 censente&

427 2294 552 2318 necnon
578 2285 760 2318 litterarum
793 2291 977 2319 nostrarum
1002 2286 1165 2330 praefata-

426 2348 497 2370 rum
524 2343 646 2381 tenorc‚
672 2344 704 2371 et
729 2338 1045 2383 alia'quaecumque,
1068 2339 1164 2372 etiam

426 2391 609 2434 specificam
636 2397 667 2425 et
692 2391 890 2426 individuam
916 2392 1114 2426 mentionem
1135 2398 1167 2426 et

427 2445 669 2488 expressionem
696 2446 914 2489 requirentia,
940 2446 1166 2489 praesentibus

427 2508 486 2541 pro
513 2499 609 2542 plene
635 2505 667 2533 et
689 2499 889 2533 sufficienter
921 2500 1081 2543 expressis
1108 2501 1166 2533 ha-

427 2552 556 2593 bentes,
581 2553 771 2587 huiusmodi
796 2555 1093 2598 supplicationibus
1118 2555 1166 2587 in-

429 2605 536 2638 clinati
553 2633 560 2646 ,
587 2606 788 2650 supradictas
822 2614 948 2642 nostras
983 2607 1106 2642 litteras
1132 2618 1168 2641 ac

430 2663 583 2692 statutum
603 2666 633 2693 et
652 2660 910 2704 prohibitionem
939 2671 998 2706 pro
1018 2661 1168 2694 fratribus

429 2710 556 2745 Ordinis
582 2713 786 2747 cremitarum
812 2715 914 2749 sancti
935 2714 1106 2759 Augustini
1128 2714 1168 2748 fa·

1017 308 1205 334 BULLARIUM
1229 308 1390 336 ROMANUM

1211 364 1272 400 cta,
1285 359 1367 393 sicut
1381 358 1609 403 praemittitur,
1625 359 1664 393 ad
1679 359 1791 393 fratres
1807 360 1948 403 Congre-

1212 413 1351 455 gationis
1377 412 1485 447 Italiae
1519 417 1551 446 et
1575 412 1767 447 Germaniae
1803 413 1948 447 eiusdem

1212 466 1340 499 Ordinis
1366 466 1656 506 Discalceatorum‚
1684 467 1801 500 adeout
1826 467 1859 500 in
1875 478 1949 501 cau-

1211 519 1255 552 sis
1292 530 1404 553 eorum
1442 520 1674 564 appellationis
1715 522 1763 554 vel
1801 532 1949 554 recursus

1212 573 1361 607 similiter
1386 574 1543 617 gradatim
1571 574 1776 618 procedatur,
1795 575 1948 608 nimirum

1211 636 1227 658 a
1242 626 1350 670 priore
1369 627 1406 659 ad
1433 626 1666 670 provincialem
1682 633 1712 660 et
1729 627 1949 661 definitorium

1211 679 1429 723 provinciale,
1460 686 1489 713 et
1513 681 1553 713 ab
1579 680 1629 713 liis
1654 681 1693 714 ad
1718 681 1871 715 vicarium
1897 692 1950 724 ge-

1211 734 1354 767 neralem
1376 740 1407 766 et
1432 733 1648 767 definitorium
1669 736 1831 777 generale,
1850 734 1950 778 prius-

1212 797 1307 830 quam
1341 782 1667 830 Sedes'Apostoliea
1703 788 1856 829 adeatur,
1891 788 1950 822 sub

1211 840 1529 884 poena‘privationis
1563 841 1648 874 vocis
1680 841 1801 874 activae
1827 846 1858 875 et
1882 852 1952 885 pas-

1211 893 1317 933 sivae,
1342 904 1401 937 per
1431 894 1545 927 fratres
1577 899 1608 927 et
1632 895 1820 938 superiores
1846 895 1950 929 dictae

1211 946 1499 990 Congrcgationis,
1528 948 1581 991 qui
1608 948 1796 991 praemissis
1823 953 1952 982 contra·

1211 1001 1369 1041 venerint,
1388 1012 1427 1034 eo
1446 1001 1515 1044 ipso
1535 1002 1743 1042 incurrenda,
1762 1003 1950 1036 auctoritate

1211 1054 1408 1097 apostolica,
1436 1060 1547 1088 tenore
1573 1056 1814 1097 praesentium,
1840 1062 1951 1090 exten-

1212 1107 1317 1141 dimus
1351 1113 1382 1141 et
1415 1109 1619 1152 ampliamus.
1647 1109 1815 1151 Ceterum,
1844 1111 1950 1155 quoad

1211 1166 1424 1204 procurantes
1451 1161 1610 1205 rescripta
1635 1173 1651 1195 a
1676 1162 1759 1196 Sede
1787 1163 1950 1207 praedicta

1211 1214 1394 1247 universam
1439 1214 1730 1258 congregationem
1773 1217 1949 1260 praefatam

1211 1268 1445 1301 concernentia
1468 1268 1538 1318 sine
1563 1268 1694 1302 licentia
1720 1269 1878 1303 dictorum
1909 1271 1951 1303 vi-

1211 1321 1288 1354 carii
1307 1327 1338 1354 et
1359 1321 1566 1355 definitorum
1592 1323 1803 1365 generalium,
1828 1324 1950 1358 consti-

1212 1374 1353 1407 tutiones
1374 1375 1489 1418 ipsius
1527 1375 1797 1419 Congregationis
1829 1378 1949 1411 servari

1211 1427 1411 1461 mandamus.

1254 1482 1268 1525 g
1291 1480 1323 1514 4.
1350 1481 1578 1523 Decernentes,
1602 1483 1732 1517 easdem
1757 1489 1950 1528 praesentes

1210 1535 1334 1569 litteras
1359 1546 1490 1579 semper
1514 1536 1634 1577 firmas,
1650 1538 1771 1571 validas
1796 1543 1827 1571 et
1848 1538 1952 1573 effica-

1208 1598 1260 1621 ces
1286 1588 1421 1622 existere
1447 1595 1479 1622 et
1504 1589 1585 1631 fore,
1613 1601 1756 1635 suosque
1780 1592 1946 1635 plenarios

1208 1647 1240 1676 et
1264 1642 1409 1686 integros
1436 1642 1567 1676 elfectus
1593 1645 1702 1678 sortiri
1728 1650 1760 1678 et
1784 1645 1948 1687 obtinere,

1207 1706 1243 1728 ac
1262 1696 1334 1736 illis,
1354 1697 1393 1729 ad
1413 1707 1493 1740 quos
1517 1703 1643 1741 spectat
1666 1703 1697 1731 et
1714 1709 1774 1742 pro
1800 1703 1947 1743 tempore

1207 1750 1478 1793 quandocumque
1496 1751 1663 1794 spectabit,
1680 1752 1869 1795 plenissime
1887 1752 1949 1786 suf.

1208 1803 1346 1846 fragari,
1374 1809 1405 1836 et
1430 1804 1469 1836 ab
1503 1803 1548 1837 eis
1573 1804 1753 1848 respective
1778 1805 1950 1840 inviolabi-

1207 1856 1283 1890 liter
1309 1857 1487 1899 observari,
1506 1858 1617 1901 sicque
1635 1858 1668 1890 in
1685 1858 1872 1901 praemissis
1890 1869 1965 1903 per'

1208 1921 1432 1954 quoscumque
1458 1911 1581 1944 iudices
1605 1911 1789 1945 ordinarios
1814 1907 1952 1946 et'dele-

1209 1969 1314 2006 gatos,
1338 1964 1433 1997 etiam
1460 1975 1628 1998 causarum
1647 1965 1757 2009 palatii
1778 1965 1950 2009 apostolici

1209 2017 1394 2057 auditores,
1422 2018 1557 2051 iudicari
1590 2024 1622 2052 et
1650 2019 1779 2052 definiri
1804 2020 1948 2061 debere,

1209 2082 1245 2105 ac
1272 2071 1398 2105 irritum
1425 2078 1457 2105 et
1482 2072 1578 2106 inane
1604 2072 1631 2105 si
1657 2083 1749 2107 secus
1775 2084 1873 2117 super
1897 2074 1948 2108 his

1209 2136 1226 2158 a
1251 2136 1424 2169 quoquam,
1448 2125 1558 2169 quavis
1577 2126 1782 2168 auctoritate,
1808 2127 1950 2161 scienter

1209 2179 1259 2212 vel
1286 2179 1484 2221 ignoranter,
1505 2179 1679 2222 contigerit
1696 2180 1858 2214 attentari.

1251 2232 1266 2275 ἓ
1291 2232 1321 2265 5.
1350 2229 1421 2266 Non
1439 2232 1641 2266 obstantibus
1659 2234 1949 2269 constitutionibus

1209 2291 1241 2319 et
1277 2286 1540 2320 ordinationibus
1576 2287 1788 2330 apostolicis,
1819 2298 1949 2322 necnon

1209 2339 1428 2383 praefatorum
1454 2339 1581 2373 Ordinis
1611 2345 1643 2373 et
1665 2340 1948 2384 Congregationis,

1209 2393 1305 2426 etiam
1332 2393 1527 2434 iuramento,
1546 2393 1793 2428 confirmatione
1817 2400 1949 2439 aposto-

1209 2447 1281 2487 lica,
1298 2448 1349 2480 vel
1375 2447 1484 2491 quavis
1510 2447 1662 2481 firmitate
1688 2448 1749 2482 alia
1772 2448 1946 2489 roboratis,

1209 2500 1336 2533 statutis
1366 2506 1398 2534 et
1433 2501 1746 2542 consuetudinibus,
1771 2501 1950 2546 privilegiis

1210 2564 1360 2598 quoque,
1386 2554 1521 2588 indultis
1547 2560 1578 2588 et
1603 2555 1718 2589 litteris
1744 2555 1949 2599 apostolicis,

1209 2608 1241 2640 in
1268 2608 1467 2641 contrarium
1492 2608 1745 2652 praemissorum
1771 2608 1951 2652 quomodo-

1209 2660 1289 2694 libet
1310 2661 1481 2701 concessis,
1499 2661 1695 2695 contirmatis
1716 2666 1748 2695 et
1765 2661 1948 2703 innovatis;

1209 2714 1326 2759 quibus
1362 2715 1512 2749 omnibus
1549 2721 1580 2749 et
1615 2715 1778 2759 singulis,
1816 2715 1950 2750 illorum

1955 311 2004 339 An.
2025 311 2054 340 C.
2073 312 2141 342 ¹733
2166 321 2167 339 l

1988 1497 2109 1521 elainutae.
2157 1510 2158 1515 =

2029 2242 2142 2273 Derogatlo

1959 2272 2120 2291 contrariorum.
