2182 3137
46 214 98 243 An.
112 211 142 240 C.
165 210 235 238 1733

237 263 289 292 cet
306 262 424 296 custos,
451 256 505 300 qui
525 260 573 289 est
588 255 707 288 vocalis
734 259 825 287 natus
847 264 906 296 pro
928 264 981 286 ea-

236 310 340 354 pitulo
366 309 510 353 generali
542 319 601 352 per
633 313 749 341 statuta
774 306 978 350 supradictae

236 363 506 407 Congregationis
523 362 707 396 Gallicanae
732 362 819 394 clare
842 360 979 403 perinis-

237 427 309 456 siis,
333 416 498 449 rideretur
523 415 626 448 creari
653 415 773 448 debere
800 414 858 446 sub
885 413 978 446 titulo

183 507 188 511 y
236 480 272 502 ac
298 469 423 502 iuribus
449 468 588 512 propriis
613 468 767 509 custodis,
786 472 817 499 et
837 477 896 510 pei·
914 467 978 499 ele-

236 523 374 556 ctionem
412 522 571 555 diversam
598 521 636 554 ab
661 521 823 554 electione
851 525 882 553 et
907 530 978 563 pei·-

236 577 324 610 sonis
361 576 590 615 definitorum,
619 575 712 608 sicuti
751 574 977 607 ordinationes

235 629 400 674 praefatae
425 628 693 672 Congregationis
719 628 905 661 Gallicanae
932 627 978 660 in-

234 689 355 725 nuunt;
371 689 511 717 attamen
532 683 636 716 maior
659 692 733 726 pars
759 681 835 714 dieti
857 686 978 724 postre-

234 738 277 770 mi
304 737 434 781 capituli
461 736 671 781 provincialis
701 734 847 774 censuit,
870 735 976 778 ipsum

235 792 404 825 custodem
436 802 507 824 cum
541 789 766 823 definitoribus
792 789 976 833 promiscue

234 845 513 883 confundendum,
532 850 563 877 et
581 844 648 877 solo
674 843 818 887 deputati
844 842 976 875 nomine

234 900 273 933 ab
299 899 338 932 iis
365 898 628 941 distinguendum
651 907 733 937 esse,
753 901 866 930 contra
884 906 975 929 usum

234 964 251 986 a
269 952 416 997 pluribus
435 951 528 985 annis
546 951 707 994 vigentem
734 950 766 983 in
785 951 885 983 altera
903 960 977 994 pro-

233 1006 338 1040 vincia
359 1006 391 1039 S.
410 1005 545 1039 Elzearii
573 1005 720 1038 eiusdem
745 1003 977 1047 Congregatio-

233 1060 283 1094 nis
308 1060 502 1099 Gallicanae,
524 1059 554 1092 in
581 1069 641 1102 qua
667 1064 774 1091 custos
800 1057 977 1090 distinctim

234 1125 251 1148 a
265 1119 404 1158 quatuor
422 1113 649 1147 definitoribus
669 1112 834 1155 deligitur.
851 1112 888 1145 Et
902 1111 977 1155 quia

234 1167 455 1202 definitorium
492 1166 593 1210 ipsius
631 1165 818 1210 provinciae
842 1165 974 1208 Lugdu-

234 1222 346 1255 nensis
372 1222 498 1255 duobus
524 1220 697 1260 vocalibus,
720 1230 838 1263 nempe
864 1219 978 1252 eia-mi-

233 1276 337 1309 nistro
362 1274 550 1319 provinciali
587 1280 618 1307 et
653 1273 787 1307 custode
824 1273 977 1306 distincto

233 1340 251 1362 a
273 1334 410 1373 quatuor
425 1327 648 1362 definitoribus
662 1327 839 1361 contraius
861 1326 977 1360 exinde

232 1383 350 1428 privari
377 1382 584 1422 credebatur,
603 1382 747 1425 illudque
767 1381 870 1414 tribus
888 1381 978 1414 dum-

233 1442 321 1470 taxat
346 1436 571 1470 definitoribus
597 1441 711 1469 contra
729 1435 975 1478 dispositionem

234 1491 394 1525 dictorum
420 1495 617 1524 statutorum
649 1490 841 1530 constabat,
867 1489 893 1522 si
922 1500 977 1522 cu-

233 1551 301 1579 stos
316 1550 452 1589 quatuor
470 1544 697 1578 definitoribus
715 1543 976 1576 adnumerandus

233 1605 319 1634 erat:
337 1599 423 1633 idem
441 1599 631 1632 Vincentius
658 1599 773 1632 horum
801 1597 975 1631 dubiorum

233 1653 462 1687 solvendorum
495 1653 589 1686 causa
619 1652 658 1685 ad
685 1652 840 1685 dilectum
874 1651 975 1684 filium

233 1707 416 1741 ministrum
453 1707 640 1750 generalem
671 1706 801 1739 Ordinis
826 1706 974 1739 Fratrum

232 1762 391 1796 Minorum
417 1761 518 1805 ipsius
543 1760 644 1793 sancti
670 1760 833 1793 Francisci
859 1761 899 1793 de
920 1760 978 1793 Ob-

232 1814 391 1847 servantia
408 1818 664 1855 nuncupatorum
683 1812 722 1844 ad
740 1811 976 1855 praescriptum

233 1866 503 1901 constitutionum
528 1866 604 1899 dicti
630 1865 758 1899 Ordinis
783 1870 976 1899 occurrente

233 1921 404 1955 occasione
428 1920 564 1954 alicuius
581 1919 792 1953 dubitationis
810 1930 976 1953 recursum

233 1975 358 2009 liabuit.
384 1973 440 2013 Qui
474 1973 642 2017 respondit
674 1973 712 2006 ad
746 1973 840 2013 1.¹¹¹'¹‚
869 1973 976 2016 quod,

233 2029 393 2063 moriente
419 2028 533 2061 ultimo
559 2027 749 2061 exministro
775 2027 976 2070 provinciali,

233 2082 402 2125 subrogari
429 2082 548 2114 debeat
571 2082 665 2120 alter,
683 2080 737 2124 qui
764 2086 858 2114 antea
882 2081 978 2114 suerit

233 2137 418 2170 immediate
441 2135 589 2168 minister
613 2134 724 2167 itidem
748 2134 974 2178 provincialis,

233 2191 416 2234 habeatque
453 2194 561 2222 votum
599 2188 835 2227 consultivum,
862 2188 975 2221 decisi·

232 2256 306 2279 vum
332 2250 430 2288 atque
455 2243 627 2277 electivum
660 2242 694 2275 in
726 2243 878 2276 omnibus
902 2253 976 2276 cona

234 2298 395 2343 gressibus
412 2296 602 2337 definitorii3
620 2302 667 2336 tt,
689 2296 716 2329 si
735 2296 851 2339 aliquis
868 2306 884 2329 e
903 2307 978 2340 qua-

235 2358 307 2386 tuor
336 2351 562 2385 definitoribus
599 2350 755 2390 decedat,
782 2349 978 2392 subrogetur

234 2417 318 2440 unus
347 2405 468 2450 pariter
500 2403 763 2437 exministrorum
798 2403 977 2447 provincia-

233 2460 331 2500 lium,
358 2463 517 2502 quatenus
543 2458 606 2491 iam
632 2468 697 2490 non
722 2458 841 2490 liabeat
865 2468 976 2490 vocem

235 2514 267 2547 in
295 2511 496 2552 definitorio‚
521 2516 553 2544 et
578 2511 602 2544 si
630 2511 768 2552 babeat,
794 2511 843 2543 vel
870 2510 978 2544 desint

234 2573 343 2613 patres
368 2566 577 2606 huiusmodi,
603 2571 677 2598 tunc
701 2566 896 2608 subrogetur
921 2576 977 2598 an-

234 2622 358 2667 tiquior
391 2631 429 2654 ex
462 2619 689 2654 definitoribus
729 2619 975 2660 habitualibus3

321 2684 401 2714 Ruti.
423 2683 508 2713 Rom.
528 2698 562 2704 -
586 2682 649 2714 Vol.
668 2681 778 2711 XXIII.
904 2681 940 2710 64

862 204 1005 229 CLEMENS
1032 203 1077 228 ΧΠ
1101 205 1151 229 ΡΡ.

1024 258 1120 296 atque
1146 252 1171 285 si
1198 257 1332 286 eatenus
1353 253 1443 286 nulla
1468 251 1549 286 facta
1575 252 1671 286 suerit
1695 252 1768 285 sub-

1024 307 1160 349 rogatio,
1190 306 1400 350 imposterum
1433 307 1497 340 lioc
1522 307 1619 340 modo
1646 306 1767 340 sacien-

1024 360 1063 393 da
1090 366 1120 394 et
1145 361 1347 394 observanda
1366 366 1467 394 esset:
1498 361 1536 394 ad
1567 360 1640 393 2⁰⁰¹
1668 371 1744 394 vero
1761 387 1768 399 ,

1023 414 1130 457 quod,
1158 414 1303 457 quamvis
1339 413 1478 447 liberum
1505 414 1545 446 sit
1570 414 1692 457 eligere
1717 415 1768 448 vel

1023 478 1085 500 non
1113 467 1233 509 eligere
1260 468 1438 508 custodem,
1466 468 1636 501 conveniat
1662 474 1768 502 tamen

1023 532 1093 553 eum
1114 520 1270 564 deinceps
1290 520 1366 563 eligi
1389 521 1574 554 d1stinctum
1594 533 1611 554 a
1629 527 1768 565 quatuor

1023 573 1271 614 definitoribus3
1298 573 1387 616 isque
1421 574 1547 607 iuribus
1578 580 1610 608 et
1634 574 1767 618 privile-

1022 626 1093 669 giis,
1121 626 1235 659 ceteris
1260 626 1450 659 custodibus
1483 627 1618 660 concedi
1644 627 1767 667 solitis,

1022 680 1084 712 frui
1111 679 1247 719 debeat,
1270 685 1377 712 votum
1404 680 1529 714 liabens
1555 681 1588 713 in
1613 691 1768 723 congres-

1021 733 1111 766 sibus
1145 733 1404 776 provincialibus
1437 739 1467 766 ct
1493 734 1526 766 in
1548 734 1689 777 capitulo
1711 745 1776 777 gew

1021 786 1143 827 nerali,
1170 792 1204 819 ut
1228 787 1346 820 vocalis
1383 787 1591 820 admissibilis
1629 788 1670 819 sit
1695 799 1766 821 cum

1021 840 1171 874 ministro
1209 840 1423 884 provinciali,
1457 846 1489 874 et
1518 851 1583 874 non
1614 851 1697 873 unus
1729 852 1767 873 ex

1021 900 1161 938 quatuor
1178 893 1405 928 definitoribus
1424 894 1478 938 qui
1497 894 1604 927 locum
1623 894 1768 927 custodis

1021 953 1135 982 tenere
1161 948 1280 992 possit,
1306 948 1583 992 quemadmodum
1610 947 1768 982 delibera-

1021 1008 1088 1036 tum
1113 1002 1229 1035 suerat.

1064 1058 1079 1100 ἓ
1103 1056 1134 1090 ⁶2.
1162 1056 1239 1089 Cum
1265 1060 1371 1089 autem
1393 1083 1400 1096 ,
1431 1056 1512 1090 sicut
1538 1056 1649 1090 eadem
1672 1067 1768 1100 expo·
1779 1067 1959 1119 aff'is'im‘mm

1809 1101 1897 1115 usttlca
1930 1101 1962 1115 10·

1021 1111 1094 1144 sitio
1121 1110 1361 1153 subiungebat,
1386 1111 1458 1154 ipse
1482 1110 1671 1144 Vincentius
1696 1112 1768 1154 plu·
1779 1122 1877 1142 homiui.

1021 1165 1138 1198 rimum
1165 1164 1299 1208 cupiat,
1327 1169 1511 1197 enarratam
1544 1163 1684 1197 ministri
1712 1175 1768 1206 gc-

1021 1219 1143 1253 neralis
1176 1218 1387 1258 sententiam,
1414 1229 1474 1262 pro
1507 1218 1643 1251 firmiori
1679 1218 1765 1251 illius

1021 1272 1233 1306 subsistentia
1270 1277 1301 1305 et
1336 1272 1493 1306 exactiori
1534 1271 1763 1312 observantia,

1021 1327 1220 1371 apostolicae
1238 1326 1493 1360 confirmationis
1513 1331 1641 1360 nostrae
1659 1331 1768 1369 patro-

1020 1380 1103 1414 cinio
1130 1379 1320 1414 communiri
1348 1386 1379 1413 et
1410 1384 1595 1424 opportune
1620 1379 1652 1411 iii
1679 1389 1768 1422 prae-

1020 1435 1126 1468 missis
1148 1439 1183 1467 ut
1207 1434 1291 1467 infra
1316 1445 1333 1467 a
1358 1433 1454 1467 nobis
1479 1432 1663 1477 provideri:
1690 1443 1764 1474 nos,

1021 1489 1141 1522 dictum
1178 1487 1381 1521 Vincentium
1418 1486 1615 1531 specialibus
1653 1487 1768 1520 favori-

1020 1543 1080 1575 bus
1099 1547 1129 1575 et
1147 1541 1258 1585 gratiis
1276 1540 1431 1585 prosequi
1451 1541 1608 1580 volentes,
1623 1546 1654 1573 et
1672 1551 1688 1573 a
1702 1540 1766 1584 qui-

1020 1597 1128 1630 busvis
1154 1594 1515 1634 excommunicationis,
1542 1594 1766 1636 suspensionis

1021 1656 1052 1685 et
1076 1649 1251 1690 interdicti,
1278 1649 1416 1692 aliisque
1442 1647 1673 1681 ecclesiasticis
1697 1659 1767 1681 sen-

1021 1704 1139 1744 tentiis,
1156 1702 1304 1737 censuris
1330 1707 1362 1735 et
1386 1701 1513 1746 poenis,
1532 1712 1549 1734 a
1567 1701 1636 1735 iure
1658 1703 1708 1735 vel
1727 1702 1767 1735 ab

1021 1759 1164 1798 homine,
1181 1756 1292 1802 quavis
1308 1756 1480 1790 occasione
1498 1756 1548 1789 vel
1566 1758 1663 1789 causa
1680 1756 1765 1796 latis,

1020 1813 1045 1846 si
1075 1812 1194 1856 quibus
1225 1810 1473 1855 quomodolibet
1497 1809 1672 1843 innodatus
1698 1810 1766 1842 exi-

1021 1866 1092 1906 stit,
1120 1866 1160 1899 ad
1185 1864 1336 1898 effectum
1354 1863 1580 1907 praesentium
1599 1863 1767 1896 dumtaxat

1021 1919 1297 1963 consequendum,
1316 1918 1432 1950 liarum
1458 1917 1540 1950 serie
1562 1916 1765 1950 absolventes

1021 1979 1053 2008 et
1069 1973 1255 2007 absolutum
1270 1972 1338 2005 fore
1357 1976 1542 2011 censentes,
1558 1970 1768 2014 supplicatio-

1020 2029 1115 2061 nibus
1134 2027 1203 2061 eius
1221 2026 1355 2060 nomine
1381 2025 1475 2059 nobis
1501 2035 1599 2068 super
1625 2025 1686 2058 lioe
1705 2025 1766 2057 liii-

1021 2081 1141 2114 militer
1166 2079 1325 2123 porrectis
1348 2079 1506 2119 inclinati,
1534 2079 1572 2112 de
1597 2078 1766 2111 venerabi-

1021 2136 1100 2168 lium
1126 2135 1263 2167 fratrum
1288 2138 1474 2166 nostrorum
1499 2131 1530 2165 S.
1554 2131 1589 2164 R.
1608 2131 1641 2164 E.
1662 2131 1766 2164 cardi-

1022 2189 1154 2228 nalium,
1174 2187 1314 2230 negotiis
1330 2192 1362 2219 et
1379 2185 1674 2219 consultationibus
1696 2185 1765 2229 cpi-

1021 2252 1191 2286 scoporum
1218 2246 1249 2274 et
1273 2240 1469 2284 regularium
1491 2239 1763 2283 praepositorum,

1021 2296 1073 2340 qui
1100 2295 1294 2329 relationem
1320 2293 1429 2327 dilecti
1455 2293 1550 2326 etiam
1572 2292 1628 2326 filii
1650 2303 1765 2336 procu-

1021 2349 1138 2384 ratoris
1176 2348 1338 2392 generalis
1374 2347 1597 2381 secundodicti
1635 2346 1764 2380 Ordinis

1021 2404 1081 2437 sibi
1096 2412 1197 2446 super
1210 2400 1395 2446 praemissis
1413 2401 1529 2434 saetam
1544 2401 1763 2451 attenderunt,

1020 2456 1172 2496 consilio,
1205 2455 1387 2499 praefatam
1424 2454 1561 2487 ministri
1601 2455 1764 2497 generalis

1021 2509 1214 2544 sententiam
1241 2518 1339 2552 super
1375 2508 1498 2552 duplici
1530 2508 1628 2541 dubio
1655 2508 1765 2542 liuius-

1021 2564 1120 2604 modi,
1135 2563 1328 2596 auctoritate
1342 2561 1531 2605 apostoliea,
1548 2566 1659 2595 tenore
1673 2573 1765 2606 prae-

1021 2617 1179 2659 sentium,
1204 2615 1420 2660 approbamus
1453 2621 1484 2650 et
1514 2615 1762 2658 confirmamus,

1665 192 1728 228 505
1775 202 1826 230 An.
1843 202 1871 230 C.
1895 203 1962 231 1733
