2182 3137
27 239 82 267 ΑΒ.
101 238 131 265 C.
148 237 210 265 ¹73¹

849 238 993 261 CLEMENS
1020 239 1061 261 ΧΗ
1089 240 1134 262 ΡΡ.

224 286 419 318 munitatum
446 291 479 318 et
507 285 754 318 universitatum
791 285 971 327 praedicta-

225 349 308 378 rum,
332 348 388 371 seu
415 338 515 376 alias,
541 337 664 370 indicta
690 342 722 369 et
745 336 909 379 imposita,
935 347 971 368 ac

226 391 311 434 exigi
337 390 432 423 solita
450 397 544 430 sunt.;
567 401 695 423 necnon
714 390 753 422 ab
770 389 970 431 obligatione

224 443 406 486 recipiendi
443 442 562 475 milites
599 448 630 474 et
653 442 746 475 Sedis
783 441 972 483 praedictae

227 497 391 534 officiales,
413 496 624 528 baroncellos
650 501 681 527 et
707 500 909 533 executores,
938 505 971 526 a·

227 550 358 592 liosque
383 549 528 581 iustitiae
554 547 734 585 ministros,
751 548 865 590 eisque
884 553 974 580 uten-

228 602 300 635 silia
321 608 354 635 et
378 602 440 635 alia
466 601 653 634 necessaria
689 600 971 639 subministrandi,

228 666 288 698 per
312 655 477 688 Romanos
498 653 671 687 Pontifices
696 653 972 696 praedecessores

229 714 371 747 nostros,
387 718 422 740 ae
440 707 590 740 eamdem
608 706 724 739 Sedem
739 705 971 749 Apostolicam‚

231 767 263 794 et.
287 760 418 804 quosvis
443 760 534 793 Sedis
560 765 592 792 et
616 759 770 792 Gamerae
792 759 974 801 praedicta-

230 825 302 846 rum
327 813 483 846 officiales
510 818 542 845 et
565 812 745 851 ministros,
768 822 973 854 quacumque

230 867 423 900 auctoritate
444 872 476 899 et
492 870 654 909 potestate
673 865 856 907 fungentes,
875 865 973 897 etiam

230 919 263 952 S.
279 919 316 953 R.
333 919 368 951 E.
395 918 589 956 cardinales,
617 917 714 950 etiam
735 918 775 949 de
800 917 902 949 latere
928 918 976 949 le-

231 978 341 1015 gatos,
378 972 475 1004 etiam
513 971 727 1007 camerarios,
764 976 972 1013 ceterosque,

231 1025 328 1059 etiam
356 1025 491 1068 speciali
518 1027 595 1057 nota
625 1030 657 1056 et
689 1025 900 1066 expressione
926 1024 974 1056 di-

233 1089 325 1121 gnos,
351 1089 387 1111 ac
412 1078 582 1121 specialem
601 1078 639 1110 ad
660 1078 690 1110 id
710 1078 896 1109 facultatem
916 1078 974 1109 lia-

231 1132 359 1171 bentes,
387 1131 552 1174 quibusvis
577 1131 875 1167 communitatibus,
901 1131 976 1162 civi-

234 1185 367 1223 tatibus,
390 1184 500 1222 terris,
527 1184 659 1226 oppidis
685 1189 717 1215 et
741 1183 820 1216 locis
846 1183 976 1216 ditionis

233 1238 426 1280 temporalis
451 1237 635 1280 praedictae
661 1237 691 1269 S.
710 1237 745 1269 R.
760 1237 807 1276 E„
826 1248 863 1270 ac
882 1238 977 1269 etiam

235 1291 497 1333 quibuscumque
533 1290 742 1329 feudatariis,
779 1290 979 1329 censuariis,

236 1344 378 1376 dominis
404 1344 559 1382 locorum,
580 1343 707 1375 familiis
732 1343 906 1381 nobilibus,
925 1344 979 1375 lia-

234 1397 380 1435 ronibus,
407 1396 590 1435 comitibus,
617 1396 876 1434 marchionibus,
896 1396 980 1428 duci-

236 1450 311 1489 bus,
335 1449 548 1493 principibus,
568 1455 600 1482 et
617 1450 688 1482 aliis
710 1450 850 1482 cuiusvis
866 1455 980 1489 status,

238 1503 356 1544 gradus
381 1509 411 1534 et
436 1502 636 1534 conditionis
655 1508 687 1534 et
705 1503 981 1545 praeeminentiae

238 1555 467 1593 existentibus,
496 1565 533 1586 ac
558 1555 670 1597 quavis
696 1555 851 1596 dignitate
886 1556 982 1587 etiam

239 1607 458 1640 ecclesiastica
497 1613 530 1640 et
573 1608 764 1640 auctoritate
807 1609 982 1650 praedictis

240 1660 338 1693 etiam
364 1661 584 1693 cardinalatus
611 1661 736 1693 honore
769 1661 982 1703 fulgentibus,

239 1713 294 1756 qui
320 1719 425 1746 eastra
453 1718 485 1746 et
514 1714 756 1746 iurisdictiones
788 1714 871 1746 intra
902 1714 985 1746 limi-

239 1773 289 1799 tes
315 1767 419 1799 dictae
449 1766 581 1799 ditionis
616 1767 803 1810 temporalis
837 1768 983 1799 eiusdem

240 1819 270 1852 S.
283 1820 361 1852 RE.
375 1819 554 1863 possident,
570 1819 667 1852 etiam
683 1820 736 1863 qui
755 1820 837 1852 nihil
857 1820 983 1853 ratione

241 1878 420 1905 castrorum
446 1878 477 1904 at
501 1872 765 1905 iurisdictionum
797 1873 983 1906 huiusmodi

241 1926 318 1959 Sedi
336 1926 522 1968 praedictae
548 1936 605 1958 seu
631 1926 708 1958 alias
733 1927 935 1969 persolvunt,
954 1934 986 1959 et

242 1984 309 2011 tam
332 1978 448 2011 incolis
474 1989 569 2020 quam
596 1979 759 2011 extraneis
792 1985 824 2011 et
849 1980 986 2012 forensi-

242 2031 303 2064 bus
335 2031 423 2063 bona
451 2031 579 2063 stabilia
610 2042 666 2064 seu
700 2032 832 2065 mobilia
861 2034 910 2065 vcl
936 2043 986 2064 se-

243 2085 407 2118 moventia
432 2084 630 2117 habentibus
656 2091 689 2117 et
714 2086 899 2120 tenentibus
931 2097 986 2118 seu

243 2138 497 2181 possidentibus,
508 2137 718 2181 omniumque
730 2139 987 2181 supradictorum

245 2191 373 2224 colonis
397 2197 429 2223 et
454 2191 706 2231 laboratoribus,
724 2192 917 2232 factoribus,
935 2194 990 2225 mi-

245 2244 356 2277 nistris
387 2249 418 2277 et
442 2244 588 2283 famum,
614 2245 710 2276 etiam
737 2245 769 2276 in
796 2255 988 2288 recompen-

246 2308 314 2330 sam
339 2298 502 2337 laborum,
529 2298 739 2337 damnorum,
773 2308 989 2340 expensarum

247 2352 298 2384 vel
324 2345 630 2390 meritoruszive
655 2351 783 2384 illorum
814 2351 933 2383 intuitu
961 2357 991 2384 et

249 2403 546 2446 contemplatione,
571 2414 607 2435 ac
633 2414 668 2436 ex
697 2404 758 2436 alia
784 2415 989 2448 quacumque

249 2457 458 2500 quantumvis
485 2457 652 2490 favorabili
680 2463 736 2490 aut
759 2457 990 2500 urgentissima

249 2509 434 2553 specialiter
459 2510 670 2552 exprimenda
695 2513 801 2550 causa,
837 2511 897 2543 sub
923 2511 992 2553 qui-

248 2563 456 2606 buscumque
482 2564 654 2595 verborum
681 2563 792 2595 formis
813 2569 844 2595 et
862 2574 992 2606 expres-

1651 231 1710 264 ⁶231

1014 286 1136 318 tionum
1163 288 1372 321 cameralium
1397 288 1632 327 insti-umentis,
1650 299 1755 332 quan-

1015 339 1128 370 tumvis
1142 340 1332 373 auctoritate
1348 342 1526 383 apostolica
1540 341 1752 375 confirmatis.

1014 391 1206 432 permissum
1232 398 1264 424 et
1289 398 1415 426 cautum
1441 394 1481 425 sit
1507 405 1560 426 eas
1587 394 1752 426 observari

1016 442 1148 483 debere,
1174 454 1210 475 ac
1242 455 1313 476 cum
1346 446 1513 487 quibusvis
1547 446 1696 478 clausulis
1723 454 1753 479 et

1016 495 1165 533 decretis,
1194 496 1289 528 etiam
1316 503 1417 536 motu,
1435 498 1579 537 scientia,
1598 499 1755 532 delibera-

1017 547 1104 580 tione
1131 553 1162 580 et
1186 549 1356 590 potestatis
1377 550 1581 591 plenitudine
1606 552 1751 594 paribus,

1017 601 1113 632 etiam
1140 602 1422 641 concisiorialiter,
1455 604 1534 635 alias
1568 605 1757 646 quomodo—

1018 664 1155 696 cumque
1188 660 1220 686 et
1245 655 1526 699 qualitercumque
1565 657 1595 688 in
1634 668 1755 699 genere

1018 708 1066 739 vel
1093 707 1125 738 in
1151 707 1259 749 specie
1284 708 1322 739 ad
1348 708 1444 740 vitain
1477 710 1525 741 vel
1558 711 1597 742 ad
1631 716 1756 753 tempus

1018 760 1082 792 sive
1109 760 1140 792 in
1162 766 1358 803 perpetuum
1392 772 1564 794 concessas
1602 768 1633 795 ct
1659 764 1757 803 datas,

1018 825 1056 846 ac
1081 814 1203 856 pluries
1222 820 1254 845 et
1270 813 1392 846 iteratis
1410 814 1533 846 vicibus
1552 814 1758 848 confirmatas

1019 872 1051 899 et
1075 868 1285 910 approbatas,
1311 867 1503 899 revalidatas
1523 873 1554 899 et
1578 868 1757 907 innovatas,

1019 925 1050 951 et
1069 920 1153 959 inde,
1173 919 1268 951 etiam
1295 919 1411 952 iudicis
1427 921 1619 953 auctoritate
1637 924 1757 959 secuta,

1019 983 1243 1015 quaecumque
1276 983 1402 1005 necnon
1429 984 1649 1016 quascumque
1675 973 1760 1005 litte-

1021 1036 1084 1064 ras,
1112 1025 1207 1057 etiam
1233 1026 1426 1067 apostolicas
1453 1026 1514 1057 sub
1535 1025 1683 1069 plumbo,
1710 1027 1759 1057 vel

1019 1079 1051 1110 in
1069 1079 1237 1121 praedicta
1256 1078 1357 1111 forma
1382 1079 1491 1111 Brevis
1518 1080 1763 1123 rizolusproprii,

1020 1132 1160 1169 eedulas,
1185 1130 1406 1174 chirographa
1440 1138 1472 1164 et
1496 1132 1674 1175 scripturas
1700 1132 1762 1163 hu-

1021 1184 1173 1222 iusmodi,
1200 1195 1236 1215 ex
1263 1194 1348 1216 nunc
1375 1191 1534 1227 perpetuo
1560 1195 1760 1224 revocamus,

1022 1237 1173 1275 tollimus,
1201 1237 1404 1278 abrogamus,
1442 1237 1617 1276 irritamus,
1653 1238 1763 1270 abole-

1022 1300 1102 1329 mus,
1140 1289 1329 1332 viribusque
1363 1296 1395 1322 et
1425 1290 1536 1322 effectu
1575 1291 1704 1332 penitus
1733 1297 1763 1322 et

1023 1342 1156 1374 omnino
1182 1352 1365 1380 vacuamus,
1398 1348 1427 1373 vt
1448 1349 1604 1382 revocata,
1632 1349 1763 1381 cassata,

1024 1394 1160 1432 sublata,
1186 1395 1348 1436 abrogata,
1376 1396 1477 1435 irrita,
1504 1396 1632 1434 abolita,
1652 1397 1765 1428 annul-

1025 1449 1111 1486 lata,
1139 1448 1327 1491 viribusque
1354 1455 1384 1481 et
1409 1449 1523 1481 effectu
1545 1460 1641 1481 vacua
1668 1460 1763 1487 esse,

1026 1512 1084 1534 nec
1110 1501 1166 1534 ulli
1193 1512 1326 1544 prorsus
1359 1502 1390 1533 in
1421 1502 1574 1544 petitorio
1605 1508 1658 1534 aut
1688 1513 1764 1544 pos-

1026 1555 1168 1587 sessorio
1210 1554 1304 1586 etiam
1347 1554 1616 1586 summariissimo
1653 1561 1764 1587 contra

1026 1614 1209 1640 nostrarum
1236 1607 1458 1650 praesentium
1478 1613 1623 1639 tenorem
1646 1613 1676 1639 et
1702 1608 1767 1639 ‹lis-

1027 1661 1223 1703 positionem
1251 1659 1416 1702 suffragari
1443 1671 1566 1703 posse,
1598 1661 1653 1693 scd
1673 1671 1764 1703 prae-

1028 1714 1131 1745 dictos
1169 1723 1280 1745 omnes
1310 1718 1476 1754 exemptos
1502 1714 1540 1745 ad
1568 1713 1710 1746 omnium
1737 1721 1767 1745 et

1028 1767 1227 1810 singulorum
1253 1776 1388 1799 onerum
1413 1766 1653 1808 praedictorum
1680 1768 1768 1799 solu-

1030 1823 1150 1854 tionem
1176 1827 1207 1853 et
1233 1820 1518 1863 supportationem
1547 1824 1688 1863 prorata
1711 1832 1764 1854 eo<

1031 1880 1182 1916 tangente
1216 1874 1431 1916 imposterum
1465 1874 1596 1905 realiter
1633 1879 1664 1906 et
1697 1885 1767 1906 cuin

1030 1927 1143 1959 effectu
1172 1927 1273 1958 teneri
1301 1927 1331 1958 in
1355 1926 1506 1958 omnibus
1526 1932 1556 1958 et
1574 1937 1631 1969 pcr
1649 1927 1767 1966 omnia,

1030 1980 1168 2023 perinde
1195 1991 1229 2011 ac
1260 1979 1283 2010 si
1324 1978 1508 2011 huiusmodi
1547 1980 1769 2022 exemptiones

1031 2040 1061 2065 ct
1087 2032 1308 2065 immunitates
1345 2033 1391 2064 eis
1429 2038 1457 2063 et
1497 2043 1606 2065 corum
1637 2032 1771 2064 cuilibet

1031 2087 1214 2118 nullatenus
1241 2096 1392 2118 concessa
1419 2085 1571 2123 fuissent,
1602 2096 1662 2117 nec
1689 2085 1771 2118 titte-

1031 2150 1085 2171 rae
1114 2150 1150 2171 ac
1179 2139 1323 2177 cedulae,
1341 2139 1584 2181 vnotusmoprii,
1603 2139 1771 2179 chirogra-

1032 2193 1095 2236 plia
1121 2198 1152 2224 et
1177 2192 1359 2234 scripturae
1394 2191 1578 2223 huiusmodi
1605 2202 1769 2233 uunquam

1033 2250 1247 2282 eimuiassent,
1262 2249 1359 2282 motu,
1370 2243 1515 2283 scientia⁷
1527 2244 1770 2279 deliberatione,

1032 2298 1201 2341 potestatis
1227 2297 1430 2340 plenitudine
1457 2296 1641 2338 praedictis,
1660 2297 1772 2327 ‹lm-‹er-

1033 2352 1147 2389 nimus,
1174 2351 1343 2382 statuimus
1370 2357 1400 2381 et
1425 2349 1622 2381 ordinamus.

1078 2407 1092 2446 ς’
1117 2404 1147 2436 3.
1170 2404 1338 2435 Praeterea
1357 2402 1463 2434 onmia
1490 2407 1521 2433 et
1545 2412 1771 2444 quaecumque

1033 2457 1201 2499 privilegia
1224 2461 1255 2487 et
1279 2455 1401 2486 indulta
1435 2455 1583 2496 personis
1611 2461 1673 2486 tam
1699 2465 1772 2487 sae-

1033 2509 1196 2541 cularibus
1230 2519 1325 2550 quam
1358 2507 1496 2538 mausus
1521 2507 1668 2545 Ordinis,
1693 2508 1773 2539 Con-

1034 2562 1233 2605 gregatiouis
1269 2567 1301 2593 et.
1336 2561 1483 2599 instituti,
1520 2572 1555 2591 ar.
1592 2561 1770 2599 societatis,

249 2616 409 2656 sionibus,
428 2615 552 2648 etiamsi
578 2615 610 2647 in
637 2616 827 2658 appaltuum
855 2622 886 2648 et
911 2616 993 2648 loca-
1035 2616 1129 2647 etiam
1158 2616 1246 2651 husu,
1274 2614 1494 2655 regularibus,
1522 2614 1616 2645 etiam
1643 2614 1770 2646 Ordinis

1763 243 1811 266 An.
1832 242 1862 266 C.
1881 242 1942 267 1731

1810 2408 1924 2428 neverat-0
1939 2410 1964 2429 ad

1782 2438 1834 2454 turin

1859 2440 1882 2453 ns
1915 2437 1964 2455 iuri:

1796 2461 1950 2486 exemptionum

1784 2487 1897 2507 unimanus
1917 2489 1964 2507 ret·-

1784 2519 1849 2538 giosts
1881 2520 1966 2534 conces-

1784 2546 1860 2559 <artim-
