2182 3137
175 181 224 207 Aa.
242 180 271 206 G.
293 179 357 206 1731

217 506 282 525 Quam
303 507 359 526 grav·

178 530 255 557 ‹lagnno
294 534 360 553 usque

178 556 232 575 adeo
242 555 351 575 [uetusta

177 582 206 602 tui
227 581 361 601 Ecclesiaste

178 614 203 627 co
227 610 248 627 et
268 613 359 627 eommu-

179 634 280 654 nitatibus
302 636 359 653 tanta

191 662 347 684 exemptionum

176 686 333 711 uiuluptivitas.

204 1874 324 1894 ttcvncatio
339 1876 359 1893 et

180 1900 297 1921 annullatio
338 1905 359 1919 ο·

178 1927 255 1947 muium
286 1926 359 1946 huius-

176 1953 233 1973 modi
244 1953 359 1978 exemptio-

176 1985 231 2000 num.

408 170 473 203 '2:50

374 228 464 261 ribus
490 228 556 260 suis
581 238 641 270 pro
668 234 849 271 temporum
871 228 1026 271 qualitate
1045 237 1114 260 san-

373 281 437 312 cita
464 282 606 319 suerunt,
644 280 705 312 alia
742 280 888 312 decernit
923 286 953 312 et
991 279 1110 318 statuit,

376 344 459 375 quac
494 333 635 365 subinde
667 343 725 375 pro
751 333 875 365 diversa
901 343 1008 365 rerum
1036 338 1113 365 tem-

375 396 489 428 porum
516 396 552 418 ac
584 396 797 428 personarum
830 385 1017 418 conditione
1042 395 1113 417 con-

373 439 470 482 spicit
495 439 526 471 in
554 439 688 471 Domino
714 438 887 471 salubriter
912 438 1078 481 expedire.

419 493 433 534 ᾗ
454 491 487 523 l.
505 491 583 524 Cum
602 492 720 534 itaque,
739 491 822 523 sicut
839 491 1035 534 accepimus,
1055 502 1114 533 per

374 545 530 587 quasdam
556 545 778 576 immunitates
804 550 835 576 et
856 544 1079 587 exemptiones
1097 555 1114 576 a

374 598 579 640 vectigalium
613 597 817 640 aliorumque
843 608 980 630 onerum
1008 597 1115 640 publi-

372 660 481 682 corum
518 650 691 687 solutione,
717 661 734 682 a
760 649 926 683 nonnullis
961 650 1114 682 Romams

373 702 579 734 Pontificibus
605 702 909 745 praedecessoribus
936 702 1055 735 nostris
1085 708 1114 734 et

371 755 454 788 Sede
473 756 671 798 Apostoliea,
697 755 849 798 illiusque
876 756 982 787 l‘orsan
1010 755 1049 787 de
1076 756 1115 787 la-

374 815 442 840 tere
469 808 604 850 legatis,
629 820 665 841 ac
691 809 761 841 aliis
794 809 941 841 eiusdem
967 808 1058 840 Sedis
1084 814 1114 840 et

373 860 525 893 Gamerae
562 866 693 893 nostrae
726 860 932 903 Apostolicae
968 860 1115 892 officiali-

373 914 430 946 bus
449 919 479 946 et
505 914 672 953 ministris,
699 915 737 946 ad
764 915 966 956 importunas
991 913 1113 955 suppli-

372 966 514 998 cantium
541 976 654 1008 preces
683 976 741 1008 per
770 967 853 998 viam
879 965 1115 1007 molusproprii

371 1018 436 1050 sive
463 1019 541 1051 alias
567 1018 816 1061 quomodolibet
840 1028 995 1050 concessa
1019 1028 1112 1060 repe-

373 1071 506 1109 riantur,
532 1070 667 1104 Camera
696 1070 883 1114 praedicta¹
910 1082 945 1103 ac
971 1082 1113 1103 commu—

373 1124 491 1156 nitates
517 1129 550 1156 et
574 1124 803 1156 universitates
829 1124 1000 1163 civitatum,
1023 1123 1114 1165 oppi-

372 1177 499 1215 dorum,
523 1182 679 1208 terrarum
706 1181 737 1208 et
761 1177 906 1208 locorum
925 1175 1113 1218 temporalis

371 1230 402 1261 S.
423 1229 460 1262 R.
479 1230 515 1262 E.
536 1230 690 1269 ditionis,
717 1231 749 1262 in
775 1230 971 1272 gravissimis
996 1229 1113 1272 quibus

374 1289 510 1325 propter
545 1294 679 1325 magnos
718 1288 865 1325 sumptus
903 1283 1044 1315 antehac
1081 1282 1113 1313 in

371 1346 499 1367 causam
518 1336 681 1378 publicam
712 1336 811 1368 l'aetos
829 1336 996 1378 multaque
1014 1345 1115 1366 onera

372 1394 547 1431 propterea
565 1389 716 1431 imposita
734 1394 928 1431 premuntur
945 1387 1112 1429 angustiis,

372 1442 542 1474 maximam
561 1442 746 1474 reddituum
765 1447 797 1474 et
810 1448 1025 1484 proventuum
1041 1451 1114 1472 suo-

372 1505 442 1526 rum
467 1494 718 1527 diminutionem
735 1495 911 1538 patiantur,
932 1500 965 1526 et
981 1493 1112 1536 plurimi

371 1547 492 1579 subditi
510 1548 623 1585 nostri,
637 1558 673 1580 ac
689 1548 865 1590 praecipue
884 1547 1110 1589 pauperiores,

372 1602 403 1633 in
430 1612 532 1644 quOS,
559 1601 627 1633 eius
663 1601 750 1643 qnod
777 1600 917 1640 ceteris,
944 1601 1048 1643 iisque
1080 1606 1114 1631 ut

372 1654 544 1696 plurimum
571 1654 856 1696 locupletioribus
880 1664 939 1696 per
963 1654 1113 1686 immuni-

372 1713 453 1740 tates
478 1714 508 1739 et
534 1707 759 1749 exemptiones
786 1707 971 1740 huiusmodi
1004 1709 1113 1740 remit-

371 1761 462 1800 titur,
490 1770 570 1792 onus
593 1759 733 1791 derivari
752 1770 886 1792 necesse
905 1766 961 1800 est,
986 1761 1110 1804 ingenti

373 1814 490 1845 damno
517 1812 718 1844 efficiantur:

415 1867 429 1908 ᾗ
455 1865 484 1897 2.
514 1865 595 1897 Hine
620 1875 688 1904 nos,
707 1865 874 1905 Gamerae,
902 1868 1114 1900 communita-

371 1924 436 1950 tum
474 1923 506 1950 et
545 1917 802 1957 universitatum,
843 1919 1113 1963 subditorumque

372 1977 557 2004 nostrorum
571 1970 777 2003 indemnitati
793 1977 825 2003 et
841 1972 1001 2012 levamini,
1017 1984 1114 2016 quan-

372 2029 437 2056 tum
454 2034 527 2056 cum
543 2023 681 2056 Domino
700 2034 881 2066 possumus,
905 2035 1008 2068 aeque
1026 2026 1114 2068 prin-

371 2076 521 2119 cipaliter
545 2077 719 2108 consulere
744 2077 925 2119 cupientes,
947 2089 984 2110 ac
1009 2078 1113 2111 felicis

372 2129 611 2162 recordationis
647 2129 725 2161 Sixti
753 2129 786 2167 V,
824 2129 913 2162 Pauli
950 2131 1047 2163 etiam
1071 2131 1112 2171 V,

373 2181 490 2214 Urbani
509 2181 582 2220 VIII,
610 2181 783 2214 Alexandri
803 2182 862 2221 Vll,
883 2183 1058 2216 Clementis
1077 2184 1111 2224 X,

370 2234 544 2267 Alexandri
569 2234 642 2273 VIII,
665 2233 842 2267 Innocentii
871 2235 940 2275 XII,
964 2236 1112 2269 aliorum-

371 2298 434 2331 que
460 2287 680 2320 Romanorum
706 2287 896 2320 Pontificum
923 2289 1113 2330 praedeces-

371 2350 481 2373 sorum
506 2346 701 2379 nostrorum,
720 2340 773 2382 qui
793 2340 1045 2374 constitutiones
1070 2341 1112 2373 si-

371 2393 494 2426 milium
529 2393 772 2435 exemptionum
808 2398 840 2425 et
872 2393 1112 2426 immunitatum

372 2445 589 2479 revocatorias
615 2445 802 2484 ediderant,
830 2445 972 2487 vestigiis
1003 2446 1113 2480 inhae-

373 2504 482 2531 rentes
496 2524 504 2537 ,
533 2507 661 2530 necnon
679 2507 959 2540 quarumcumque
977 2508 1113 2531 conces-

410 2561 419 2585 1
439 2558 509 2585 Edit.
520 2558 600 2585 Mein.
612 2558 677 2594 legit
692 2558 833 2586 Gamerae
844 2558 1013 2593 praedictae
1022 2559 1111 2594 (tim).

952 180 1130 203 BULLARIUM
1155 180 1310 205 ROMANUM

1157 229 1293 268 sionum,
1321 229 1560 262 immunitatum
1594 235 1627 262 et
1651 230 1897 272 exemptionum

1158 281 1354 319 huiusmodi,
1375 282 1622 325 litterarumque
1644 282 1899 324 apostolicarum

1157 334 1215 365 sub
1241 334 1383 376 plumbo,
1408 344 1445 366 ac
1481 334 1513 366 in
1551 334 1656 366 forma
1693 335 1802 367 Brevis
1838 335 1898 368 sub

1157 387 1279 418 annulo
1299 386 1481 425 piscatoris,
1501 387 1687 419 cedularum
1718 391 1900 430 motuspro-

1155 439 1226 480 prii
1243 445 1274 471 et
1291 439 1589 481 chirographorum
1608 439 1747 472 cuiusvis
1760 439 1899 472 Romani

1158 492 1321 524 pontificis
1361 492 1623 534 praedecessoris
1664 493 1766 525 nostri
1803 503 1900 525 manu

1158 545 1425 588 subscriptorum,
1451 556 1487 577 ac
1511 545 1645 577 aliarum
1664 547 1844 578 litterarum
1869 551 1902 578 et

1158 598 1454 641 subscripturarum
1485 599 1624 640 desuper
1655 599 1902 641 quomodolibet

1159 650 1329 689 editarum,
1356 651 1546 693 pluriesque
1573 652 1669 683 etiam
1695 652 1900 684 confirmata-

1160 713 1229 734 rum
1257 708 1395 742 tenores,
1433 704 1528 736 etiam
1564 704 1718 742 veriores,
1744 710 1777 736 et
1810 705 1899 737 datas

1159 766 1194 786 ac
1221 756 1423 794 occasiones,
1441 761 1472 788 et
1495 756 1558 788 alia
1585 756 1679 788 etiam
1707 756 1838 799 speciali
1864 767 1901 789 ac

1158 807 1322 841 individua
1348 810 1562 851 expressione
1593 808 1720 851 digna¹.
1746 819 1900 852 praesen-

1159 862 1244 893 tibus
1270 872 1330 904 pro
1357 862 1453 904 plene
1478 868 1509 894 et
1534 862 1735 894 sufficienter
1761 873 1898 905 expres-

1158 915 1200 946 sis
1238 925 1273 947 ac
1315 915 1353 947 de
1387 915 1485 947 verbo
1523 916 1561 947 ad
1599 915 1731 948 verbum
1768 916 1901 949 insertis

1159 967 1337 1009 respective
1363 967 1539 1000 habentes:
1565 968 1655 1000 Motu
1670 968 1818 1011 proprio,
1835 978 1901 1001 non

1158 1020 1194 1051 ad
1222 1020 1391 1052 cuiusdam
1418 1020 1510 1052 nobis
1547 1031 1646 1063 super
1683 1022 1746 1054 hoc
1774 1021 1901 1054 oblatae

1158 1072 1324 1113 petitionis
1340 1072 1535 1110 instantiam,
1551 1073 1609 1105 sed
1628 1084 1665 1104 ex
1684 1076 1771 1106 certa
1796 1074 1903 1106 seien-

1160 1124 1201 1155 tia
1227 1130 1258 1156 et.
1282 1127 1408 1156 mann-a
1429 1125 1668 1157 deliberatione
1694 1126 1823 1165 nostris,
1849 1126 1903 1159 de·

1158 1187 1221 1219 que
1254 1177 1451 1220 apostolicae
1484 1179 1653 1220 potestatis
1686 1179 1901 1221 plenitudine,

1158 1229 1216 1261 hac
1241 1232 1351 1262 nostra
1377 1236 1536 1273 perpetuo
1575 1231 1710 1264 valitura
1742 1231 1902 1264 constitu-

1159 1282 1257 1322 tione,
1285 1294 1398 1315 omnes
1424 1289 1456 1316 et
1475 1294 1696 1327 quascumque
1722 1285 1902 1327 exemptio-

1159 1345 1215 1368 nes
1239 1347 1276 1368 ac
1301 1336 1523 1370 immunitates
1540 1348 1558 1369 a
1575 1337 1737 1370 solutione
1763 1338 1901 1371 subsidii

1159 1388 1338 1429 triennalis,
1352 1399 1480 1421 necnon
1496 1390 1600 1432 quarti
1617 1390 1660 1422 illi
1679 1391 1833 1430 adiuncti,
1852 1397 1900 1424 ta-

1158 1453 1270 1474 xarum
1285 1453 1455 1485 equorum,
1470 1443 1650 1483 tallearum,
1669 1454 1835 1484 censuum,
1850 1455 1901 1477 ar-

1157 1495 1263 1534 chivii,
1286 1495 1466 1537 sogiiettae,
1486 1496 1679 1534 triremium,
1698 1497 1900 1537 utensilium,

1158 1549 1361 1581 dohanarum
1387 1559 1663 1592 quarumcumque
1682 1549 1788 1590 Urbis,
1806 1557 1900 1584 taxae

1158 1607 1271 1643 portus
1297 1602 1460 1641 Anconae,
1496 1608 1743 1644 quatrenorum,
1783 1608 1902 1636 tracta-

1158 1665 1239 1689 rum,
1260 1655 1485 1696 pedagiorum,
1504 1655 1723 1696 vectigalium,
1751 1657 1902 1690 collecta-

1157 1718 1239 1746 rum,
1264 1709 1443 1740 macinatus
1470 1714 1533 1740 tam
1560 1708 1654 1742 Urbis
1692 1720 1789 1752 quam
1826 1711 1900 1743 uni-

1157 1760 1239 1792 versi
1258 1760 1367 1793 Status
1386 1761 1471 1792 tertii
1497 1762 1588 1804 giulii
1614 1763 1832 1805 superadditi,
1852 1764 1902 1796 lit·

1159 1818 1298 1845 terarum
1318 1819 1442 1855 portus,
1462 1820 1495 1846 et
1511 1815 1745 1857 quarumlibet⁹
1759 1817 1899 1850 aliorum

1157 1876 1295 1898 onerum
1322 1871 1354 1897 et
1379 1877 1552 1899 munerum
1577 1868 1811 1910 personalium,
1831 1880 1900 1902 rea-

1158 1918 1235 1950 lium
1261 1923 1293 1950 et
1318 1919 1498 1958 mixtorum,
1521 1920 1762 1954 ordinariorum
1789 1928 1821 1954 et
1845 1933 1899 1955 ex-

1159 1971 1462 2012 traordinariorum,
1497 1972 1668 2005 solitorum
1695 1979 1727 2006 et
1751 1974 1898 2008 insolito-

1158 2033 1239 2063 rum,
1273 2024 1483 2057 canieralium
1522 2036 1822 2070 quorumcumque,
1862 2037 1899 2060 ac

1158 2077 1254 2110 etiam
1287 2088 1398 2110 eorum
1424 2089 1506 2121 quae
1539 2089 1597 2121 per
1627 2081 1899 2121 communitates,

1156 2130 1394 2170 universitates,
1421 2131 1544 2164 directe
1570 2132 1617 2164 vel
1644 2131 1810 2173 indirecte,
1837 2144 1899 2176 pro

1157 2183 1343 2216 eorumdem
1370 2194 1507 2216 onerum
1532 2185 1741 2218 cameralium
1765 2186 1899 2219 solutio-

1157 2246 1196 2268 ne
1233 2236 1507 2279 publicorumque
1533 2248 1703 2270 munerum
1729 2245 1899 2282 supporta-

1157 2289 1256 2330 tione,
1275 2300 1311 2322 ac
1328 2300 1388 2332 pro
1406 2289 1465 2321 viis
1482 2300 1519 2321 ae
1536 2290 1692 2332 pontibus
1710 2297 1898 2324 construen-

1156 2340 1204 2372 dis
1220 2367 1228 2379 ,
1254 2340 1472 2372 instaurandis
1488 2367 1495 2379 ,
1520 2341 1706 2373 muniendis
1731 2348 1764 2374 et
1786 2352 1901 2375 manu-

1157 2393 1326 2432 tenendis,
1354 2393 1492 2436 aliisque
1517 2393 1708 2436 indigentiis
1730 2401 1762 2427 et
1786 2395 1898 2428 usibus

1156 2445 1413 2489 quibuscumque
1431 2450 1495 2478 tam
1512 2445 1664 2479 Gamerae
1689 2456 1786 2489 quam
1814 2457 1899 2480 com·

1192 2518 1202 2541 1
1226 2515 1296 2541 Edit.
1317 2515 1398 2541 Main.
1418 2515 1486 2550 legit
1504 2516 1610 2550 diqnas
1628 2517 1667 2549 (n.
1684 2517 1735 2550 τ.).

1188 2559 1206 2585 *2
1227 2558 1319 2586 Potius
1338 2559 1531 2594 quorumlibet
1550 2562 1588 2595 (n.
1604 2562 1654 2593 T.)-

1903 183 1956 209 An.
1972 182 2002 209 C.
2025 182 2102 226 173¹!
