<?xml version="1.0" encoding="UTF-8"?>
<!DOCTYPE html PUBLIC "-//W3C//DTD XHTML 1.0 Transitional//EN"
    "http://www.w3.org/TR/xhtml1/DTD/xhtml1-transitional.dtd">
<html xmlns="http://www.w3.org/1999/xhtml" xml:lang="en" lang="en">
 <head>
  <title>
</title>
<meta http-equiv="Content-Type" content="text/html;charset=utf-8" />
  <meta name='ocr-system' content='tesseract 3.04.00' />
  <meta name='ocr-capabilities' content='ocr_page ocr_carea ocr_par ocr_line ocrx_word'/>
</head>
<body>
  <div class='ocr_page' id='page_1' title='image "./bullarumdiplomat23cath_0393.png"; bbox 0 0 2182 3137; ppageno 0'>
   <div class='ocr_carea' id='block_1_1' title="bbox 41 218 230 253">
    <p class='ocr_par' dir='ltr' id='par_1_1' title="bbox 41 218 230 253">
     <span class='ocr_line' id='line_1_1' title="bbox 41 218 230 253; baseline -0.005 -7"><span class='ocrx_word' id='word_1_1' title='bbox 41 219 93 253; x_wconf 58' lang='grc' dir='ltr'>Α».</span> <span class='ocrx_word' id='word_1_2' title='bbox 113 220 142 246; x_wconf 86' lang='lat' dir='ltr'>c.</span> <span class='ocrx_word' id='word_1_3' title='bbox 161 218 230 245; x_wconf 71' lang='lat'>1732</span> 
     </span>
    </p>
   </div>
   <div class='ocr_carea' id='block_1_2' title="bbox 883 221 1170 245">
    <p class='ocr_par' dir='ltr' id='par_1_2' title="bbox 883 221 1170 245">
     <span class='ocr_line' id='line_1_2' title="bbox 883 221 1170 245; baseline 0.017 -5"><span class='ocrx_word' id='word_1_4' title='bbox 883 221 1025 243; x_wconf 64' lang='lat' dir='ltr'>CLEMENS</span> <span class='ocrx_word' id='word_1_5' title='bbox 1054 223 1068 244; x_wconf 72' lang='grc' dir='ltr'><strong>Χ</strong></span> <span class='ocrx_word' id='word_1_6' title='bbox 1077 223 1096 244; x_wconf 90' lang='lat' dir='ltr'>ll</span> <span class='ocrx_word' id='word_1_7' title='bbox 1123 225 1170 245; x_wconf 72' lang='lat' dir='ltr'>Pr.</span> 
     </span>
    </p>
   </div>
   <div class='ocr_carea' id='block_1_3' title="bbox 228 268 981 2466">
    <p class='ocr_par' dir='ltr' id='par_1_3' title="bbox 238 268 981 552">
     <span class='ocr_line' id='line_1_3' title="bbox 238 268 981 308; baseline -0.001 -11"><span class='ocrx_word' id='word_1_8' title='bbox 238 269 292 298; x_wconf 73' lang='lat' dir='ltr'>reli</span> <span class='ocrx_word' id='word_1_9' title='bbox 316 274 344 298; x_wconf 87' lang='lat' dir='ltr'>et</span> <span class='ocrx_word' id='word_1_10' title='bbox 367 270 560 308; x_wconf 83' lang='lat' dir='ltr'>hegumenis,</span> <span class='ocrx_word' id='word_1_11' title='bbox 589 278 767 308; x_wconf 85' lang='lat' dir='ltr'>manumque</span> <span class='ocrx_word' id='word_1_12' title='bbox 798 278 900 297; x_wconf 85' lang='lat' dir='ltr'>eorum</span> <span class='ocrx_word' id='word_1_13' title='bbox 933 268 981 297; x_wconf 87' lang='lat' dir='ltr'>de-</span> 
     </span>
     <span class='ocr_line' id='line_1_4' title="bbox 239 317 979 356; baseline -0.003 -9"><span class='ocrx_word' id='word_1_14' title='bbox 239 318 427 356; x_wconf 83' lang='lat' dir='ltr'><strong>osculantur,</strong></span> <span class='ocrx_word' id='word_1_15' title='bbox 451 323 479 348; x_wconf 89' lang='lat' dir='ltr'>et</span> <span class='ocrx_word' id='word_1_16' title='bbox 500 319 626 348; x_wconf 90' lang='lat' dir='ltr'>invicem</span> <span class='ocrx_word' id='word_1_17' title='bbox 649 317 684 347; x_wconf 84' lang='lat' dir='ltr'>ab</span> <span class='ocrx_word' id='word_1_18' title='bbox 707 317 753 346; x_wconf 91' lang='lat' dir='ltr'>bis</span> <span class='ocrx_word' id='word_1_19' title='bbox 784 317 819 346; x_wconf 88' lang='lat' dir='ltr'>ad</span> <span class='ocrx_word' id='word_1_20' title='bbox 849 317 979 346; x_wconf 89' lang='lat' dir='ltr'>osculum</span> 
     </span>
     <span class='ocr_line' id='line_1_5' title="bbox 239 366 979 405; baseline -0.004 -8"><span class='ocrx_word' id='word_1_21' title='bbox 239 367 318 405; x_wconf 85' lang='lat' dir='ltr'>pacis</span> <span class='ocrx_word' id='word_1_22' title='bbox 340 368 548 397; x_wconf 82' lang='lat' dir='ltr'>admittuntur.</span> <span class='ocrx_word' id='word_1_23' title='bbox 582 366 681 396; x_wconf 84' lang='lat' dir='ltr'>Abbas</span> <span class='ocrx_word' id='word_1_24' title='bbox 713 371 811 396; x_wconf 82' lang='lat' dir='ltr'>autem</span> <span class='ocrx_word' id='word_1_25' title='bbox 834 366 979 403; x_wconf 80' lang='lat' dir='ltr'>generalis</span> 
     </span>
     <span class='ocr_line' id='line_1_6' title="bbox 238 414 978 455; baseline -0.003 -10"><span class='ocrx_word' id='word_1_26' title='bbox 238 416 333 445; x_wconf 83' lang='lat' dir='ltr'>tradat</span> <span class='ocrx_word' id='word_1_27' title='bbox 355 416 515 455; x_wconf 89' lang='lat' dir='ltr'>unicuique</span> <span class='ocrx_word' id='word_1_28' title='bbox 533 425 634 445; x_wconf 90' lang='lat' dir='ltr'>eorum</span> <span class='ocrx_word' id='word_1_29' title='bbox 657 415 786 453; x_wconf 80' lang='lat' dir='ltr'>sigillum</span> <span class='ocrx_word' id='word_1_30' title='bbox 809 414 898 444; x_wconf 77' lang='lat' dir='ltr'>officii</span> <span class='ocrx_word' id='word_1_31' title='bbox 921 414 978 452; x_wconf 88' lang='lat' dir='ltr'>sui,</span> 
     </span>
     <span class='ocr_line' id='line_1_7' title="bbox 238 464 980 502; baseline -0.003 -8"><span class='ocrx_word' id='word_1_32' title='bbox 238 464 344 494; x_wconf 87' lang='lat' dir='ltr'>deinde</span> <span class='ocrx_word' id='word_1_33' title='bbox 365 464 502 494; x_wconf 88' lang='lat' dir='ltr'>omnibus</span> <span class='ocrx_word' id='word_1_34' title='bbox 535 469 651 502; x_wconf 87' lang='lat' dir='ltr'>praeter</span> <span class='ocrx_word' id='word_1_35' title='bbox 683 464 863 502; x_wconf 72' lang='lat' dir='ltr'>hegumenos</span> <span class='ocrx_word' id='word_1_36' title='bbox 891 472 980 500; x_wconf 84' lang='lat' dir='ltr'>genu-</span> 
     </span>
     <span class='ocr_line' id='line_1_8' title="bbox 238 512 924 552; baseline -0.003 -10"><span class='ocrx_word' id='word_1_37' title='bbox 238 513 321 542; x_wconf 80' lang='lat' dir='ltr'>flexis</span> <span class='ocrx_word' id='word_1_38' title='bbox 343 513 511 552; x_wconf 84' lang='lat' dir='ltr'>impertitur</span> <span class='ocrx_word' id='word_1_39' title='bbox 533 513 778 547; x_wconf 77' lang='lat' dir='ltr'>benedictionem,</span> <span class='ocrx_word' id='word_1_40' title='bbox 802 512 924 541; x_wconf 88' lang='lat' dir='ltr'>dicens:</span> 
     </span>
    </p>

    <p class='ocr_par' dir='ltr' id='par_1_4' title="bbox 235 560 979 650">
     <span class='ocr_line' id='line_1_9' title="bbox 315 560 979 602; baseline -0.005 -11"><span class='ocrx_word' id='word_1_41' title='bbox 315 561 466 591; x_wconf 75' lang='lat' dir='ltr'><em>Benedicat</em></span> <span class='ocrx_word' id='word_1_42' title='bbox 494 572 537 591; x_wconf 86' lang='lat' dir='ltr'>vos</span> <span class='ocrx_word' id='word_1_43' title='bbox 559 563 727 600; x_wconf 81' lang='lat' dir='ltr'>omnipotens</span> <span class='ocrx_word' id='word_1_44' title='bbox 746 560 833 602; x_wconf 83' lang='lat' dir='ltr'>Dens,</span> <span class='ocrx_word' id='word_1_45' title='bbox 859 560 940 589; x_wconf 82' lang='lat' dir='ltr'>Pater</span> <span class='ocrx_word' id='word_1_46' title='bbox 961 563 979 597; x_wconf 81' lang='lat'><strong>†</strong></span> 
     </span>
     <span class='ocr_line' id='line_1_10' title="bbox 235 609 796 650; baseline 0 -12"><span class='ocrx_word' id='word_1_47' title='bbox 235 615 260 638; x_wconf 78' lang='lat' dir='ltr'>et</span> <span class='ocrx_word' id='word_1_48' title='bbox 283 610 375 639; x_wconf 62' lang='lat' dir='ltr'>Filius</span> <span class='ocrx_word' id='word_1_49' title='bbox 395 613 413 646; x_wconf 90' lang='lat'>†</span> <span class='ocrx_word' id='word_1_50' title='bbox 434 615 458 639; x_wconf 90' lang='lat' dir='ltr'>et</span> <span class='ocrx_word' id='word_1_51' title='bbox 480 610 606 650; x_wconf 77' lang='lat' dir='ltr'>Spiritus</span> <span class='ocrx_word' id='word_1_52' title='bbox 628 612 645 646; x_wconf 93' lang='lat'><strong>†</strong></span> <span class='ocrx_word' id='word_1_53' title='bbox 668 609 796 639; x_wconf 84' lang='lat' dir='ltr'>Sanctus.</span> 
     </span>
    </p>

    <p class='ocr_par' dir='ltr' id='par_1_5' title="bbox 235 658 979 746">
     <span class='ocr_line' id='line_1_11' title="bbox 315 658 979 699; baseline -0.005 -10"><span class='ocrx_word' id='word_1_54' title='bbox 315 659 444 697; x_wconf 79' lang='lat' dir='ltr'>Fratres,</span> <span class='ocrx_word' id='word_1_55' title='bbox 461 660 568 694; x_wconf 83' lang='lat' dir='ltr'>Amen‚·</span> <span class='ocrx_word' id='word_1_56' title='bbox 592 665 619 689; x_wconf 90' lang='lat' dir='ltr'>et</span> <span class='ocrx_word' id='word_1_57' title='bbox 641 659 804 699; x_wconf 86' lang='lat' dir='ltr'>procedunt</span> <span class='ocrx_word' id='word_1_58' title='bbox 818 658 979 697; x_wconf 86' lang='lat' dir='ltr'>unusquis-</span> 
     </span>
     <span class='ocr_line' id='line_1_12' title="bbox 235 708 590 746; baseline 0.003 -9"><span class='ocrx_word' id='word_1_59' title='bbox 235 717 291 746; x_wconf 88' lang='lat' dir='ltr'>que</span> <span class='ocrx_word' id='word_1_60' title='bbox 314 708 347 738; x_wconf 82' lang='lat' dir='ltr'>ad</span> <span class='ocrx_word' id='word_1_61' title='bbox 371 709 475 739; x_wconf 88' lang='lat' dir='ltr'>cellam</span> <span class='ocrx_word' id='word_1_62' title='bbox 497 719 590 739; x_wconf 81' lang='lat' dir='ltr'>suam.</span> 
     </span>
    </p>

    <p class='ocr_par' dir='ltr' id='par_1_6' title="bbox 235 757 978 846">
     <span class='ocr_line' id='line_1_13' title="bbox 315 757 978 797; baseline -0.003 -9"><span class='ocrx_word' id='word_1_63' title='bbox 315 758 411 788; x_wconf 84' lang='lat' dir='ltr'>Abbas</span> <span class='ocrx_word' id='word_1_64' title='bbox 433 759 579 797; x_wconf 82' lang='lat' dir='ltr'>generalis</span> <span class='ocrx_word' id='word_1_65' title='bbox 612 762 641 787; x_wconf 81' lang='lat' dir='ltr'>et</span> <span class='ocrx_word' id='word_1_66' title='bbox 673 758 830 796; x_wconf 82' lang='lat' dir='ltr'>hegumeni</span> <span class='ocrx_word' id='word_1_67' title='bbox 858 757 978 787; x_wconf 83' lang='lat' dir='ltr'>tradunt</span> 
     </span>
     <span class='ocr_line' id='line_1_14' title="bbox 235 806 974 846; baseline 0 -11"><span class='ocrx_word' id='word_1_68' title='bbox 235 806 359 844; x_wconf 81' lang='lat' dir='ltr'>singulis</span> <span class='ocrx_word' id='word_1_69' title='bbox 381 812 512 846; x_wconf 67' lang='lat' dir='ltr'>patentes</span> <span class='ocrx_word' id='word_1_70' title='bbox 534 808 645 837; x_wconf 79' lang='lat' dir='ltr'>litteras</span> <span class='ocrx_word' id='word_1_71' title='bbox 669 809 777 837; x_wconf 88' lang='lat' dir='ltr'>tenoris</span> <span class='ocrx_word' id='word_1_72' title='bbox 799 806 950 845; x_wconf 88' lang='lat' dir='ltr'>sequentis</span> <span class='ocrx_word' id='word_1_73' title='bbox 968 816 974 835; x_wconf 76' lang='grc' dir='ltr'><strong><em>ε</em></strong></span> 
     </span>
    </p>

    <p class='ocr_par' dir='ltr' id='par_1_7' title="bbox 231 855 978 1876">
     <span class='ocr_line' id='line_1_15' title="bbox 320 855 978 896; baseline -0.002 -11"><span class='ocrx_word' id='word_1_74' title='bbox 320 855 525 886; x_wconf 80' lang='lat' dir='ltr'>Venerabilibus</span> <span class='ocrx_word' id='word_1_75' title='bbox 538 857 675 896; x_wconf 80' lang='lat' dir='ltr'>fratribus</span> <span class='ocrx_word' id='word_1_76' title='bbox 691 856 804 886; x_wconf 75' lang='lat' dir='ltr'>Ordinis</span> <span class='ocrx_word' id='word_1_77' title='bbox 825 857 913 884; x_wconf 83' lang='lat' dir='ltr'>sancti</span> <span class='ocrx_word' id='word_1_78' title='bbox 927 865 978 894; x_wconf 86' lang='lat' dir='ltr'>pa-</span> 
     </span>
     <span class='ocr_line' id='line_1_16' title="bbox 235 904 978 943; baseline 0.001 -11"><span class='ocrx_word' id='word_1_79' title='bbox 235 905 286 933; x_wconf 86' lang='lat' dir='ltr'>tris</span> <span class='ocrx_word' id='word_1_80' title='bbox 308 906 395 934; x_wconf 80' lang='lat' dir='ltr'>nostri</span> <span class='ocrx_word' id='word_1_81' title='bbox 416 905 551 942; x_wconf 80' lang='lat' dir='ltr'>Antonii,</span> <span class='ocrx_word' id='word_1_82' title='bbox 578 905 801 943; x_wconf 69' lang='lat' dir='ltr'>Conyreyationis</span> <span class='ocrx_word' id='word_1_83' title='bbox 833 906 864 934; x_wconf 86' lang='lat' dir='ltr'>de</span> <span class='ocrx_word' id='word_1_84' title='bbox 887 904 978 934; x_wconf 81' lang='lat' dir='ltr'>Monte</span> 
     </span>
     <span class='ocr_line' id='line_1_17' title="bbox 234 952 978 993; baseline 0.003 -12"><span class='ocrx_word' id='word_1_85' title='bbox 234 952 347 987; x_wconf 80' lang='lat' dir='ltr'>Libano,</span> <span class='ocrx_word' id='word_1_86' title='bbox 368 955 531 993; x_wconf 82' lang='lat' dir='ltr'>provinciae</span> <span class='ocrx_word' id='word_1_87' title='bbox 552 955 587 985; x_wconf 74' lang='lat' dir='ltr'>N.</span> <span class='ocrx_word' id='word_1_88' title='bbox 612 953 657 984; x_wconf 81' lang='lat' dir='ltr'>vel</span> <span class='ocrx_word' id='word_1_89' title='bbox 683 956 842 984; x_wconf 79' lang='lat' dir='ltr'>monasterii</span> <span class='ocrx_word' id='word_1_90' title='bbox 862 954 912 990; x_wconf 85' lang='lat' dir='ltr'>N.,</span> <span class='ocrx_word' id='word_1_91' title='bbox 935 964 978 983; x_wconf 86' lang='lat' dir='ltr'>sa-</span> 
     </span>
     <span class='ocr_line' id='line_1_18' title="bbox 235 1002 976 1034; baseline 0.004 -5"><span class='ocrx_word' id='word_1_92' title='bbox 235 1002 317 1030; x_wconf 83' lang='lat' dir='ltr'>lutem</span> <span class='ocrx_word' id='word_1_93' title='bbox 340 1005 370 1032; x_wconf 83' lang='lat' dir='ltr'>in</span> <span class='ocrx_word' id='word_1_94' title='bbox 392 1003 508 1033; x_wconf 74' lang='lat' dir='ltr'>Domino</span> <span class='ocrx_word' id='word_1_95' title='bbox 527 1009 551 1033; x_wconf 78' lang='lat' dir='ltr'>et</span> <span class='ocrx_word' id='word_1_96' title='bbox 573 1004 795 1034; x_wconf 82' lang='lat' dir='ltr'>benedictionem.</span> <span class='ocrx_word' id='word_1_97' title='bbox 817 1021 857 1025; x_wconf 88' lang='lat'>——</span> <span class='ocrx_word' id='word_1_98' title='bbox 877 1003 976 1033; x_wconf 82' lang='lat' dir='ltr'>Notum</span> 
     </span>
     <span class='ocr_line' id='line_1_19' title="bbox 234 1053 977 1092; baseline 0.004 -13"><span class='ocrx_word' id='word_1_99' title='bbox 234 1053 354 1087; x_wconf 72' lang='lat' dir='ltr'>facimus</span> <span class='ocrx_word' id='word_1_100' title='bbox 374 1053 463 1088; x_wconf 78' lang='lat' dir='ltr'>vobis,</span> <span class='ocrx_word' id='word_1_101' title='bbox 491 1055 614 1092; x_wconf 85' lang='lat' dir='ltr'>fratres,</span> <span class='ocrx_word' id='word_1_102' title='bbox 637 1054 871 1091; x_wconf 74' lang='lat' dir='ltr'>conyreyationem</span> <span class='ocrx_word' id='word_1_103' title='bbox 895 1054 977 1091; x_wconf 74' lang='lat' dir='ltr'>heyn-</span> 
     </span>
     <span class='ocr_line' id='line_1_20' title="bbox 234 1101 975 1137; baseline 0.003 -9"><span class='ocrx_word' id='word_1_104' title='bbox 234 1109 375 1129; x_wconf 77' lang='lat' dir='ltr'>menorum</span> <span class='ocrx_word' id='word_1_105' title='bbox 398 1102 517 1130; x_wconf 81' lang='lat' dir='ltr'>habitam</span> <span class='ocrx_word' id='word_1_106' title='bbox 535 1103 578 1131; x_wconf 83' lang='lat' dir='ltr'>die</span> <span class='ocrx_word' id='word_1_107' title='bbox 599 1102 647 1134; x_wconf 68' lang='lat' dir='ltr'>N..</span> <span class='ocrx_word' id='word_1_108' title='bbox 671 1112 762 1131; x_wconf 80' lang='lat' dir='ltr'>mense</span> <span class='ocrx_word' id='word_1_109' title='bbox 776 1102 824 1137; x_wconf 68' lang='lat' dir='ltr'>N„</span> <span class='ocrx_word' id='word_1_110' title='bbox 841 1112 913 1131; x_wconf 83' lang='lat' dir='ltr'>anno</span> <span class='ocrx_word' id='word_1_111' title='bbox 927 1101 975 1135; x_wconf 89' lang='lat' dir='ltr'>N.‚</span> 
     </span>
     <span class='ocr_line' id='line_1_21' title="bbox 233 1151 976 1190; baseline 0.003 -12"><span class='ocrx_word' id='word_1_112' title='bbox 233 1151 371 1179; x_wconf 84' lang='lat' dir='ltr'>communi</span> <span class='ocrx_word' id='word_1_113' title='bbox 392 1151 506 1180; x_wconf 82' lang='lat' dir='ltr'>consilio</span> <span class='ocrx_word' id='word_1_114' title='bbox 527 1151 639 1189; x_wconf 74' lang='lat' dir='ltr'>eleyisse</span> <span class='ocrx_word' id='word_1_115' title='bbox 668 1152 848 1181; x_wconf 76' lang='lat' dir='ltr'>reverendum</span> <span class='ocrx_word' id='word_1_116' title='bbox 868 1156 976 1190; x_wconf 76' lang='lat' dir='ltr'>putrem</span> 
     </span>
     <span class='ocr_line' id='line_1_22' title="bbox 232 1199 978 1240; baseline 0.001 -12"><span class='ocrx_word' id='word_1_117' title='bbox 232 1199 267 1228; x_wconf 80' lang='grc' dir='ltr'>Ν,</span> <span class='ocrx_word' id='word_1_118' title='bbox 292 1201 322 1229; x_wconf 86' lang='lat' dir='ltr'>in</span> <span class='ocrx_word' id='word_1_119' title='bbox 343 1200 463 1229; x_wconf 79' lang='lat' dir='ltr'>abbatem</span> <span class='ocrx_word' id='word_1_120' title='bbox 486 1205 605 1229; x_wconf 79' lang='lat' dir='ltr'>restrum</span> <span class='ocrx_word' id='word_1_121' title='bbox 624 1202 772 1240; x_wconf 78' lang='lat' dir='ltr'>proprium</span> <span class='ocrx_word' id='word_1_122' title='bbox 800 1206 825 1230; x_wconf 88' lang='lat' dir='ltr'>et</span> <span class='ocrx_word' id='word_1_123' title='bbox 851 1201 978 1240; x_wconf 73' lang='lat' dir='ltr'>peculia-</span> 
     </span>
     <span class='ocr_line' id='line_1_23' title="bbox 233 1250 978 1289; baseline 0.003 -13"><span class='ocrx_word' id='word_1_124' title='bbox 233 1258 302 1285; x_wconf 84' lang='lat' dir='ltr'>rem,</span> <span class='ocrx_word' id='word_1_125' title='bbox 326 1251 374 1287; x_wconf 79' lang='lat' dir='ltr'>qui</span> <span class='ocrx_word' id='word_1_126' title='bbox 395 1259 478 1278; x_wconf 85' lang='lat' dir='ltr'>carne</span> <span class='ocrx_word' id='word_1_127' title='bbox 499 1254 524 1278; x_wconf 85' lang='lat' dir='ltr'>et</span> <span class='ocrx_word' id='word_1_128' title='bbox 546 1251 648 1289; x_wconf 80' lang='lat' dir='ltr'>spiritu</span> <span class='ocrx_word' id='word_1_129' title='bbox 671 1260 714 1279; x_wconf 86' lang='lat' dir='ltr'>vos</span> <span class='ocrx_word' id='word_1_130' title='bbox 739 1250 870 1288; x_wconf 65' lang='lat' dir='ltr'>gubernet</span> <span class='ocrx_word' id='word_1_131' title='bbox 898 1252 978 1278; x_wconf 63' lang='lat' dir='ltr'>iusrta</span> 
     </span>
     <span class='ocr_line' id='line_1_24' title="bbox 235 1299 976 1337; baseline 0.001 -11"><span class='ocrx_word' id='word_1_132' title='bbox 235 1302 340 1326; x_wconf 82' lang='lat' dir='ltr'>nostras</span> <span class='ocrx_word' id='word_1_133' title='bbox 355 1299 572 1333; x_wconf 83' lang='lat' dir='ltr'>consuetudines,</span> <span class='ocrx_word' id='word_1_134' title='bbox 587 1300 793 1328; x_wconf 76' lang='lat' dir='ltr'>constitutiones</span> <span class='ocrx_word' id='word_1_135' title='bbox 808 1304 832 1328; x_wconf 82' lang='lat' dir='ltr'>et</span> <span class='ocrx_word' id='word_1_136' title='bbox 844 1299 976 1337; x_wconf 68' lang='lat' dir='ltr'>regulam.</span> 
     </span>
     <span class='ocr_line' id='line_1_25' title="bbox 234 1345 977 1382; baseline 0.001 -7"><span class='ocrx_word' id='word_1_137' title='bbox 234 1345 369 1382; x_wconf 79' lang='lat' dir='ltr'>Quocirca</span> <span class='ocrx_word' id='word_1_138' title='bbox 400 1348 563 1377; x_wconf 85' lang='lat' dir='ltr'>mandamus</span> <span class='ocrx_word' id='word_1_139' title='bbox 594 1349 665 1377; x_wconf 82' lang='lat' dir='ltr'>vobis</span> <span class='ocrx_word' id='word_1_140' title='bbox 688 1350 715 1377; x_wconf 86' lang='lat' dir='ltr'>in</span> <span class='ocrx_word' id='word_1_141' title='bbox 740 1349 839 1377; x_wconf 82' lang='lat' dir='ltr'>virtute</span> <span class='ocrx_word' id='word_1_142' title='bbox 869 1352 977 1377; x_wconf 83' lang='lat' dir='ltr'>sanctae</span> 
     </span>
     <span class='ocr_line' id='line_1_26' title="bbox 232 1396 977 1426; baseline 0.001 -1"><span class='ocrx_word' id='word_1_143' title='bbox 232 1396 400 1426; x_wconf 79' lang='lat' dir='ltr'>obedientiae</span> <span class='ocrx_word' id='word_1_144' title='bbox 425 1401 453 1425; x_wconf 86' lang='lat' dir='ltr'>ut</span> <span class='ocrx_word' id='word_1_145' title='bbox 475 1397 562 1426; x_wconf 85' lang='lat' dir='ltr'>eidem</span> <span class='ocrx_word' id='word_1_146' title='bbox 588 1398 736 1426; x_wconf 82' lang='lat' dir='ltr'>secundum</span> <span class='ocrx_word' id='word_1_147' title='bbox 767 1402 874 1426; x_wconf 81' lang='lat' dir='ltr'>nostrae</span> <span class='ocrx_word' id='word_1_148' title='bbox 896 1396 977 1426; x_wconf 73' lang='lat' dir='ltr'>Liba-</span> 
     </span>
     <span class='ocr_line' id='line_1_27' title="bbox 232 1444 977 1485; baseline 0.003 -12"><span class='ocrx_word' id='word_1_149' title='bbox 232 1447 334 1474; x_wconf 78' lang='lat' dir='ltr'>niticae</span> <span class='ocrx_word' id='word_1_150' title='bbox 359 1444 583 1483; x_wconf 41' lang='lat' dir='ltr'>Honore-(sationis</span> <span class='ocrx_word' id='word_1_151' title='bbox 600 1446 722 1485; x_wconf 67' lang='lat' dir='ltr'>requiam</span> <span class='ocrx_word' id='word_1_152' title='bbox 745 1447 877 1485; x_wconf 80' lang='lat' dir='ltr'>pareatis,</span> <span class='ocrx_word' id='word_1_153' title='bbox 901 1457 977 1475; x_wconf 82' lang='lat' dir='ltr'>eum-</span> 
     </span>
     <span class='ocr_line' id='line_1_28' title="bbox 232 1494 974 1534; baseline 0.001 -11"><span class='ocrx_word' id='word_1_154' title='bbox 232 1503 283 1531; x_wconf 82' lang='lat' dir='ltr'>que</span> <span class='ocrx_word' id='word_1_155' title='bbox 305 1494 425 1523; x_wconf 80' lang='lat' dir='ltr'>abbatem</span> <span class='ocrx_word' id='word_1_156' title='bbox 457 1505 504 1523; x_wconf 81' lang='lat' dir='ltr'>seu</span> <span class='ocrx_word' id='word_1_157' title='bbox 535 1503 644 1533; x_wconf 78' lang='lat' dir='ltr'>patrem</span> <span class='ocrx_word' id='word_1_158' title='bbox 676 1500 797 1524; x_wconf 86' lang='lat' dir='ltr'>nostrum</span> <span class='ocrx_word' id='word_1_159' title='bbox 820 1495 974 1534; x_wconf 78' lang='lat' dir='ltr'>appelletis,</span> 
     </span>
     <span class='ocr_line' id='line_1_29' title="bbox 233 1543 976 1583; baseline 0.003 -12"><span class='ocrx_word' id='word_1_160' title='bbox 233 1543 341 1581; x_wconf 77' lang='lat' dir='ltr'>ipsique</span> <span class='ocrx_word' id='word_1_161' title='bbox 362 1544 449 1572; x_wconf 80' lang='lat' dir='ltr'>veluti</span> <span class='ocrx_word' id='word_1_162' title='bbox 471 1544 591 1580; x_wconf 56' lang='lat' dir='ltr'>lenitimo</span> <span class='ocrx_word' id='word_1_163' title='bbox 610 1545 768 1583; x_wconf 80' lang='lat' dir='ltr'>praeposito</span> <span class='ocrx_word' id='word_1_164' title='bbox 794 1549 881 1573; x_wconf 74' lang='lat' dir='ltr'>cestro</span> <span class='ocrx_word' id='word_1_165' title='bbox 902 1545 976 1573; x_wconf 85' lang='lat' dir='ltr'>debi-</span> 
     </span>
     <span class='ocr_line' id='line_1_30' title="bbox 232 1592 975 1631; baseline 0.001 -11"><span class='ocrx_word' id='word_1_166' title='bbox 232 1596 288 1620; x_wconf 82' lang='lat' dir='ltr'>tam</span> <span class='ocrx_word' id='word_1_167' title='bbox 309 1592 490 1621; x_wconf 78' lang='lat' dir='ltr'>obedientiam</span> <span class='ocrx_word' id='word_1_168' title='bbox 504 1617 510 1626; x_wconf 91' lang='lat'>,</span> <span class='ocrx_word' id='word_1_169' title='bbox 535 1593 664 1621; x_wconf 79' lang='lat' dir='ltr'>honorem</span> <span class='ocrx_word' id='word_1_170' title='bbox 690 1598 769 1631; x_wconf 83' lang='lat' dir='ltr'>atque</span> <span class='ocrx_word' id='word_1_171' title='bbox 791 1595 975 1622; x_wconf 65' lang='lat' dir='ltr'>reverentiam</span> 
     </span>
     <span class='ocr_line' id='line_1_31' title="bbox 232 1640 976 1680; baseline 0.003 -11"><span class='ocrx_word' id='word_1_172' title='bbox 232 1641 391 1670; x_wconf 74' lang='lat' dir='ltr'>eaehibeatis.</span> <span class='ocrx_word' id='word_1_173' title='bbox 416 1640 447 1671; x_wconf 79' lang='lat' dir='ltr'>Si</span> <span class='ocrx_word' id='word_1_174' title='bbox 468 1643 529 1680; x_wconf 82' lang='lat' dir='ltr'>quis</span> <span class='ocrx_word' id='word_1_175' title='bbox 552 1642 596 1671; x_wconf 73' lang='lat' dir='ltr'>illi</span> <span class='ocrx_word' id='word_1_176' title='bbox 617 1642 723 1671; x_wconf 82' lang='lat' dir='ltr'>subesse</span> <span class='ocrx_word' id='word_1_177' title='bbox 746 1642 877 1679; x_wconf 81' lang='lat' dir='ltr'>noluerit,</span> <span class='ocrx_word' id='word_1_178' title='bbox 895 1653 976 1671; x_wconf 75' lang='lat' dir='ltr'>narc-</span> 
     </span>
     <span class='ocr_line' id='line_1_32' title="bbox 231 1690 973 1730; baseline 0.003 -12"><span class='ocrx_word' id='word_1_179' title='bbox 231 1690 268 1718; x_wconf 82' lang='lat' dir='ltr'>rit</span> <span class='ocrx_word' id='word_1_180' title='bbox 289 1700 317 1719; x_wconf 84' lang='lat' dir='ltr'>se</span> <span class='ocrx_word' id='word_1_181' title='bbox 346 1700 460 1719; x_wconf 85' lang='lat' dir='ltr'>suorum</span> <span class='ocrx_word' id='word_1_182' title='bbox 492 1695 612 1720; x_wconf 81' lang='lat' dir='ltr'>votorum</span> <span class='ocrx_word' id='word_1_183' title='bbox 644 1696 872 1729; x_wconf 64' lang='lat' dir='ltr'>transgressorem</span> <span class='ocrx_word' id='word_1_184' title='bbox 903 1694 973 1730; x_wconf 79' lang='lat' dir='ltr'>sore.</span> 
     </span>
     <span class='ocr_line' id='line_1_33' title="bbox 231 1737 973 1779; baseline 0.004 -12"><span class='ocrx_word' id='word_1_185' title='bbox 231 1737 392 1768; x_wconf 79' lang='lat' dir='ltr'>Benedictio</span> <span class='ocrx_word' id='word_1_186' title='bbox 420 1741 454 1769; x_wconf 82' lang='lat' dir='ltr'>sit</span> <span class='ocrx_word' id='word_1_187' title='bbox 476 1750 560 1779; x_wconf 79' lang='lat' dir='ltr'>super</span> <span class='ocrx_word' id='word_1_188' title='bbox 580 1740 739 1770; x_wconf 62' lang='lat' dir='ltr'>obedientes</span> <span class='ocrx_word' id='word_1_189' title='bbox 763 1758 799 1762; x_wconf 89' lang='lat'><strong>—</strong></span> <span class='ocrx_word' id='word_1_190' title='bbox 824 1741 924 1770; x_wconf 69' lang='lat' dir='ltr'>Datum</span> <span class='ocrx_word' id='word_1_191' title='bbox 946 1743 973 1770; x_wconf 81' lang='lat' dir='ltr'>in</span> 
     </span>
     <span class='ocr_line' id='line_1_34' title="bbox 231 1788 973 1826; baseline 0.007 -10"><span class='ocrx_word' id='word_1_192' title='bbox 231 1789 396 1817; x_wconf 80' lang='lat' dir='ltr'>monasterio</span> <span class='ocrx_word' id='word_1_193' title='bbox 427 1788 476 1825; x_wconf 60' lang='lat' dir='ltr'>N„</span> <span class='ocrx_word' id='word_1_194' title='bbox 511 1790 554 1818; x_wconf 82' lang='lat' dir='ltr'>die</span> <span class='ocrx_word' id='word_1_195' title='bbox 576 1790 623 1825; x_wconf 57' lang='lat' dir='ltr'>N„</span> <span class='ocrx_word' id='word_1_196' title='bbox 653 1800 743 1819; x_wconf 83' lang='lat' dir='ltr'>mense</span> <span class='ocrx_word' id='word_1_197' title='bbox 765 1790 811 1826; x_wconf 60' lang='lat' dir='ltr'>N„</span> <span class='ocrx_word' id='word_1_198' title='bbox 845 1800 917 1820; x_wconf 73' lang='lat' dir='ltr'>anm</span> <span class='ocrx_word' id='word_1_199' title='bbox 938 1791 973 1821; x_wconf 78' lang='lat' dir='ltr'>N.</span> 
     </span>
     <span class='ocr_line' id='line_1_35' title="bbox 231 1836 660 1876; baseline 0.007 -11"><span class='ocrx_word' id='word_1_200' title='bbox 231 1836 410 1875; x_wconf 70' lang='lat' dir='ltr'>Conyreyatz&#39;o</span> <span class='ocrx_word' id='word_1_201' title='bbox 437 1838 660 1876; x_wconf 74' lang='lat' dir='ltr'>beyumenorum.</span> 
     </span>
    </p>

    <p class='ocr_par' dir='ltr' id='par_1_8' title="bbox 330 1886 973 1927">
     <span class='ocr_line' id='line_1_36' title="bbox 330 1886 973 1927; baseline 0.005 -12"><span class='ocrx_word' id='word_1_202' title='bbox 330 1886 464 1924; x_wconf 81' lang='lat' dir='ltr'>Sigillum</span> <span class='ocrx_word' id='word_1_203' title='bbox 479 1890 497 1923; x_wconf 88' lang='lat'>†</span> <span class='ocrx_word' id='word_1_204' title='bbox 512 1888 658 1925; x_wconf 83' lang='lat' dir='ltr'>generalis</span> <span class='ocrx_word' id='word_1_205' title='bbox 680 1893 708 1918; x_wconf 90' lang='lat' dir='ltr'>et</span> <span class='ocrx_word' id='word_1_206' title='bbox 730 1889 973 1927; x_wconf 80' lang='lat' dir='ltr'>hegumenoruni.</span> 
     </span>
    </p>

    <p class='ocr_par' dir='ltr' id='par_1_9' title="bbox 228 1935 975 2319">
     <span class='ocr_line' id='line_1_37' title="bbox 311 1935 975 1967; baseline 0.005 -3"><span class='ocrx_word' id='word_1_207' title='bbox 311 1935 381 1965; x_wconf 86' lang='lat' dir='ltr'>Cum</span> <span class='ocrx_word' id='word_1_208' title='bbox 401 1936 495 1965; x_wconf 88' lang='lat' dir='ltr'>dictae</span> <span class='ocrx_word' id='word_1_209' title='bbox 512 1937 625 1966; x_wconf 83' lang='lat' dir='ltr'>litterae</span> <span class='ocrx_word' id='word_1_210' title='bbox 643 1937 677 1967; x_wconf 87' lang='lat' dir='ltr'>ad</span> <span class='ocrx_word' id='word_1_211' title='bbox 697 1939 908 1967; x_wconf 81' lang='lat' dir='ltr'>monasterium</span> <span class='ocrx_word' id='word_1_212' title='bbox 929 1949 975 1967; x_wconf 82' lang='lat' dir='ltr'>ve—</span> 
     </span>
     <span class='ocr_line' id='line_1_38' title="bbox 231 1983 975 2025; baseline 0.005 -13"><span class='ocrx_word' id='word_1_213' title='bbox 231 1983 341 2019; x_wconf 83' lang='lat' dir='ltr'>nerint,</span> <span class='ocrx_word' id='word_1_214' title='bbox 356 1994 433 2013; x_wconf 78' lang='lat' dir='ltr'>unus</span> <span class='ocrx_word' id='word_1_215' title='bbox 455 1993 490 2013; x_wconf 84' lang='lat' dir='ltr'>ex</span> <span class='ocrx_word' id='word_1_216' title='bbox 512 1985 664 2022; x_wconf 81' lang='lat' dir='ltr'>fratribus,</span> <span class='ocrx_word' id='word_1_217' title='bbox 686 1987 807 2025; x_wconf 86' lang='lat' dir='ltr'>reliquis</span> <span class='ocrx_word' id='word_1_218' title='bbox 830 1987 975 2016; x_wconf 83' lang='lat' dir='ltr'>audienti-</span> 
     </span>
     <span class='ocr_line' id='line_1_39' title="bbox 232 2032 971 2071; baseline 0.005 -10"><span class='ocrx_word' id='word_1_219' title='bbox 232 2032 305 2068; x_wconf 84' lang='lat' dir='ltr'>bus,</span> <span class='ocrx_word' id='word_1_220' title='bbox 329 2033 359 2062; x_wconf 92' lang='lat' dir='ltr'>in</span> <span class='ocrx_word' id='word_1_221' title='bbox 392 2034 517 2063; x_wconf 70' lang='lat' dir='ltr'>eeclesia</span> <span class='ocrx_word' id='word_1_222' title='bbox 540 2034 584 2063; x_wconf 88' lang='lat' dir='ltr'>vel</span> <span class='ocrx_word' id='word_1_223' title='bbox 606 2034 637 2063; x_wconf 89' lang='lat' dir='ltr'>in</span> <span class='ocrx_word' id='word_1_224' title='bbox 669 2035 822 2064; x_wconf 81' lang='lat' dir='ltr'>refectorio</span> <span class='ocrx_word' id='word_1_225' title='bbox 837 2060 844 2071; x_wconf 88' lang='lat'>,</span> <span class='ocrx_word' id='word_1_226' title='bbox 868 2036 971 2066; x_wconf 83' lang='lat' dir='ltr'>abbate</span> 
     </span>
     <span class='ocr_line' id='line_1_40' title="bbox 231 2081 973 2124; baseline 0.003 -14"><span class='ocrx_word' id='word_1_227' title='bbox 231 2081 324 2111; x_wconf 74' lang='lat' dir='ltr'>electo</span> <span class='ocrx_word' id='word_1_228' title='bbox 348 2087 499 2120; x_wconf 80' lang='lat' dir='ltr'>praesente</span> <span class='ocrx_word' id='word_1_229' title='bbox 515 2107 522 2119; x_wconf 96' lang='lat'>,</span> <span class='ocrx_word' id='word_1_230' title='bbox 547 2083 612 2111; x_wconf 89' lang='lat' dir='ltr'>illas</span> <span class='ocrx_word' id='word_1_231' title='bbox 640 2083 737 2120; x_wconf 76' lang='lat' dir='ltr'>legat:</span> <span class='ocrx_word' id='word_1_232' title='bbox 773 2084 913 2124; x_wconf 74' lang='lat' dir='ltr'>finitaque</span> <span class='ocrx_word' id='word_1_233' title='bbox 936 2085 973 2114; x_wconf 78' lang='lat' dir='ltr'>le-</span> 
     </span>
     <span class='ocr_line' id='line_1_41' title="bbox 230 2129 974 2168; baseline 0.007 -10"><span class='ocrx_word' id='word_1_234' title='bbox 230 2129 338 2168; x_wconf 84' lang='lat' dir='ltr'>ctione,</span> <span class='ocrx_word' id='word_1_235' title='bbox 362 2131 502 2160; x_wconf 80' lang='lat' dir='ltr'>continuo</span> <span class='ocrx_word' id='word_1_236' title='bbox 524 2131 623 2161; x_wconf 81' lang='lat' dir='ltr'>abbati</span> <span class='ocrx_word' id='word_1_237' title='bbox 646 2133 739 2162; x_wconf 85' lang='lat' dir='ltr'>electo</span> <span class='ocrx_word' id='word_1_238' title='bbox 759 2133 802 2162; x_wconf 81' lang='lat' dir='ltr'>vel</span> <span class='ocrx_word' id='word_1_239' title='bbox 818 2135 974 2163; x_wconf 82' lang='lat' dir='ltr'>confirma-</span> 
     </span>
     <span class='ocr_line' id='line_1_42' title="bbox 230 2180 973 2219; baseline 0.007 -12"><span class='ocrx_word' id='word_1_240' title='bbox 230 2183 258 2207; x_wconf 85' lang='lat' dir='ltr'>to</span> <span class='ocrx_word' id='word_1_241' title='bbox 281 2188 383 2209; x_wconf 91' lang='lat' dir='ltr'>omnes</span> <span class='ocrx_word' id='word_1_242' title='bbox 397 2180 608 2219; x_wconf 77' lang='lat' dir='ltr'>genuflectant,</span> <span class='ocrx_word' id='word_1_243' title='bbox 626 2180 715 2210; x_wconf 90' lang='lat' dir='ltr'>abbas</span> <span class='ocrx_word' id='word_1_244' title='bbox 734 2191 803 2211; x_wconf 92' lang='lat' dir='ltr'>vero</span> <span class='ocrx_word' id='word_1_245' title='bbox 827 2182 862 2211; x_wconf 82' lang='lat' dir='ltr'>iis</span> <span class='ocrx_word' id='word_1_246' title='bbox 886 2182 973 2213; x_wconf 85' lang='lat' dir='ltr'>bene-</span> 
     </span>
     <span class='ocr_line' id='line_1_43' title="bbox 229 2227 970 2269; baseline 0.005 -13"><span class='ocrx_word' id='word_1_247' title='bbox 229 2227 317 2265; x_wconf 80' lang='lat' dir='ltr'>dicat,</span> <span class='ocrx_word' id='word_1_248' title='bbox 335 2228 435 2258; x_wconf 78' lang='lat' dir='ltr'>dicens</span> <span class='ocrx_word' id='word_1_249' title='bbox 451 2239 456 2257; x_wconf 80' lang='lat' dir='ltr'>z</span> <span class='ocrx_word' id='word_1_250' title='bbox 475 2229 624 2259; x_wconf 77' lang='lat' dir='ltr'>Benedicat</span> <span class='ocrx_word' id='word_1_251' title='bbox 640 2240 683 2259; x_wconf 82' lang='lat' dir='ltr'>vos</span> <span class='ocrx_word' id='word_1_252' title='bbox 702 2232 872 2269; x_wconf 72' lang='lat' dir='ltr'>omnipotens</span> <span class='ocrx_word' id='word_1_253' title='bbox 888 2232 970 2266; x_wconf 79' lang='lat' dir='ltr'>Deus,</span> 
     </span>
     <span class='ocr_line' id='line_1_44' title="bbox 228 2276 930 2319; baseline 0.006 -13"><span class='ocrx_word' id='word_1_254' title='bbox 228 2276 312 2306; x_wconf 83' lang='lat' dir='ltr'>Pater</span> <span class='ocrx_word' id='word_1_255' title='bbox 333 2279 351 2314; x_wconf 65' lang='grc' dir='ltr'>’ἱ-</span> <span class='ocrx_word' id='word_1_256' title='bbox 373 2283 396 2307; x_wconf 86' lang='lat' dir='ltr'>et</span> <span class='ocrx_word' id='word_1_257' title='bbox 420 2278 510 2308; x_wconf 79' lang='lat' dir='ltr'>Filius</span> <span class='ocrx_word' id='word_1_258' title='bbox 531 2281 549 2316; x_wconf 80' lang='lat'>†</span> <span class='ocrx_word' id='word_1_259' title='bbox 571 2284 594 2308; x_wconf 75' lang='lat' dir='ltr'>et</span> <span class='ocrx_word' id='word_1_260' title='bbox 616 2279 740 2319; x_wconf 77' lang='lat' dir='ltr'>Spiritus</span> <span class='ocrx_word' id='word_1_261' title='bbox 763 2282 781 2317; x_wconf 85' lang='lat'><strong>†</strong></span> <span class='ocrx_word' id='word_1_262' title='bbox 803 2280 930 2310; x_wconf 77' lang='lat' dir='ltr'>Sanetus.</span> 
     </span>
    </p>

    <p class='ocr_par' dir='ltr' id='par_1_10' title="bbox 229 2326 973 2466">
     <span class='ocr_line' id='line_1_45' title="bbox 308 2326 973 2368; baseline 0.006 -12"><span class='ocrx_word' id='word_1_263' title='bbox 308 2326 342 2356; x_wconf 85' lang='lat' dir='ltr'>Et</span> <span class='ocrx_word' id='word_1_264' title='bbox 364 2328 641 2366; x_wconf 58' lang='lat' dir='ltr'>respondentzlmen</span> <span class='ocrx_word' id='word_1_265' title='bbox 656 2341 666 2364; x_wconf 84' lang='lat'>‚-</span> <span class='ocrx_word' id='word_1_266' title='bbox 690 2334 718 2358; x_wconf 89' lang='lat' dir='ltr'>et</span> <span class='ocrx_word' id='word_1_267' title='bbox 741 2334 878 2368; x_wconf 67' lang='lat' dir='ltr'>surgunt,</span> <span class='ocrx_word' id='word_1_268' title='bbox 896 2331 973 2360; x_wconf 89' lang='lat' dir='ltr'>eius-</span> 
     </span>
     <span class='ocr_line' id='line_1_46' title="bbox 229 2378 973 2414; baseline 0.007 -9"><span class='ocrx_word' id='word_1_269' title='bbox 229 2385 285 2414; x_wconf 85' lang='lat' dir='ltr'>que</span> <span class='ocrx_word' id='word_1_270' title='bbox 308 2386 427 2406; x_wconf 89' lang='lat' dir='ltr'>manum</span> <span class='ocrx_word' id='word_1_271' title='bbox 443 2378 624 2407; x_wconf 84' lang='lat' dir='ltr'>osculantur.</span> <span class='ocrx_word' id='word_1_272' title='bbox 644 2378 740 2407; x_wconf 75' lang='lat' dir='ltr'>Ablms</span> <span class='ocrx_word' id='word_1_273' title='bbox 763 2389 832 2408; x_wconf 86' lang='lat' dir='ltr'>suae</span> <span class='ocrx_word' id='word_1_274' title='bbox 854 2380 973 2410; x_wconf 83' lang='lat' dir='ltr'>electio-</span> 
     </span>
     <span class='ocr_line' id='line_1_47' title="bbox 229 2425 970 2466; baseline 0.007 -12"><span class='ocrx_word' id='word_1_275' title='bbox 229 2425 275 2454; x_wconf 87' lang='lat' dir='ltr'>nis</span> <span class='ocrx_word' id='word_1_276' title='bbox 312 2430 446 2464; x_wconf 85' lang='lat' dir='ltr'>patentes</span> <span class='ocrx_word' id='word_1_277' title='bbox 482 2427 595 2456; x_wconf 74' lang='lat' dir='ltr'>litteras</span> <span class='ocrx_word' id='word_1_278' title='bbox 631 2429 708 2466; x_wconf 86' lang='lat' dir='ltr'>apud</span> <span class='ocrx_word' id='word_1_279' title='bbox 741 2438 770 2457; x_wconf 88' lang='lat' dir='ltr'>se</span> <span class='ocrx_word' id='word_1_280' title='bbox 804 2429 970 2459; x_wconf 85' lang='lat' dir='ltr'>custodiat:</span> 
     </span>
    </p>
   </div>
   <div class='ocr_carea' id='block_1_4' title="bbox 993 1847 998 2483">
    <p class='ocr_par' dir='ltr' id='par_1_11' title="bbox 993 1847 998 2483">
     <span class='ocr_line' id='line_1_48' title="bbox 993 1847 998 2483; baseline 0 0"><span class='ocrx_word' id='word_1_281' title='bbox 993 1847 998 2483; x_wconf 95' lang='lat' dir='ltr'> </span> 
     </span>
    </p>
   </div>
   <div class='ocr_carea' id='block_1_5' title="bbox 1016 219 1766 2467">
    <p class='ocr_par' dir='ltr' id='par_1_12' title="bbox 1023 219 1765 411">
     <span class='ocr_line' id='line_1_49' title="bbox 1661 219 1718 249; baseline 0.035 -2"><span class='ocrx_word' id='word_1_282' title='bbox 1661 219 1718 249; x_wconf 68' lang='lat'>:371</span> 
     </span>
     <span class='ocr_line' id='line_1_50' title="bbox 1023 272 1763 313; baseline 0.009 -15"><span class='ocrx_word' id='word_1_283' title='bbox 1023 276 1156 308; x_wconf 87' lang='lat' dir='ltr'>reponat.</span> <span class='ocrx_word' id='word_1_284' title='bbox 1180 272 1376 311; x_wconf 84' lang='lat' dir='ltr'>Sequentibus</span> <span class='ocrx_word' id='word_1_285' title='bbox 1391 284 1443 303; x_wconf 86' lang='lat' dir='ltr'>sex</span> <span class='ocrx_word' id='word_1_286' title='bbox 1465 274 1568 304; x_wconf 87' lang='lat' dir='ltr'>diebus</span> <span class='ocrx_word' id='word_1_287' title='bbox 1590 276 1618 305; x_wconf 91' lang='lat' dir='ltr'>in</span> <span class='ocrx_word' id='word_1_288' title='bbox 1642 285 1763 313; x_wconf 78' lang='lat' dir='ltr'>congre-</span> 
     </span>
     <span class='ocr_line' id='line_1_51' title="bbox 1023 319 1765 360; baseline 0.011 -14"><span class='ocrx_word' id='word_1_289' title='bbox 1023 319 1140 355; x_wconf 83' lang='lat' dir='ltr'>gatione</span> <span class='ocrx_word' id='word_1_290' title='bbox 1162 321 1393 358; x_wconf 80' lang='lat' dir='ltr'>hegumenorum</span> <span class='ocrx_word' id='word_1_291' title='bbox 1417 324 1451 353; x_wconf 87' lang='lat' dir='ltr'>de</span> <span class='ocrx_word' id='word_1_292' title='bbox 1474 324 1572 360; x_wconf 85' lang='lat' dir='ltr'>rebus,</span> <span class='ocrx_word' id='word_1_293' title='bbox 1594 325 1627 354; x_wconf 85' lang='lat' dir='ltr'>ad</span> <span class='ocrx_word' id='word_1_294' title='bbox 1646 325 1765 354; x_wconf 87' lang='lat' dir='ltr'>univer-</span> 
     </span>
     <span class='ocr_line' id='line_1_52' title="bbox 1023 368 1613 411; baseline 0.012 -15"><span class='ocrx_word' id='word_1_295' title='bbox 1023 376 1086 396; x_wconf 90' lang='lat' dir='ltr'>sum</span> <span class='ocrx_word' id='word_1_296' title='bbox 1109 368 1246 399; x_wconf 85' lang='lat' dir='ltr'>Ordinem</span> <span class='ocrx_word' id='word_1_297' title='bbox 1266 373 1476 410; x_wconf 82' lang='lat' dir='ltr'>spectantibus,</span> <span class='ocrx_word' id='word_1_298' title='bbox 1500 378 1613 411; x_wconf 75' lang='lat' dir='ltr'>agetur.</span> 
     </span>
    </p>

    <p class='ocr_par' dir='ltr' id='par_1_13' title="bbox 1021 418 1766 652">
     <span class='ocr_line' id='line_1_53' title="bbox 1062 418 1763 460; baseline 0.013 -16"><span class='ocrx_word' id='word_1_299' title='bbox 1062 424 1090 445; x_wconf 81' lang='lat' dir='ltr'>v.</span> <span class='ocrx_word' id='word_1_300' title='bbox 1115 418 1143 446; x_wconf 82' lang='lat' dir='ltr'>Si</span> <span class='ocrx_word' id='word_1_301' title='bbox 1168 428 1236 448; x_wconf 89' lang='lat' dir='ltr'>vero</span> <span class='ocrx_word' id='word_1_302' title='bbox 1252 423 1439 458; x_wconf 75' lang='lat' dir='ltr'>congregatio</span> <span class='ocrx_word' id='word_1_303' title='bbox 1456 422 1686 460; x_wconf 85' lang='lat' dir='ltr'>hegumenorum</span> <span class='ocrx_word' id='word_1_304' title='bbox 1705 432 1763 453; x_wconf 90' lang='lat' dir='ltr'>non</span> 
     </span>
     <span class='ocr_line' id='line_1_54' title="bbox 1023 468 1766 511; baseline 0.012 -18"><span class='ocrx_word' id='word_1_305' title='bbox 1023 470 1087 502; x_wconf 86' lang='lat' dir='ltr'>post</span> <span class='ocrx_word' id='word_1_306' title='bbox 1109 468 1367 505; x_wconf 76' lang='lat' dir='ltr'>congregationem</span> <span class='ocrx_word' id='word_1_307' title='bbox 1390 472 1575 508; x_wconf 73' lang='lat' dir='ltr'>generalem,</span> <span class='ocrx_word' id='word_1_308' title='bbox 1597 473 1647 502; x_wconf 86' lang='lat' dir='ltr'>sed</span> <span class='ocrx_word' id='word_1_309' title='bbox 1681 482 1766 511; x_wconf 84' lang='lat' dir='ltr'>prae-</span> 
     </span>
     <span class='ocr_line' id='line_1_55' title="bbox 1022 513 1764 559; baseline 0.015 -18"><span class='ocrx_word' id='word_1_310' title='bbox 1022 513 1131 543; x_wconf 88' lang='lat' dir='ltr'>stitutis</span> <span class='ocrx_word' id='word_1_311' title='bbox 1154 516 1335 554; x_wconf 87' lang='lat' dir='ltr'>temporibus</span> <span class='ocrx_word' id='word_1_312' title='bbox 1361 519 1422 548; x_wconf 88' lang='lat' dir='ltr'>suis</span> <span class='ocrx_word' id='word_1_313' title='bbox 1450 520 1516 558; x_wconf 85' lang='lat' dir='ltr'>fiat,</span> <span class='ocrx_word' id='word_1_314' title='bbox 1541 521 1635 559; x_wconf 87' lang='lat' dir='ltr'>primo</span> <span class='ocrx_word' id='word_1_315' title='bbox 1662 522 1708 551; x_wconf 87' lang='lat' dir='ltr'>die</span> <span class='ocrx_word' id='word_1_316' title='bbox 1730 522 1764 551; x_wconf 88' lang='lat' dir='ltr'>de</span> 
     </span>
     <span class='ocr_line' id='line_1_56' title="bbox 1022 563 1764 609; baseline 0.015 -19"><span class='ocrx_word' id='word_1_317' title='bbox 1022 563 1207 599; x_wconf 83' lang='lat' dir='ltr'>gravioribus</span> <span class='ocrx_word' id='word_1_318' title='bbox 1229 566 1355 603; x_wconf 85' lang='lat' dir='ltr'>negotiis</span> <span class='ocrx_word' id='word_1_319' title='bbox 1378 569 1521 605; x_wconf 75' lang='lat' dir='ltr'>agendum</span> <span class='ocrx_word' id='word_1_320' title='bbox 1546 571 1611 608; x_wconf 89' lang='lat' dir='ltr'>erit,</span> <span class='ocrx_word' id='word_1_321' title='bbox 1637 575 1764 609; x_wconf 84' lang='lat' dir='ltr'>postmo-</span> 
     </span>
     <span class='ocr_line' id='line_1_57' title="bbox 1021 611 1438 652; baseline 0.014 -13"><span class='ocrx_word' id='word_1_322' title='bbox 1021 611 1090 640; x_wconf 88' lang='lat' dir='ltr'>dum</span> <span class='ocrx_word' id='word_1_323' title='bbox 1113 612 1226 652; x_wconf 85' lang='lat' dir='ltr'>reliqua</span> <span class='ocrx_word' id='word_1_324' title='bbox 1249 613 1438 645; x_wconf 81' lang='lat' dir='ltr'>definiantur.</span> 
     </span>
    </p>

    <p class='ocr_par' dir='ltr' id='par_1_14' title="bbox 1020 661 1766 1389">
     <span class='ocr_line' id='line_1_58' title="bbox 1062 661 1765 703; baseline 0.014 -14"><span class='ocrx_word' id='word_1_325' title='bbox 1062 670 1100 690; x_wconf 79' lang='lat' dir='ltr'>vi.</span> <span class='ocrx_word' id='word_1_326' title='bbox 1124 661 1294 692; x_wconf 72' lang='lat' dir='ltr'>Terminata</span> <span class='ocrx_word' id='word_1_327' title='bbox 1316 666 1552 703; x_wconf 80' lang='lat' dir='ltr'>congregatione,</span> <span class='ocrx_word' id='word_1_328' title='bbox 1569 667 1695 698; x_wconf 82' lang='lat' dir='ltr'>describi</span> <span class='ocrx_word' id='word_1_329' title='bbox 1717 678 1765 699; x_wconf 88' lang='lat' dir='ltr'>cu-</span> 
     </span>
     <span class='ocr_line' id='line_1_59' title="bbox 1021 712 1765 752; baseline 0.012 -14"><span class='ocrx_word' id='word_1_330' title='bbox 1021 714 1087 738; x_wconf 89' lang='lat' dir='ltr'>rent</span> <span class='ocrx_word' id='word_1_331' title='bbox 1118 719 1132 739; x_wconf 83' lang='lat' dir='ltr'>a</span> <span class='ocrx_word' id='word_1_332' title='bbox 1165 712 1324 741; x_wconf 79' lang='lat' dir='ltr'>secretario</span> <span class='ocrx_word' id='word_1_333' title='bbox 1356 718 1419 743; x_wconf 84' lang='lat' dir='ltr'>acta</span> <span class='ocrx_word' id='word_1_334' title='bbox 1453 716 1572 752; x_wconf 83' lang='lat' dir='ltr'>omnia,</span> <span class='ocrx_word' id='word_1_335' title='bbox 1607 717 1765 747; x_wconf 84' lang='lat' dir='ltr'>electiones</span> 
     </span>
     <span class='ocr_line' id='line_1_60' title="bbox 1022 758 1765 803; baseline 0.012 -17"><span class='ocrx_word' id='word_1_336' title='bbox 1022 758 1191 788; x_wconf 76' lang='lat' dir='ltr'>officialium</span> <span class='ocrx_word' id='word_1_337' title='bbox 1217 765 1245 789; x_wconf 84' lang='lat' dir='ltr'>et</span> <span class='ocrx_word' id='word_1_338' title='bbox 1266 761 1502 800; x_wconf 84' lang='lat' dir='ltr'>constitutiones,</span> <span class='ocrx_word' id='word_1_339' title='bbox 1526 764 1549 792; x_wconf 92' lang='lat' dir='ltr'>si</span> <span class='ocrx_word' id='word_1_340' title='bbox 1573 774 1647 803; x_wconf 87' lang='lat' dir='ltr'>quae</span> <span class='ocrx_word' id='word_1_341' title='bbox 1675 766 1765 795; x_wconf 83' lang='lat' dir='ltr'>sactae</span> 
     </span>
     <span class='ocr_line' id='line_1_61' title="bbox 1021 807 1765 853; baseline 0.009 -17"><span class='ocrx_word' id='word_1_342' title='bbox 1021 807 1141 844; x_wconf 83' lang='lat' dir='ltr'>fuerint,</span> <span class='ocrx_word' id='word_1_343' title='bbox 1161 809 1317 848; x_wconf 80' lang='lat' dir='ltr'>sigilloque</span> <span class='ocrx_word' id='word_1_344' title='bbox 1333 814 1361 839; x_wconf 91' lang='lat' dir='ltr'>et</span> <span class='ocrx_word' id='word_1_345' title='bbox 1378 812 1495 850; x_wconf 75' lang='lat' dir='ltr'>propria</span> <span class='ocrx_word' id='word_1_346' title='bbox 1511 813 1655 850; x_wconf 75' lang='lat' dir='ltr'>generalis</span> <span class='ocrx_word' id='word_1_347' title='bbox 1678 819 1765 853; x_wconf 84' lang='lat' dir='ltr'>atque</span> 
     </span>
     <span class='ocr_line' id='line_1_62' title="bbox 1021 856 1764 898; baseline 0.009 -13"><span class='ocrx_word' id='word_1_348' title='bbox 1021 856 1255 894; x_wconf 80' lang='lat' dir='ltr'>hegumenorum</span> <span class='ocrx_word' id='word_1_349' title='bbox 1277 858 1493 898; x_wconf 85' lang='lat' dir='ltr'>subscriptione</span> <span class='ocrx_word' id='word_1_350' title='bbox 1510 861 1674 897; x_wconf 84' lang='lat' dir='ltr'>firmentur,</span> <span class='ocrx_word' id='word_1_351' title='bbox 1692 868 1720 892; x_wconf 86' lang='lat' dir='ltr'>et</span> <span class='ocrx_word' id='word_1_352' title='bbox 1736 864 1764 892; x_wconf 92' lang='lat' dir='ltr'>in</span> 
     </span>
     <span class='ocr_line' id='line_1_63' title="bbox 1021 905 1766 946; baseline 0.008 -12"><span class='ocrx_word' id='word_1_353' title='bbox 1021 905 1151 935; x_wconf 83' lang='lat' dir='ltr'>archivio</span> <span class='ocrx_word' id='word_1_354' title='bbox 1184 912 1374 946; x_wconf 84' lang='lat' dir='ltr'>reponantur.</span> <span class='ocrx_word' id='word_1_355' title='bbox 1407 910 1485 943; x_wconf 78' lang='lat' dir='ltr'>Quae</span> <span class='ocrx_word' id='word_1_356' title='bbox 1519 919 1587 939; x_wconf 89' lang='lat' dir='ltr'>vero</span> <span class='ocrx_word' id='word_1_357' title='bbox 1614 911 1766 940; x_wconf 85' lang='lat' dir='ltr'>monachis</span> 
     </span>
     <span class='ocr_line' id='line_1_64' title="bbox 1021 956 1764 998; baseline 0.007 -14"><span class='ocrx_word' id='word_1_358' title='bbox 1021 956 1213 994; x_wconf 77' lang='lat' dir='ltr'>significanda</span> <span class='ocrx_word' id='word_1_359' title='bbox 1237 961 1316 993; x_wconf 88' lang='lat' dir='ltr'>sunt,</span> <span class='ocrx_word' id='word_1_360' title='bbox 1340 967 1371 987; x_wconf 85' lang='lat' dir='ltr'>ea</span> <span class='ocrx_word' id='word_1_361' title='bbox 1390 967 1441 997; x_wconf 87' lang='lat' dir='ltr'>per</span> <span class='ocrx_word' id='word_1_362' title='bbox 1463 959 1625 998; x_wconf 82' lang='lat' dir='ltr'>encyclicas</span> <span class='ocrx_word' id='word_1_363' title='bbox 1642 960 1764 994; x_wconf 79' lang='lat' dir='ltr'>litteras,</span> 
     </span>
     <span class='ocr_line' id='line_1_65' title="bbox 1021 1006 1766 1048; baseline 0.008 -15"><span class='ocrx_word' id='word_1_364' title='bbox 1021 1014 1036 1033; x_wconf 87' lang='lat' dir='ltr'>a</span> <span class='ocrx_word' id='word_1_365' title='bbox 1060 1006 1191 1043; x_wconf 80' lang='lat' dir='ltr'>generali</span> <span class='ocrx_word' id='word_1_366' title='bbox 1214 1010 1242 1036; x_wconf 89' lang='lat' dir='ltr'>et</span> <span class='ocrx_word' id='word_1_367' title='bbox 1265 1007 1438 1045; x_wconf 82' lang='lat' dir='ltr'>hegumenis</span> <span class='ocrx_word' id='word_1_368' title='bbox 1460 1008 1653 1048; x_wconf 89' lang='lat' dir='ltr'>subscriptas,</span> <span class='ocrx_word' id='word_1_369' title='bbox 1677 1010 1766 1048; x_wconf 84' lang='lat' dir='ltr'>signi—</span> 
     </span>
     <span class='ocr_line' id='line_1_66' title="bbox 1021 1054 1765 1094; baseline 0.008 -12"><span class='ocrx_word' id='word_1_370' title='bbox 1021 1054 1163 1084; x_wconf 80' lang='lat' dir='ltr'>ficentur.</span> <span class='ocrx_word' id='word_1_371' title='bbox 1198 1055 1370 1094; x_wconf 86' lang='lat' dir='ltr'>Exemplum</span> <span class='ocrx_word' id='word_1_372' title='bbox 1403 1061 1500 1086; x_wconf 88' lang='lat' dir='ltr'>autem</span> <span class='ocrx_word' id='word_1_373' title='bbox 1534 1057 1702 1087; x_wconf 87' lang='lat' dir='ltr'>litterarum</span> <span class='ocrx_word' id='word_1_374' title='bbox 1735 1068 1765 1088; x_wconf 94' lang='lat'>0-</span> 
     </span>
     <span class='ocr_line' id='line_1_67' title="bbox 1021 1103 1766 1144; baseline 0.007 -13"><span class='ocrx_word' id='word_1_375' title='bbox 1021 1103 1149 1140; x_wconf 86' lang='lat' dir='ltr'>mnium,</span> <span class='ocrx_word' id='word_1_376' title='bbox 1174 1113 1248 1142; x_wconf 76' lang='lat' dir='ltr'>quae</span> <span class='ocrx_word' id='word_1_377' title='bbox 1272 1105 1390 1135; x_wconf 87' lang='lat' dir='ltr'>nomine</span> <span class='ocrx_word' id='word_1_378' title='bbox 1413 1106 1650 1144; x_wconf 78' lang='lat' dir='ltr'>congregationis</span> <span class='ocrx_word' id='word_1_379' title='bbox 1681 1107 1766 1137; x_wconf 84' lang='lat' dir='ltr'>huius</span> 
     </span>
     <span class='ocr_line' id='line_1_68' title="bbox 1020 1152 1766 1194; baseline 0.008 -14"><span class='ocrx_word' id='word_1_380' title='bbox 1020 1152 1197 1187; x_wconf 86' lang='lat' dir='ltr'>mittentur,</span> <span class='ocrx_word' id='word_1_381' title='bbox 1221 1163 1236 1182; x_wconf 83' lang='lat' dir='ltr'>a</span> <span class='ocrx_word' id='word_1_382' title='bbox 1259 1154 1419 1183; x_wconf 85' lang='lat' dir='ltr'>secretario</span> <span class='ocrx_word' id='word_1_383' title='bbox 1449 1155 1578 1184; x_wconf 87' lang='lat' dir='ltr'>eiusdem</span> <span class='ocrx_word' id='word_1_384' title='bbox 1606 1165 1766 1194; x_wconf 74' lang='lat' dir='ltr'>congrega-</span> 
     </span>
     <span class='ocr_line' id='line_1_69' title="bbox 1021 1200 1764 1242; baseline 0.007 -13"><span class='ocrx_word' id='word_1_385' title='bbox 1021 1200 1110 1230; x_wconf 88' lang='lat' dir='ltr'>tionis</span> <span class='ocrx_word' id='word_1_386' title='bbox 1133 1201 1313 1241; x_wconf 85' lang='lat' dir='ltr'>descriptum</span> <span class='ocrx_word' id='word_1_387' title='bbox 1337 1208 1455 1233; x_wconf 86' lang='lat' dir='ltr'>maneat</span> <span class='ocrx_word' id='word_1_388' title='bbox 1476 1204 1505 1233; x_wconf 89' lang='lat' dir='ltr'>in</span> <span class='ocrx_word' id='word_1_389' title='bbox 1528 1204 1603 1234; x_wconf 89' lang='lat' dir='ltr'>libro</span> <span class='ocrx_word' id='word_1_390' title='bbox 1625 1205 1764 1242; x_wconf 74' lang='lat' dir='ltr'>registro-</span> 
     </span>
     <span class='ocr_line' id='line_1_70' title="bbox 1020 1251 1766 1290; baseline 0.009 -13"><span class='ocrx_word' id='word_1_391' title='bbox 1020 1258 1098 1287; x_wconf 87' lang='lat' dir='ltr'>rum,</span> <span class='ocrx_word' id='word_1_392' title='bbox 1122 1252 1171 1289; x_wconf 76' lang='lat' dir='ltr'>qui</span> <span class='ocrx_word' id='word_1_393' title='bbox 1193 1251 1222 1280; x_wconf 92' lang='lat' dir='ltr'>in</span> <span class='ocrx_word' id='word_1_394' title='bbox 1244 1252 1471 1289; x_wconf 67' lang='lat' dir='ltr'>congregatione</span> <span class='ocrx_word' id='word_1_395' title='bbox 1487 1253 1617 1290; x_wconf 82' lang='lat' dir='ltr'>generali</span> <span class='ocrx_word' id='word_1_396' title='bbox 1634 1254 1766 1284; x_wconf 84' lang='lat' dir='ltr'>tradatur</span> 
     </span>
     <span class='ocr_line' id='line_1_71' title="bbox 1021 1299 1763 1341; baseline 0.008 -14"><span class='ocrx_word' id='word_1_397' title='bbox 1021 1308 1095 1328; x_wconf 87' lang='lat' dir='ltr'>novo</span> <span class='ocrx_word' id='word_1_398' title='bbox 1125 1299 1224 1329; x_wconf 81' lang='lat' dir='ltr'>abbati</span> <span class='ocrx_word' id='word_1_399' title='bbox 1253 1302 1383 1338; x_wconf 72' lang='lat' dir='ltr'>generali</span> <span class='ocrx_word' id='word_1_400' title='bbox 1411 1306 1439 1331; x_wconf 88' lang='lat' dir='ltr'>et</span> <span class='ocrx_word' id='word_1_401' title='bbox 1466 1302 1549 1331; x_wconf 90' lang='lat' dir='ltr'>novis</span> <span class='ocrx_word' id='word_1_402' title='bbox 1578 1303 1763 1341; x_wconf 81' lang='lat' dir='ltr'>hegumenis,</span> 
     </span>
     <span class='ocr_line' id='line_1_72' title="bbox 1021 1348 1424 1389; baseline 0.007 -12"><span class='ocrx_word' id='word_1_403' title='bbox 1021 1348 1050 1377; x_wconf 93' lang='lat' dir='ltr'>in</span> <span class='ocrx_word' id='word_1_404' title='bbox 1073 1349 1202 1379; x_wconf 87' lang='lat' dir='ltr'>archivio</span> <span class='ocrx_word' id='word_1_405' title='bbox 1225 1351 1424 1389; x_wconf 83' lang='lat' dir='ltr'>reponendus.</span> 
     </span>
    </p>

    <p class='ocr_par' dir='ltr' id='par_1_15' title="bbox 1060 1397 1726 1440">
     <span class='ocr_line' id='line_1_73' title="bbox 1060 1397 1726 1440; baseline 0.006 -14"><span class='ocrx_word' id='word_1_406' title='bbox 1060 1398 1130 1427; x_wconf 80' lang='lat' dir='ltr'>CAP.</span> <span class='ocrx_word' id='word_1_407' title='bbox 1155 1397 1202 1427; x_wconf 84' lang='lat' dir='ltr'>IV.</span> <span class='ocrx_word' id='word_1_408' title='bbox 1218 1415 1257 1419; x_wconf 93' lang='lat'><strong>—</strong></span> <span class='ocrx_word' id='word_1_409' title='bbox 1278 1398 1318 1428; x_wconf 86' lang='lat' dir='ltr'>De</span> <span class='ocrx_word' id='word_1_410' title='bbox 1338 1401 1546 1437; x_wconf 59' lang='lat' dir='ltr'>congregatione</span> <span class='ocrx_word' id='word_1_411' title='bbox 1566 1402 1726 1440; x_wconf 80' lang='lat' dir='ltr'>provinciae</span> 
     </span>
    </p>

    <p class='ocr_par' dir='ltr' id='par_1_16' title="bbox 1247 1450 1530 1478">
     <span class='ocr_line' id='line_1_74' title="bbox 1247 1450 1530 1478; baseline 0.004 -2"><span class='ocrx_word' id='word_1_412' title='bbox 1247 1452 1272 1476; x_wconf 87' lang='lat' dir='ltr'>et</span> <span class='ocrx_word' id='word_1_413' title='bbox 1293 1450 1530 1478; x_wconf 82' lang='lat' dir='ltr'>monasteriorum.</span> 
     </span>
    </p>

    <p class='ocr_par' dir='ltr' id='par_1_17' title="bbox 1019 1496 1765 1976">
     <span class='ocr_line' id='line_1_75' title="bbox 1059 1496 1764 1538; baseline 0.006 -13"><span class='ocrx_word' id='word_1_414' title='bbox 1059 1505 1078 1525; x_wconf 89' lang='lat'>1.</span> <span class='ocrx_word' id='word_1_415' title='bbox 1099 1496 1293 1535; x_wconf 78' lang='lat' dir='ltr'>Congregatio</span> <span class='ocrx_word' id='word_1_416' title='bbox 1310 1498 1478 1536; x_wconf 87' lang='lat' dir='ltr'>provinciae</span> <span class='ocrx_word' id='word_1_417' title='bbox 1495 1508 1672 1538; x_wconf 87' lang='lat' dir='ltr'>unoquoque</span> <span class='ocrx_word' id='word_1_418' title='bbox 1688 1508 1764 1530; x_wconf 87' lang='lat' dir='ltr'>anno</span> 
     </span>
     <span class='ocr_line' id='line_1_76' title="bbox 1020 1545 1764 1586; baseline 0.005 -12"><span class='ocrx_word' id='word_1_419' title='bbox 1020 1554 1072 1584; x_wconf 88' lang='lat' dir='ltr'>per</span> <span class='ocrx_word' id='word_1_420' title='bbox 1091 1545 1221 1575; x_wconf 85' lang='lat' dir='ltr'>triduum</span> <span class='ocrx_word' id='word_1_421' title='bbox 1237 1546 1401 1575; x_wconf 85' lang='lat' dir='ltr'>celebretur</span> <span class='ocrx_word' id='word_1_422' title='bbox 1417 1546 1452 1575; x_wconf 88' lang='lat' dir='ltr'>ab</span> <span class='ocrx_word' id='word_1_423' title='bbox 1469 1546 1574 1576; x_wconf 83' lang='lat' dir='ltr'>abbate</span> <span class='ocrx_word' id='word_1_424' title='bbox 1593 1548 1764 1586; x_wconf 79' lang='lat' dir='ltr'>provinciae</span> 
     </span>
     <span class='ocr_line' id='line_1_77' title="bbox 1019 1593 1762 1634; baseline 0.005 -11"><span class='ocrx_word' id='word_1_425' title='bbox 1019 1598 1048 1623; x_wconf 90' lang='lat' dir='ltr'>et</span> <span class='ocrx_word' id='word_1_426' title='bbox 1074 1593 1229 1624; x_wconf 83' lang='lat' dir='ltr'>abbatibus</span> <span class='ocrx_word' id='word_1_427' title='bbox 1261 1596 1506 1625; x_wconf 82' lang='lat' dir='ltr'>monasteriorum</span> <span class='ocrx_word' id='word_1_428' title='bbox 1540 1596 1762 1634; x_wconf 84' lang='lat' dir='ltr'>subiectorum;</span> 
     </span>
     <span class='ocr_line' id='line_1_78' title="bbox 1019 1644 1765 1685; baseline 0.007 -13"><span class='ocrx_word' id='word_1_429' title='bbox 1019 1644 1207 1682; x_wconf 76' lang='lat' dir='ltr'>congregatio</span> <span class='ocrx_word' id='word_1_430' title='bbox 1226 1653 1293 1674; x_wconf 88' lang='lat' dir='ltr'>vero</span> <span class='ocrx_word' id='word_1_431' title='bbox 1316 1645 1560 1675; x_wconf 79' lang='lat' dir='ltr'>monasteriorum</span> <span class='ocrx_word' id='word_1_432' title='bbox 1576 1646 1614 1675; x_wconf 90' lang='lat' dir='ltr'>sit</span> <span class='ocrx_word' id='word_1_433' title='bbox 1635 1646 1765 1685; x_wconf 90' lang='lat' dir='ltr'>quolibet</span> 
     </span>
     <span class='ocr_line' id='line_1_79' title="bbox 1020 1694 1764 1732; baseline 0.007 -11"><span class='ocrx_word' id='word_1_434' title='bbox 1020 1702 1120 1722; x_wconf 87' lang='lat' dir='ltr'>mense</span> <span class='ocrx_word' id='word_1_435' title='bbox 1136 1703 1187 1732; x_wconf 90' lang='lat' dir='ltr'>per</span> <span class='ocrx_word' id='word_1_436' title='bbox 1210 1703 1301 1723; x_wconf 91' lang='lat' dir='ltr'>unum</span> <span class='ocrx_word' id='word_1_437' title='bbox 1317 1694 1394 1723; x_wconf 86' lang='lat' dir='ltr'>diem</span> <span class='ocrx_word' id='word_1_438' title='bbox 1418 1695 1453 1724; x_wconf 86' lang='lat' dir='ltr'>ab</span> <span class='ocrx_word' id='word_1_439' title='bbox 1475 1695 1579 1725; x_wconf 85' lang='lat' dir='ltr'>abbate</span> <span class='ocrx_word' id='word_1_440' title='bbox 1595 1698 1764 1727; x_wconf 85' lang='lat' dir='ltr'>monasterii</span> 
     </span>
     <span class='ocr_line' id='line_1_80' title="bbox 1019 1743 1762 1783; baseline 0.004 -12"><span class='ocrx_word' id='word_1_441' title='bbox 1019 1745 1047 1771; x_wconf 89' lang='lat' dir='ltr'>et</span> <span class='ocrx_word' id='word_1_442' title='bbox 1084 1743 1237 1772; x_wconf 87' lang='lat' dir='ltr'>monachis</span> <span class='ocrx_word' id='word_1_443' title='bbox 1275 1743 1411 1773; x_wconf 88' lang='lat' dir='ltr'>omnibus</span> <span class='ocrx_word' id='word_1_444' title='bbox 1449 1745 1598 1783; x_wconf 80' lang='lat' dir='ltr'>professis.</span> <span class='ocrx_word' id='word_1_445' title='bbox 1633 1745 1762 1774; x_wconf 88' lang='lat' dir='ltr'>Primam</span> 
     </span>
     <span class='ocr_line' id='line_1_81' title="bbox 1019 1792 1761 1832; baseline 0.005 -12"><span class='ocrx_word' id='word_1_446' title='bbox 1019 1796 1116 1821; x_wconf 85' lang='lat' dir='ltr'>autem</span> <span class='ocrx_word' id='word_1_447' title='bbox 1149 1792 1259 1821; x_wconf 86' lang='lat' dir='ltr'>indicet</span> <span class='ocrx_word' id='word_1_448' title='bbox 1292 1792 1382 1821; x_wconf 83' lang='lat' dir='ltr'>abbas</span> <span class='ocrx_word' id='word_1_449' title='bbox 1416 1793 1605 1832; x_wconf 84' lang='lat' dir='ltr'>provinciae,</span> <span class='ocrx_word' id='word_1_450' title='bbox 1641 1794 1761 1824; x_wconf 85' lang='lat' dir='ltr'>alteram</span> 
     </span>
     <span class='ocr_line' id='line_1_82' title="bbox 1019 1841 1762 1882; baseline 0.003 -11"><span class='ocrx_word' id='word_1_451' title='bbox 1019 1841 1109 1871; x_wconf 78' lang='lat' dir='ltr'>abbas</span> <span class='ocrx_word' id='word_1_452' title='bbox 1125 1841 1314 1878; x_wconf 84' lang='lat' dir='ltr'>monasterii;</span> <span class='ocrx_word' id='word_1_453' title='bbox 1338 1846 1366 1871; x_wconf 88' lang='lat' dir='ltr'>et</span> <span class='ocrx_word' id='word_1_454' title='bbox 1387 1842 1435 1871; x_wconf 85' lang='lat' dir='ltr'>illa</span> <span class='ocrx_word' id='word_1_455' title='bbox 1453 1843 1569 1882; x_wconf 80' lang='lat' dir='ltr'>quidem</span> <span class='ocrx_word' id='word_1_456' title='bbox 1587 1853 1644 1873; x_wconf 93' lang='lat' dir='ltr'>uno</span> <span class='ocrx_word' id='word_1_457' title='bbox 1659 1844 1762 1874; x_wconf 88' lang='lat' dir='ltr'>saltem</span> 
     </span>
     <span class='ocr_line' id='line_1_83' title="bbox 1019 1892 1762 1930; baseline 0.004 -10"><span class='ocrx_word' id='word_1_458' title='bbox 1019 1900 1119 1920; x_wconf 87' lang='lat' dir='ltr'>mense</span> <span class='ocrx_word' id='word_1_459' title='bbox 1141 1896 1207 1921; x_wconf 87' lang='lat' dir='ltr'>ante</span> <span class='ocrx_word' id='word_1_460' title='bbox 1230 1892 1422 1921; x_wconf 83' lang='lat' dir='ltr'>constitutum</span> <span class='ocrx_word' id='word_1_461' title='bbox 1439 1892 1515 1921; x_wconf 85' lang='lat' dir='ltr'>diem</span> <span class='ocrx_word' id='word_1_462' title='bbox 1532 1893 1690 1930; x_wconf 78' lang='lat' dir='ltr'>significari</span> <span class='ocrx_word' id='word_1_463' title='bbox 1713 1894 1762 1923; x_wconf 89' lang='lat' dir='ltr'>de-</span> 
     </span>
     <span class='ocr_line' id='line_1_84' title="bbox 1019 1940 1639 1976; baseline 0.003 -8"><span class='ocrx_word' id='word_1_464' title='bbox 1019 1940 1110 1976; x_wconf 81' lang='lat' dir='ltr'>bebit,</span> <span class='ocrx_word' id='word_1_465' title='bbox 1130 1940 1202 1969; x_wconf 84' lang='lat' dir='ltr'>haec</span> <span class='ocrx_word' id='word_1_466' title='bbox 1225 1950 1292 1969; x_wconf 87' lang='lat' dir='ltr'>vero</span> <span class='ocrx_word' id='word_1_467' title='bbox 1316 1940 1410 1969; x_wconf 77' lang='lat' dir='ltr'>tribus</span> <span class='ocrx_word' id='word_1_468' title='bbox 1434 1946 1501 1969; x_wconf 78' lang='lat' dir='ltr'>ante</span> <span class='ocrx_word' id='word_1_469' title='bbox 1524 1941 1639 1970; x_wconf 68' lang='lat' dir='ltr'>diebus.</span> 
     </span>
    </p>

    <p class='ocr_par' dir='ltr' id='par_1_18' title="bbox 1016 1990 1762 2362">
     <span class='ocr_line' id='line_1_85' title="bbox 1059 1990 1761 2028; baseline 0.006 -11"><span class='ocrx_word' id='word_1_470' title='bbox 1059 1998 1087 2018; x_wconf 88' lang='lat'>11.</span> <span class='ocrx_word' id='word_1_471' title='bbox 1111 1990 1172 2024; x_wconf 78' lang='lat' dir='ltr'>Quo</span> <span class='ocrx_word' id='word_1_472' title='bbox 1202 1998 1301 2018; x_wconf 75' lang='lat' dir='ltr'>mense</span> <span class='ocrx_word' id='word_1_473' title='bbox 1323 1990 1455 2019; x_wconf 72' lang='lat' dir='ltr'>facienda</span> <span class='ocrx_word' id='word_1_474' title='bbox 1489 1991 1544 2020; x_wconf 78' lang='lat' dir='ltr'>erit</span> <span class='ocrx_word' id='word_1_475' title='bbox 1574 1992 1761 2028; x_wconf 74' lang='lat' dir='ltr'>congregatio</span> 
     </span>
     <span class='ocr_line' id='line_1_86' title="bbox 1019 2038 1762 2079; baseline 0.005 -13"><span class='ocrx_word' id='word_1_476' title='bbox 1019 2038 1197 2077; x_wconf 82' lang='lat' dir='ltr'>provinciae,</span> <span class='ocrx_word' id='word_1_477' title='bbox 1219 2039 1430 2077; x_wconf 84' lang='lat' dir='ltr'>praemittenda</span> <span class='ocrx_word' id='word_1_478' title='bbox 1449 2044 1492 2068; x_wconf 76' lang='lat' dir='ltr'>est</span> <span class='ocrx_word' id='word_1_479' title='bbox 1507 2044 1671 2079; x_wconf 84' lang='lat' dir='ltr'>opportuno</span> <span class='ocrx_word' id='word_1_480' title='bbox 1690 2045 1762 2070; x_wconf 88' lang='lat' dir='ltr'>tem-</span> 
     </span>
     <span class='ocr_line' id='line_1_87' title="bbox 1018 2088 1758 2127; baseline 0.005 -12"><span class='ocrx_word' id='word_1_481' title='bbox 1018 2097 1086 2126; x_wconf 87' lang='lat' dir='ltr'>pore</span> <span class='ocrx_word' id='word_1_482' title='bbox 1109 2088 1295 2125; x_wconf 73' lang='lat' dir='ltr'>congregatio</span> <span class='ocrx_word' id='word_1_483' title='bbox 1318 2088 1550 2127; x_wconf 80' lang='lat' dir='ltr'>uniuscuiusque</span> <span class='ocrx_word' id='word_1_484' title='bbox 1578 2090 1758 2123; x_wconf 82' lang='lat' dir='ltr'>monasterii,</span> 
     </span>
     <span class='ocr_line' id='line_1_88' title="bbox 1017 2136 1759 2176; baseline 0.003 -11"><span class='ocrx_word' id='word_1_485' title='bbox 1017 2140 1048 2166; x_wconf 91' lang='lat' dir='ltr'>ut</span> <span class='ocrx_word' id='word_1_486' title='bbox 1064 2137 1093 2166; x_wconf 92' lang='lat' dir='ltr'>in</span> <span class='ocrx_word' id='word_1_487' title='bbox 1110 2141 1246 2175; x_wconf 87' lang='lat' dir='ltr'>promptu</span> <span class='ocrx_word' id='word_1_488' title='bbox 1263 2136 1368 2166; x_wconf 83' lang='lat' dir='ltr'>habeat</span> <span class='ocrx_word' id='word_1_489' title='bbox 1384 2136 1486 2175; x_wconf 80' lang='lat' dir='ltr'>abbas,</span> <span class='ocrx_word' id='word_1_490' title='bbox 1504 2137 1527 2166; x_wconf 83' lang='lat' dir='ltr'>si</span> <span class='ocrx_word' id='word_1_491' title='bbox 1550 2138 1620 2176; x_wconf 87' lang='lat' dir='ltr'>quid</span> <span class='ocrx_word' id='word_1_492' title='bbox 1643 2138 1677 2167; x_wconf 79' lang='lat' dir='ltr'>ad</span> <span class='ocrx_word' id='word_1_493' title='bbox 1696 2147 1759 2167; x_wconf 85' lang='lat' dir='ltr'>eam</span> 
     </span>
     <span class='ocr_line' id='line_1_89' title="bbox 1017 2186 1760 2223; baseline 0.001 -8"><span class='ocrx_word' id='word_1_494' title='bbox 1017 2186 1274 2223; x_wconf 76' lang='lat' dir='ltr'>congregationem</span> <span class='ocrx_word' id='word_1_495' title='bbox 1312 2186 1498 2215; x_wconf 83' lang='lat' dir='ltr'>referendum</span> <span class='ocrx_word' id='word_1_496' title='bbox 1534 2187 1581 2216; x_wconf 86' lang='lat' dir='ltr'>sit.</span> <span class='ocrx_word' id='word_1_497' title='bbox 1619 2187 1760 2216; x_wconf 79' lang='lat' dir='ltr'>Similiter</span> 
     </span>
     <span class='ocr_line' id='line_1_90' title="bbox 1017 2234 1759 2273; baseline 0.003 -10"><span class='ocrx_word' id='word_1_498' title='bbox 1017 2244 1074 2273; x_wconf 81' lang='lat' dir='ltr'>quo</span> <span class='ocrx_word' id='word_1_499' title='bbox 1096 2244 1173 2264; x_wconf 80' lang='lat' dir='ltr'>anno</span> <span class='ocrx_word' id='word_1_500' title='bbox 1195 2234 1394 2264; x_wconf 83' lang='lat' dir='ltr'>celebrabitur</span> <span class='ocrx_word' id='word_1_501' title='bbox 1420 2236 1607 2273; x_wconf 73' lang='lat' dir='ltr'>congregatio</span> <span class='ocrx_word' id='word_1_502' title='bbox 1637 2245 1759 2273; x_wconf 63' lang='lat' dir='ltr'>genera-</span> 
     </span>
     <span class='ocr_line' id='line_1_91' title="bbox 1016 2283 1759 2324; baseline 0.003 -12"><span class='ocrx_word' id='word_1_503' title='bbox 1016 2283 1063 2319; x_wconf 84' lang='lat' dir='ltr'>lis,</span> <span class='ocrx_word' id='word_1_504' title='bbox 1087 2289 1249 2322; x_wconf 83' lang='lat' dir='ltr'>opportune</span> <span class='ocrx_word' id='word_1_505' title='bbox 1268 2284 1474 2323; x_wconf 80' lang='lat' dir='ltr'>praemittatur</span> <span class='ocrx_word' id='word_1_506' title='bbox 1490 2284 1678 2322; x_wconf 61' lang='lat' dir='ltr'>congregatio</span> <span class='ocrx_word' id='word_1_507' title='bbox 1695 2294 1759 2324; x_wconf 90' lang='lat' dir='ltr'>pro-</span> 
     </span>
     <span class='ocr_line' id='line_1_92' title="bbox 1017 2333 1141 2362; baseline 0.008 -1"><span class='ocrx_word' id='word_1_508' title='bbox 1017 2333 1141 2362; x_wconf 84' lang='lat' dir='ltr'>vinciae.</span> 
     </span>
    </p>

    <p class='ocr_par' dir='ltr' id='par_1_19' title="bbox 1016 2381 1760 2467">
     <span class='ocr_line' id='line_1_93' title="bbox 1056 2381 1758 2421; baseline 0.003 -10"><span class='ocrx_word' id='word_1_509' title='bbox 1056 2390 1097 2411; x_wconf 91' lang='lat' dir='ltr'>n1.</span> <span class='ocrx_word' id='word_1_510' title='bbox 1121 2381 1345 2419; x_wconf 75' lang='lat' dir='ltr'>Congregntioni</span> <span class='ocrx_word' id='word_1_511' title='bbox 1367 2381 1545 2420; x_wconf 84' lang='lat' dir='ltr'>provinciae,</span> <span class='ocrx_word' id='word_1_512' title='bbox 1572 2387 1687 2421; x_wconf 86' lang='lat' dir='ltr'>praeter</span> <span class='ocrx_word' id='word_1_513' title='bbox 1709 2383 1758 2413; x_wconf 89' lang='lat' dir='ltr'>ab-</span> 
     </span>
     <span class='ocr_line' id='line_1_94' title="bbox 1016 2429 1760 2467; baseline 0.004 -8"><span class='ocrx_word' id='word_1_514' title='bbox 1016 2429 1098 2460; x_wconf 87' lang='lat' dir='ltr'>bates</span> <span class='ocrx_word' id='word_1_515' title='bbox 1117 2431 1375 2467; x_wconf 83' lang='lat' dir='ltr'>monasteriorum,</span> <span class='ocrx_word' id='word_1_516' title='bbox 1400 2431 1533 2461; x_wconf 88' lang='lat' dir='ltr'>intererit</span> <span class='ocrx_word' id='word_1_517' title='bbox 1556 2431 1652 2461; x_wconf 90' lang='lat' dir='ltr'>socius</span> <span class='ocrx_word' id='word_1_518' title='bbox 1674 2432 1760 2462; x_wconf 87' lang='lat' dir='ltr'>abba-</span> 
     </span>
    </p>
   </div>
   <div class='ocr_carea' id='block_1_6' title="bbox 229 2479 1759 2519">
    <p class='ocr_par' dir='ltr' id='par_1_20' title="bbox 229 2479 1759 2519">
     <span class='ocr_line' id='line_1_95' title="bbox 229 2479 1759 2519; baseline 0.005 -16"><span class='ocrx_word' id='word_1_519' title='bbox 229 2483 354 2514; x_wconf 89' lang='lat' dir='ltr'>cumque</span> <span class='ocrx_word' id='word_1_520' title='bbox 387 2479 495 2504; x_wconf 83' lang='lat' dir='ltr'>statuto</span> <span class='ocrx_word' id='word_1_521' title='bbox 528 2480 659 2514; x_wconf 86' lang='lat' dir='ltr'>tempore</span> <span class='ocrx_word' id='word_1_522' title='bbox 692 2481 899 2507; x_wconf 78' lang='lat' dir='ltr'>exauctoratus</span> <span class='ocrx_word' id='word_1_523' title='bbox 927 2479 971 2508; x_wconf 84' lang='lat' dir='ltr'>vel</span> <span class='ocrx_word' id='word_1_524' title='bbox 993 2485 995 2506; x_wconf 62' lang='lat' dir='ltr'>&#39;v</span> <span class='ocrx_word' id='word_1_525' title='bbox 1016 2479 1051 2508; x_wconf 87' lang='lat' dir='ltr'>tis</span> <span class='ocrx_word' id='word_1_526' title='bbox 1068 2479 1299 2518; x_wconf 85' lang='lat' dir='ltr'>uniuscuiusque</span> <span class='ocrx_word' id='word_1_527' title='bbox 1315 2480 1485 2509; x_wconf 78' lang='lat' dir='ltr'>monasterii</span> <span class='ocrx_word' id='word_1_528' title='bbox 1502 2490 1515 2509; x_wconf 87' lang='lat' dir='ltr'>a</span> <span class='ocrx_word' id='word_1_529' title='bbox 1531 2481 1759 2519; x_wconf 77' lang='lat' dir='ltr'>congregatione</span> 
     </span>
    </p>
   </div>
   <div class='ocr_carea' id='block_1_7' title="bbox 228 2524 972 2660">
    <p class='ocr_par' dir='ltr' id='par_1_21' title="bbox 228 2524 972 2660">
     <span class='ocr_line' id='line_1_96' title="bbox 229 2524 972 2563; baseline 0.005 -10"><span class='ocrx_word' id='word_1_530' title='bbox 229 2524 420 2554; x_wconf 83' lang='lat' dir='ltr'>confirmatus</span> <span class='ocrx_word' id='word_1_531' title='bbox 442 2525 541 2562; x_wconf 82' lang='lat' dir='ltr'>suerit,</span> <span class='ocrx_word' id='word_1_532' title='bbox 565 2524 663 2555; x_wconf 83' lang='lat' dir='ltr'>abbati</span> <span class='ocrx_word' id='word_1_533' title='bbox 685 2527 814 2563; x_wconf 84' lang='lat' dir='ltr'>generali</span> <span class='ocrx_word' id='word_1_534' title='bbox 838 2527 902 2556; x_wconf 87' lang='lat' dir='ltr'>illas</span> <span class='ocrx_word' id='word_1_535' title='bbox 925 2537 972 2557; x_wconf 89' lang='lat' dir='ltr'>re-</span> 
     </span>
     <span class='ocr_line' id='line_1_97' title="bbox 228 2573 972 2606; baseline 0.005 -5"><span class='ocrx_word' id='word_1_536' title='bbox 228 2573 340 2602; x_wconf 85' lang='lat' dir='ltr'>stituet.</span> <span class='ocrx_word' id='word_1_537' title='bbox 363 2573 545 2603; x_wconf 83' lang='lat' dir='ltr'>Secretarius</span> <span class='ocrx_word' id='word_1_538' title='bbox 561 2578 657 2603; x_wconf 83' lang='lat' dir='ltr'>autem</span> <span class='ocrx_word' id='word_1_539' title='bbox 673 2575 843 2604; x_wconf 83' lang='lat' dir='ltr'>monasterii</span> <span class='ocrx_word' id='word_1_540' title='bbox 866 2585 914 2605; x_wconf 85' lang='lat' dir='ltr'>eas</span> <span class='ocrx_word' id='word_1_541' title='bbox 937 2576 972 2606; x_wconf 89' lang='lat' dir='ltr'>de</span> 
     </span>
     <span class='ocr_line' id='line_1_98' title="bbox 229 2621 971 2660; baseline 0.007 -10"><span class='ocrx_word' id='word_1_542' title='bbox 229 2621 317 2651; x_wconf 86' lang='lat' dir='ltr'>verbo</span> <span class='ocrx_word' id='word_1_543' title='bbox 340 2622 374 2651; x_wconf 90' lang='lat' dir='ltr'>ad</span> <span class='ocrx_word' id='word_1_544' title='bbox 400 2622 520 2651; x_wconf 86' lang='lat' dir='ltr'>verbum</span> <span class='ocrx_word' id='word_1_545' title='bbox 543 2622 701 2660; x_wconf 81' lang='lat' dir='ltr'>describat,</span> <span class='ocrx_word' id='word_1_546' title='bbox 736 2628 765 2653; x_wconf 87' lang='lat' dir='ltr'>et</span> <span class='ocrx_word' id='word_1_547' title='bbox 788 2623 816 2653; x_wconf 94' lang='lat' dir='ltr'>in</span> <span class='ocrx_word' id='word_1_548' title='bbox 840 2624 971 2655; x_wconf 85' lang='lat' dir='ltr'>archivio</span> 
     </span>
    </p>
   </div>
   <div class='ocr_carea' id='block_1_8' title="bbox 1014 2528 1758 2666">
    <p class='ocr_par' dir='ltr' id='par_1_22' title="bbox 1014 2528 1758 2666">
     <span class='ocr_line' id='line_1_99' title="bbox 1015 2528 1758 2565; baseline 0.004 -8"><span class='ocrx_word' id='word_1_549' title='bbox 1015 2529 1227 2558; x_wconf 88' lang='lat' dir='ltr'>monachorum</span> <span class='ocrx_word' id='word_1_550' title='bbox 1251 2528 1413 2565; x_wconf 75' lang='lat' dir='ltr'>eligendus.</span> <span class='ocrx_word' id='word_1_551' title='bbox 1437 2528 1505 2558; x_wconf 82' lang='lat' dir='ltr'>Eius</span> <span class='ocrx_word' id='word_1_552' title='bbox 1527 2534 1624 2559; x_wconf 87' lang='lat' dir='ltr'>autem</span> <span class='ocrx_word' id='word_1_553' title='bbox 1654 2530 1758 2560; x_wconf 87' lang='lat' dir='ltr'>electio</span> 
     </span>
     <span class='ocr_line' id='line_1_100' title="bbox 1015 2577 1756 2618; baseline 0.004 -12"><span class='ocrx_word' id='word_1_554' title='bbox 1015 2577 1079 2607; x_wconf 86' lang='lat' dir='ltr'>fieri</span> <span class='ocrx_word' id='word_1_555' title='bbox 1102 2577 1189 2607; x_wconf 85' lang='lat' dir='ltr'>debet</span> <span class='ocrx_word' id='word_1_556' title='bbox 1212 2577 1306 2606; x_wconf 82' lang='lat' dir='ltr'>tribus</span> <span class='ocrx_word' id='word_1_557' title='bbox 1327 2577 1429 2606; x_wconf 84' lang='lat' dir='ltr'>saltem</span> <span class='ocrx_word' id='word_1_558' title='bbox 1453 2577 1575 2615; x_wconf 86' lang='lat' dir='ltr'>diebus,</span> <span class='ocrx_word' id='word_1_559' title='bbox 1599 2583 1756 2618; x_wconf 78' lang='lat' dir='ltr'>antequam</span> 
     </span>
     <span class='ocr_line' id='line_1_101' title="bbox 1014 2626 1754 2666; baseline 0.004 -11"><span class='ocrx_word' id='word_1_560' title='bbox 1014 2626 1049 2655; x_wconf 91' lang='lat' dir='ltr'>ad</span> <span class='ocrx_word' id='word_1_561' title='bbox 1084 2626 1342 2664; x_wconf 82' lang='lat' dir='ltr'>congregationem</span> <span class='ocrx_word' id='word_1_562' title='bbox 1371 2626 1537 2665; x_wconf 81' lang='lat' dir='ltr'>provinciae</span> <span class='ocrx_word' id='word_1_563' title='bbox 1568 2628 1754 2666; x_wconf 79' lang='lat' dir='ltr'>procedatur,</span> 
     </span>
    </p>
   </div>
   <div class='ocr_carea' id='block_1_9' title="bbox 1772 228 1958 256">
    <p class='ocr_par' dir='ltr' id='par_1_23' title="bbox 1772 228 1958 256">
     <span class='ocr_line' id='line_1_102' title="bbox 1772 228 1958 256; baseline 0.016 -3"><span class='ocrx_word' id='word_1_564' title='bbox 1772 229 1822 254; x_wconf 73' lang='lat' dir='ltr'>An.</span> <span class='ocrx_word' id='word_1_565' title='bbox 1844 228 1874 254; x_wconf 92' lang='lat' dir='ltr'>C.</span> <span class='ocrx_word' id='word_1_566' title='bbox 1891 228 1958 256; x_wconf 71' lang='lat'>1732</span> 
     </span>
    </p>
   </div>
   <div class='ocr_carea' id='block_1_10' title="bbox 1775 1519 1959 1622">
    <p class='ocr_par' dir='ltr' id='par_1_24' title="bbox 1775 1519 1959 1622">
     <span class='ocr_line' id='line_1_103' title="bbox 1818 1519 1959 1545; baseline 0.014 -7"><span class='ocrx_word' id='word_1_567' title='bbox 1818 1519 1959 1545; x_wconf 72' lang='lat' dir='ltr'>(longi-egatio</span> 
     </span>
     <span class='ocr_line' id='line_1_104' title="bbox 1777 1546 1959 1572; baseline 0.005 -7"><span class='ocrx_word' id='word_1_568' title='bbox 1777 1546 1898 1570; x_wconf 60' lang='lat' dir='ltr'>provinciae</span> <span class='ocrx_word' id='word_1_569' title='bbox 1908 1553 1959 1572; x_wconf 78' lang='lat' dir='ltr'>quo-</span> 
     </span>
     <span class='ocr_line' id='line_1_105' title="bbox 1775 1573 1959 1593; baseline 0.005 -1"><span class='ocrx_word' id='word_1_570' title='bbox 1775 1573 1827 1592; x_wconf 69' lang='lat' dir='ltr'>lilvet</span> <span class='ocrx_word' id='word_1_571' title='bbox 1848 1579 1903 1593; x_wconf 79' lang='lat' dir='ltr'>anno</span> <span class='ocrx_word' id='word_1_572' title='bbox 1923 1580 1959 1593; x_wconf 74' lang='lat' dir='ltr'>ro-</span> 
     </span>
     <span class='ocr_line' id='line_1_106' title="bbox 1776 1599 1852 1622; baseline 0.026 -5"><span class='ocrx_word' id='word_1_573' title='bbox 1776 1599 1852 1622; x_wconf 43' lang='lat' dir='ltr'>gemla.</span> 
     </span>
    </p>
   </div>
   <div class='ocr_carea' id='block_1_11' title="bbox 1771 2396 1953 2443">
    <p class='ocr_par' dir='ltr' id='par_1_25' title="bbox 1771 2396 1953 2443">
     <span class='ocr_line' id='line_1_107' title="bbox 1806 2396 1953 2418; baseline 0.014 -4"><span class='ocrx_word' id='word_1_574' title='bbox 1806 2398 1844 2418; x_wconf 72' lang='lat' dir='ltr'>Qu·</span> <span class='ocrx_word' id='word_1_575' title='bbox 1861 2396 1953 2416; x_wconf 69' lang='lat' dir='ltr'>debeant</span> 
     </span>
     <span class='ocr_line' id='line_1_108' title="bbox 1771 2424 1881 2443; baseline 0.018 -3"><span class='ocrx_word' id='word_1_576' title='bbox 1771 2424 1881 2443; x_wconf 58' lang='lat' dir='ltr'>nilvffresse.</span> 
     </span>
    </p>
   </div>
  </div>
 </body>
</html>
