2182 3137
31 255 86 281 An.
103 254 132 280 C.
156 252 224 280 1733

63 486 133 506 Tenon·
145 486 218 506 statuti

33 512 89 534 editi
104 512 132 532 ab
146 512 219 532 ultimo

33 539 180 560 commissario
188 544 222 563 ge-

34 565 105 587 aerati
150 565 220 585 ludia-

34 598 90 614 cum.

867 252 1012 275 CLEMENS
1039 252 1081 274 XII
1106 252 1154 275 I'P.

230 301 417 344 patentibus
454 301 571 333 litteris
610 301 752 342 desuper
787 299 972 339 consectis,

231 365 268 387 ac
304 355 342 388 de
381 355 551 398 hispanico
588 354 744 387 idiomate
780 353 813 386 in
839 353 974 386 latinum

230 407 332 441 versis
349 435 356 448 ,
385 407 508 441 tenoris
533 407 587 451 qui
614 407 772 450 sequitur,
799 406 973 439 videlicet:

232 478 332 508 Frater
353 478 469 507 Ioannes
491 478 523 507 de
543 477 606 507 Solo
634 477 718 506 lector
741 477 882 513 iubilatus,
905 476 976 505 theo-

272 527 348 565 logus
384 528 476 565 regius
509 537 561 566 pro
597 536 741 565 congressu
778 525 977 555 Immaculalae

272 575 474 615 Conceptiom's‚
498 580 523 605 et
546 576 574 605 in
597 576 648 604 lule
669 575 781 614 familia
805 576 977 604 cismontamt

270 626 352 654 totius
376 624 490 654 Ordinis
511 623 540 653 S.
556 624 587 653 P.
604 624 639 654 N.
655 624 799 653 Frunet'sct‘
822 624 978 652 comittissa-

270 675 331 704 m'us
348 674 487 713 generalis
516 678 540 703 et
562 673 726 706 Indiarum,
750 677 775 702 et
795 682 903 706 sermm,
927 676 976 701 ete.

272 724 429 753 reverendis
449 723 576 762 patribus
590 721 772 761 prorinciali,
789 731 821 750 ac
842 731 979 750 veneran-

272 774 305 802 do
323 774 478 812 definitorio
497 773 661 811 provinciae
679 775 786 800 nostrae
803 770 833 800 S.
853 770 978 808 (ἕν-990111

272 822 524 861 ΡΙιῐΖῐΡρίηω-ηηι,
559 821 674 850 salutem
712 821 741 850 in
774 819 883 850 Christo
917 819 978 849 Iesu

273 871 381 899 dentiae
403 874 504 899 nostro.

272 927 415 963 Quoniam
430 927 514 957 nobis
526 932 640 957 constat
653 927 846 956 reverendum
866 930 977 965 patrem

234 977 371 1007 loannem
406 977 544 1014 Luengo,
574 981 790 1005 antecessorem
825 980 977 1013 nostrum,

234 1025 469 1056 commissarium
493 1025 661 1063 generalem
677 1024 838 1062 indiarum,
857 1032 979 1063 perpen-

234 1074 330 1104 dendo
352 1074 591 1104 inconvenientia
613 1074 713 1112 gravia
737 1083 811 1112 qnae
844 1072 980 1103 orieban-

235 1128 284 1153 tur
306 1133 340 1153 ex
363 1123 494 1161 generali
518 1122 621 1160 regula
636 1147 643 1159 ‚
668 1123 810 1152 mittendo
844 1122 879 1151 ad
915 1131 978 1151 eam

236 1177 363 1202 nostram
388 1172 570 1211 provinciam
590 1172 825 1202 commissarium
850 1172 980 1201 visitato-

236 1231 298 1252 rem
320 1231 355 1251 ex
378 1222 487 1259 aliena,
514 1225 542 1250 et
557 1221 624 1260 quia
649 1221 742 1259 magis
759 1220 978 1260 proportionata
1001 1233 1002 1244 1

235 1271 272 1300 ad
295 1270 472 1300 mittendum
503 1279 541 1299 ex
563 1271 598 1299 ea
620 1269 802 1299 visitatorem
831 1274 892 1298 erat
916 1278 981 1308 pro-

235 1319 331 1349 vincia
364 1323 465 1348 nostra
498 1318 741 1348 Excalceatorum
775 1319 804 1348 S.
830 1318 927 1348 Didaci
950 1318 980 1348 in

236 1369 370 1406 Nemeo,
394 1378 469 1407 quae
505 1373 548 1398 est
576 1368 646 1397 adeo
670 1368 783 1398 distans
803 1373 832 1397 et
854 1372 979 1405 remota,

236 1422 268 1447 ut
290 1422 334 1447 est
356 1418 526 1454 notorium3
545 1422 583 1453 et,
602 1417 889 1456 praeterquamquod
914 1416 982 1446 visi-

235 1466 374 1496 sitatores
396 1466 571 1504 gravissimo
585 1466 715 1505 periculo
739 1466 815 1495 vitae
837 1465 982 1495 debebant

236 1516 354 1555 exponi,
372 1526 430 1545 non
454 1520 586 1554 poterant
610 1515 791 1554 provinciam
814 1514 895 1544 adire
917 1514 982 1543 abs-

237 1575 294 1604 que
317 1565 500 1603 gravissimis
523 1564 660 1603 expensis
691 1573 793 1603 parum
823 1564 982 1593 conformi-

238 1614 291 1643 bus
308 1614 483 1653 paupertati,
499 1623 586 1653 quam
604 1614 684 1643 iuxta
701 1614 832 1651 regulam
849 1618 981 1643 nostram

238 1665 360 1703 professi
383 1673 496 1701 sumnS,
521 1667 549 1692 et
571 1663 641 1702 quin
666 1663 816 1702 provincia
841 1663 980 1692 exhausta

239 1717 355 1742 maneat
376 1713 410 1741 ad
434 1712 667 1742 succurrendum
697 1712 772 1742 veris
800 1712 983 1741 necessitati-

238 1762 292 1792 bus
315 1772 433 1792 suorum
458 1762 593 1798 fratrum,
617 1762 641 1791 si
665 1771 809 1800 expensas
832 1762 920 1791 saciat
943 1761 982 1790 vi-

239 1811 410 1841 sitatoribus
427 1811 456 1840 in
473 1810 568 1840 eundo
585 1814 612 1840 et
629 1810 780 1840 redeundo
795 1821 801 1840 2
823 1810 868 1840 his
890 1811 982 1840 omni-

241 1859 294 1888 bus
310 1859 441 1897 attentis,
461 1859 623 1898 paternitas
646 1869 697 1888 sua
721 1860 981 1897 reverendissima,

241 1912 326 1937 utens
348 1907 484 1937 facultate
517 1917 532 1936 a
566 1907 629 1945 lege
660 1909 802 1937 concessa
831 1913 862 1937 ut
893 1908 983 1947 possit

240 1956 309 1994 eligi
332 1956 465 1985 visitator
488 1965 522 1985 ex
545 1956 709 1986 eademmet
742 1956 893 1995 provincia
917 1957 984 1987 visi-

242 2006 342 2043 tanda,
366 2005 483 2045 quando
503 2005 540 2034 ita
560 2005 647 2034 suerit
661 2005 831 2044 expediens,
848 2006 893 2035 vel
910 2006 984 2035 adsit

241 2064 329 2093 grave
366 2054 483 2093 aliquod
521 2054 765 2093 impedimentum
801 2059 832 2084 ut
861 2064 898 2084 ex
929 2055 983 2084 alia

242 2104 392 2141 mittatur,
426 2108 454 2133 et
486 2103 608 2142 cupiens
640 2113 793 2133 occurrere
827 2113 913 2143 supra
937 2114 985 2132 ex-

242 2153 352 2192 pressis
373 2152 664 2188 inconvenientibus,
688 2152 844 2191 disposuit,
868 2152 985 2182 ordina-

242 2202 283 2231 vit
306 2206 334 2231 et
356 2202 506 2241 praecepit
528 2202 588 2231 suis
612 2202 718 2231 litteris
741 2202 918 2240 patentibus
954 2206 985 2231 ut

243 2251 434 2291 imposterum
452 2251 585 2280 visitator
601 2256 718 2280 nostrae
738 2251 904 2290 provinciae
922 2251 986 2280 Phi-

243 2300 420 2339 lippinarum
444 2300 569 2338 eligatur
592 2309 628 2329 ex
651 2300 782 2339 patribus
798 2300 986 2330 benemeritis

243 2350 372 2379 eiusdem
390 2349 571 2388 provinciae,
589 2353 616 2378 et
638 2349 714 2388 qnod
737 2359 795 2378 non
819 2349 987 2379 admittere-

244 2403 291 2428 tur
314 2407 350 2427 ex
373 2398 435 2427 ulla
457 2398 511 2427 alia
536 2398 699 2437 provincia.
724 2398 895 2437 Propterea,
919 2408 985 2427 cnm

245 2457 296 2487 pro
312 2452 393 2487 parte
409 2447 538 2477 eiusdem
555 2452 671 2477 nostrae
695 2448 862 2486 provinciae
885 2448 986 2477 eadem

244 2496 328 2527 nobis
351 2497 439 2526 suerit
461 2496 535 2525 sacta
559 2497 799 2535 repraesentatio,
825 2501 852 2526 et
874 2497 988 2536 snppli-

243 2550 340 2575 catum
375 2550 406 2575 ut
434 2545 624 2583 dignaremur
648 2546 776 2584 praefata
800 2546 895 2576 omnia
919 2556 988 2576 con-

245 2595 362 2624 firmare
379 2594 486 2624 nostris
503 2594 607 2624 litteris
631 2594 808 2633 patentibus,
830 2601 857 2624 et
880 2595 988 2634 pariter

243 2644 315 2674 alias
331 2644 443 2674 litteras
460 2648 591 2683 patentes
608 2644 683 2673 circa
709 2644 798 2682 idem,
822 2649 850 2674 et
872 2644 901 2674 111
924 2645 987 2684 qui-

1017 299 1071 328 bus
1094 300 1180 329 etiam
1203 304 1325 330 cavetur
1354 309 1391 329 ne
1420 298 1617 329 commissarii
1645 307 1767 336 genera-

1018 348 1060 377 les
1083 348 1178 377 Novae
1202 349 1359 388 Hispaniae
1391 348 1544 378 detineant
1568 347 1683 377 vocales
1712 356 1765 377 seu

1019 402 1227 435 procuratores
1251 406 1265 426 a
1288 397 1368 427 dicta
1391 397 1543 436 provincia
1566 396 1682 433 missos,
1709 405 1766 426 nec

1020 454 1050 474 se
1075 445 1276 474 intromittant
1299 446 1328 474 in
1351 445 1547 483 eleemosynis
1575 445 1609 474 ad
1632 445 1765 474 eamdem

1020 493 1260 532 pertinentibus,
1284 502 1379 532 neque
1401 493 1429 522 in
1454 494 1583 531 negotiis
1606 498 1634 523 et
1656 494 1766 532 depen-

1019 542 1128 570 dentiis
1157 550 1280 580 quarum
1311 543 1401 571 causa
1424 542 1557 579 veniunt,
1578 546 1727 571 emanatas
1750 551 1766 571 a

1021 590 1294 628 praedecessoribus
1311 590 1421 619 nostris
1437 591 1598 619 reverendo
1620 595 1703 629 patre
1719 590 1767 620 lu-

1021 639 1100 668 liano
1134 639 1294 668 Chumillas
1327 638 1381 667 sub
1406 648 1472 668 xxix
1497 639 1673 678 septembris
1696 640 1767 669 anni

1022 688 1173 726 praeteriti
1196 696 1400 724 noctxxxvni,
1424 691 1452 716 et
1474 687 1597 726 Iosepho
1613 688 1690 718 Sunz
1712 688 1767 718 sub

1023 745 1091 766 xxv1
1113 736 1215 775 aprilis
1239 745 1390 773 110116Χ111,
1415 736 1617 766 confirmando
1649 741 1767 766 antece-

1022 785 1135 821 dentes,
1150 789 1178 814 et
1193 785 1280 814 aliam
1297 794 1311 813 a
1331 785 1408 814 dicto
1431 785 1680 815 reverendissimo
1693 785 1769 815 Chu-

1023 834 1119 863 millas
1136 833 1304 872 expeditam
1322 833 1370 863 die
1386 842 1475 862 xxvni
1493 833 1561 862 maii
1582 842 1767 872 MDCLxXth,

1023 883 1052 912 in
1078 893 1134 922 qua
1158 883 1275 913 ordinat
1291 887 1319 912 et
1336 882 1478 922 praecipit
1495 882 1581 912 dietis
1597 883 1770 912 reverendis

1024 932 1156 971 patribus
1198 931 1410 961 commissariis
1450 931 1638 969 generalibus
1672 932 1770 962 Novae

1024 982 1181 1020 Hispaniae
1205 990 1257 1020 pro
1281 985 1411 1020 tempore
1441 989 1478 1009 ne
1512 981 1623 1019 possint
1652 981 1770 1010 mittere

1024 1040 1077 1060 nec
1100 1030 1253 1060 nominare
1275 1030 1305 1059 in
1330 1029 1510 1059 visitatorem
1534 1029 1630 1059 dictae
1650 1029 1770 1068 provin-

1024 1080 1086 1109 ciae
1108 1079 1165 1109 nisi
1188 1088 1280 1109 unum
1303 1088 1337 1108 ex
1361 1079 1456 1108 tribus
1479 1079 1513 1108 ad
1537 1079 1615 1108 bunc
1632 1079 1769 1109 effectum

1025 1128 1222 1168 praesentatis
1238 1137 1251 1156 a
1269 1128 1433 1158 reverendo
1449 1127 1616 1158 definitorio
1637 1128 1771 1158 eiusdem

1025 1177 1194 1216 provinciae
1213 1187 1219 1206 1
1243 1177 1344 1215 igitur,
1370 1177 1580 1206 conformando
1603 1186 1656 1206 nos
1679 1177 1772 1207 dicta-

1025 1226 1095 1254 1111111
1120 1226 1266 1255 dictorum
1291 1226 1381 1255 trium
1404 1230 1625 1255 antecessorum
1654 1230 1772 1256 nostro-

1024 1284 1088 1304 rum
1112 1275 1231 1304 fundato
1264 1275 1293 1304 in
1327 1279 1428 1304 sancto
1461 1275 1539 1312 zelo,
1565 1274 1723 1313 prudentia
1744 1280 1773 1305 et

1025 1323 1193 1362 aequitate,
1218 1323 1327 1353 virtute
1362 1323 1574 1362 praesentium,
1599 1328 1626 1353 et
1658 1324 1687 1352 iu
1718 1324 1772 1354 hac

1026 1377 1107 1411 parte
1130 1376 1244 1401 utentes
1267 1376 1384 1401 nostrae
1409 1373 1559 1411 potestatis
1577 1372 1771 1411 plenitudine,

1025 1421 1238 1451 confirmamus
1266 1430 1368 1450 omnes
1397 1425 1528 1460 patentes
1554 1426 1582 1451 et
1612 1431 1700 1461 supra
1724 1432 1772 1451 ex-

1025 1480 1140 1510 pressas
1163 1471 1425 1500 determinationes
1451 1471 1496 1499 liis
1519 1470 1629 1500 nostris
1653 1480 1704 1510 pro
1727 1471 1773 1501 in-

1025 1519 1113 1549 sertis
1129 1519 1283 1557 habentes,
1302 1524 1329 1549 et
1345 1519 1440 1549 denuo
1456 1519 1628 1549 ordinamus
1643 1524 1672 1549 et
1688 1529 1773 1559 prae-

1025 1569 1151 1607 cipimus
1167 1578 1218 1608 per
1234 1572 1365 1598 sanctam
1389 1568 1597 1605 obedientiam,
1615 1569 1644 1598 in
1662 1569 1772 1600 virtute

1024 1617 1154 1656 Spiritus
1177 1617 1293 1653 Sancti,
1318 1621 1347 1646 et
1370 1617 1423 1646 sub
1451 1618 1548 1656 poena
1570 1619 1772 1648 excommuni-

1025 1665 1148 1694 cationis
1170 1665 1289 1695 maioris
1312 1665 1388 1695 latae
1410 1666 1574 1695 sententiae
1607 1666 1670 1705 ipso
1699 1667 1773 1697 facto

1026 1714 1223 1751 incurrendo,
1263 1714 1424 1744 reverendo
1461 1715 1536 1753 patri
1570 1715 1774 1747 commissario

1026 1763 1160 1801 generali
1177 1763 1318 1792 moderno
1340 1768 1368 1793 et
1392 1773 1443 1802 pro
1465 1769 1608 1803 tempore,
1627 1770 1658 1794 ut
1681 1766 1775 1796 nulla-

1028 1817 1112 1842 tenus
1135 1812 1251 1842 mittere
1270 1812 1396 1842 audeant
1411 1813 1446 1842 ad
1462 1813 1568 1843 dietam
1593 1815 1774 1853 provinciam

1027 1862 1263 1900 l'liilippinarum
1287 1861 1468 1891 visitatorem
1494 1872 1528 1892 ex
1545 1863 1653 1899 aliena,
1677 1873 1774 1903 neque

1027 1911 1137 1948 eligant
1161 1910 1205 1940 vel
1229 1911 1383 1940 nominent
1406 1920 1439 1939 ex
1464 1911 1565 1940 eadem
1585 1912 1674 1941 alium
1691 1922 1776 1951 prae-

1028 1964 1073 1988 ter
1096 1963 1155 1988 tres
1178 1968 1193 1987 a
1216 1968 1268 1988 suo
1292 1959 1458 1989 definitorio
1486 1960 1653 1998 propositos
1675 1961 1710 1990 ad
1733 1962 1776 1991 vi-

1027 2008 1219 2043 sitationem,
1250 2018 1283 2037 eo
1317 2008 1402 2037 modo
1436 2019 1492 2047 quo
1526 2014 1714 2048 praeceptum
1747 2014 1776 2041 et

1028 2058 1232 2086 confirmatum
1255 2057 1310 2086 fnit
1333 2066 1346 2085 a
1370 2057 1457 2086 dictis
1489 2058 1658 2087 reverendis
1691 2068 1776 2097 prae-

1028 2105 1233 2135 decessoribus
1255 2106 1365 2135 nostris
1388 2106 1598 2135 commissoriis
1631 2108 1776 2145 generali-

1028 2154 1082 2183 bus
1106 2154 1271 2191 indiarum3
1296 2159 1323 2184 et
1345 2154 1481 2184 similiter
1504 2155 1712 2194 praecipimus,
1737 2166 1774 2186 ne

1028 2203 1179 2233 detineant
1202 2204 1316 2233 vocales
1339 2208 1367 2233 et
1390 2209 1595 2243 procuratores
1622 2205 1727 2235 missos
1758 2215 1773 2235 a

1029 2253 1108 2282 dieta
1125 2253 1288 2291 provincia,
1306 2262 1379 2282 neve
1401 2262 1430 2281 se
1454 2253 1653 2283 intromittant
1675 2254 1704 2283 in
1727 2263 1777 2284 eo-

1029 2310 1094 2330 rum
1123 2301 1344 2339 eleemosynis,
1370 2311 1464 2340 neque
1498 2302 1526 2331 in
1560 2302 1685 2340 negotiis
1718 2303 1775 2333 sibi

1029 2351 1196 2380 commissis
1212 2361 1219 2386 ς
1237 2350 1287 2380 sed
1312 2351 1409 2389 potins
1432 2351 1602 2380 ordinamus
1624 2355 1653 2381 et
1675 2361 1776 2381 mone-

1030 2410 1104 2434 mus,
1130 2404 1161 2429 ut
1192 2409 1257 2429 eum
1293 2400 1372 2428 omni
1405 2399 1606 2437 benignitate,
1629 2400 1776 2430 charitate

1029 2454 1057 2478 et
1091 2449 1226 2486 religiosa
1260 2448 1432 2478 all'abilitate
1461 2448 1540 2487 ipsos
1569 2449 1714 2488 recipiant
1747 2454 1776 2479 et

1031 2502 1176 2535 tractent,
1201 2497 1372 2536 eisdemque
1394 2497 1532 2526 assistant
1554 2501 1582 2526 et
1606 2498 1723 2527 faveant
1745 2498 1775 2527 in

1030 2546 1166 2576 omnibns
1189 2545 1365 2575 necessariis
1388 2545 1422 2575 ad
1440 2555 1542 2575 eorum
1559 2546 1775 2585 expeditionem

1031 2600 1058 2624 et
1082 2595 1306 2625 conductionem
1331 2595 1358 2624 in
1384 2595 1429 2624 his
1452 2595 1614 2634 quaeipsis
1632 2604 1777 2634 exposue-

1030 2644 1107 2681 rint3
1131 2644 1269 2683 qnoniam
1293 2644 1330 2674 ita
1354 2644 1491 2674 convenit
1523 2645 1557 2674 ad
1590 2644 1699 2675 bonum
1723 2655 1777 2684 gu-

1668 240 1734 274 487
1780 250 1832 276 An.
1848 249 1879 277 c.
1897 249 1965 277 1733
