<?xml version="1.0" encoding="UTF-8"?>
<!DOCTYPE html PUBLIC "-//W3C//DTD XHTML 1.0 Transitional//EN"
    "http://www.w3.org/TR/xhtml1/DTD/xhtml1-transitional.dtd">
<html xmlns="http://www.w3.org/1999/xhtml" xml:lang="en" lang="en">
 <head>
  <title>
</title>
<meta http-equiv="Content-Type" content="text/html;charset=utf-8" />
  <meta name='ocr-system' content='tesseract 3.04.00' />
  <meta name='ocr-capabilities' content='ocr_page ocr_carea ocr_par ocr_line ocrx_word'/>
</head>
<body>
  <div class='ocr_page' id='page_1' title='image "./bullarumdiplomat23cath_0567.png"; bbox 0 0 2182 3137; ppageno 0'>
   <div class='ocr_carea' id='block_1_1' title="bbox 232 203 998 672">
    <p class='ocr_par' dir='ltr' id='par_1_1' title="bbox 232 203 998 672">
     <span class='ocr_line' id='line_1_1' title="bbox 844 203 985 230; baseline 0.007 -1"><span class='ocrx_word' id='word_1_1' title='bbox 844 203 985 230; x_wconf 70' lang='lat' dir='ltr'><strong>CLEMENS</strong></span> 
     </span>
     <span class='ocr_line' id='line_1_2' title="bbox 232 251 977 297; baseline 0 -12"><span class='ocrx_word' id='word_1_2' title='bbox 232 254 362 296; x_wconf 87' lang='lat' dir='ltr'>quando</span> <span class='ocrx_word' id='word_1_3' title='bbox 401 254 433 286; x_wconf 91' lang='lat' dir='ltr'>in</span> <span class='ocrx_word' id='word_1_4' title='bbox 471 253 578 297; x_wconf 75' lang='lat' dir='ltr'>aliqua</span> <span class='ocrx_word' id='word_1_5' title='bbox 603 251 769 296; x_wconf 78' lang='lat' dir='ltr'>provincia</span> <span class='ocrx_word' id='word_1_6' title='bbox 794 251 977 295; x_wconf 81' lang='lat' dir='ltr'>Congrega-</span> 
     </span>
     <span class='ocr_line' id='line_1_3' title="bbox 232 306 998 351; baseline -0.001 -12"><span class='ocrx_word' id='word_1_7' title='bbox 232 307 331 340; x_wconf 90' lang='lat' dir='ltr'>tionis</span> <span class='ocrx_word' id='word_1_8' title='bbox 356 307 468 340; x_wconf 86' lang='lat' dir='ltr'>ltaliae</span> <span class='ocrx_word' id='word_1_9' title='bbox 500 307 684 351; x_wconf 86' lang='lat' dir='ltr'>reperietur</span> <span class='ocrx_word' id='word_1_10' title='bbox 718 307 818 339; x_wconf 82' lang='lat' dir='ltr'>frater</span> <span class='ocrx_word' id='word_1_11' title='bbox 840 306 998 349; x_wconf 40' lang='lat' dir='ltr'>Congrem</span> 
     </span>
     <span class='ocr_line' id='line_1_4' title="bbox 233 359 975 403; baseline -0.003 -10"><span class='ocrx_word' id='word_1_12' title='bbox 233 360 376 403; x_wconf 80' lang='lat' dir='ltr'>gationis</span> <span class='ocrx_word' id='word_1_13' title='bbox 394 359 634 403; x_wconf 76' lang='lat' dir='ltr'>Hispaniarum,</span> <span class='ocrx_word' id='word_1_14' title='bbox 652 359 839 403; x_wconf 74' lang='lat' dir='ltr'>superiores</span> <span class='ocrx_word' id='word_1_15' title='bbox 855 359 975 392; x_wconf 80' lang='lat' dir='ltr'>locales·</span> 
     </span>
     <span class='ocr_line' id='line_1_5' title="bbox 232 413 978 457; baseline -0.001 -11"><span class='ocrx_word' id='word_1_16' title='bbox 232 413 263 446; x_wconf 93' lang='lat' dir='ltr'>id</span> <span class='ocrx_word' id='word_1_17' title='bbox 312 414 552 457; x_wconf 79' lang='lat' dir='ltr'>quamprimum</span> <span class='ocrx_word' id='word_1_18' title='bbox 601 413 790 447; x_wconf 85' lang='lat' dir='ltr'>renuntiare</span> <span class='ocrx_word' id='word_1_19' title='bbox 839 413 978 446; x_wconf 86' lang='lat' dir='ltr'>debeant</span> 
     </span>
     <span class='ocr_line' id='line_1_6' title="bbox 233 467 976 511; baseline 0.001 -12"><span class='ocrx_word' id='word_1_20' title='bbox 233 467 335 510; x_wconf 79' lang='lat' dir='ltr'>priori</span> <span class='ocrx_word' id='word_1_21' title='bbox 362 469 412 501; x_wconf 83' lang='lat' dir='ltr'>vel</span> <span class='ocrx_word' id='word_1_22' title='bbox 434 468 638 511; x_wconf 68' lang='lat' dir='ltr'>procuratori</span> <span class='ocrx_word' id='word_1_23' title='bbox 657 467 803 511; x_wconf 83' lang='lat' dir='ltr'>generali</span> <span class='ocrx_word' id='word_1_24' title='bbox 831 467 976 500; x_wconf 89' lang='lat' dir='ltr'>eiusdem</span> 
     </span>
     <span class='ocr_line' id='line_1_7' title="bbox 233 521 974 565; baseline -0.003 -11"><span class='ocrx_word' id='word_1_25' title='bbox 233 521 504 564; x_wconf 81' lang='lat' dir='ltr'>Congregationis</span> <span class='ocrx_word' id='word_1_26' title='bbox 522 521 764 565; x_wconf 76' lang='lat' dir='ltr'>Hispaniarum,</span> <span class='ocrx_word' id='word_1_27' title='bbox 785 526 818 552; x_wconf 87' lang='lat' dir='ltr'>ut</span> <span class='ocrx_word' id='word_1_28' title='bbox 836 521 869 552; x_wconf 91' lang='lat' dir='ltr'>in</span> <span class='ocrx_word' id='word_1_29' title='bbox 887 531 974 561; x_wconf 88' lang='lat' dir='ltr'>eum,</span> 
     </span>
     <span class='ocr_line' id='line_1_8' title="bbox 233 574 977 615; baseline 0.001 -9"><span class='ocrx_word' id='word_1_30' title='bbox 233 574 258 606; x_wconf 88' lang='lat' dir='ltr'>si</span> <span class='ocrx_word' id='word_1_31' title='bbox 295 574 432 608; x_wconf 87' lang='lat' dir='ltr'>alicuius</span> <span class='ocrx_word' id='word_1_32' title='bbox 464 575 575 608; x_wconf 76' lang='lat' dir='ltr'>delicti</span> <span class='ocrx_word' id='word_1_33' title='bbox 613 585 688 608; x_wconf 88' lang='lat' dir='ltr'>reus</span> <span class='ocrx_word' id='word_1_34' title='bbox 726 574 842 615; x_wconf 87' lang='lat' dir='ltr'>suerit,</span> <span class='ocrx_word' id='word_1_35' title='bbox 868 574 977 607; x_wconf 87' lang='lat' dir='ltr'>debite</span> 
     </span>
     <span class='ocr_line' id='line_1_9' title="bbox 233 627 589 672; baseline 0 -12"><span class='ocrx_word' id='word_1_36' title='bbox 233 627 449 661; x_wconf 88' lang='lat' dir='ltr'>animadverti</span> <span class='ocrx_word' id='word_1_37' title='bbox 475 628 589 672; x_wconf 86' lang='lat' dir='ltr'>possit.</span> 
     </span>
    </p>
   </div>
   <div class='ocr_carea' id='block_1_2' title="bbox 41 204 221 243">
    <p class='ocr_par' dir='ltr' id='par_1_2' title="bbox 41 204 221 243">
     <span class='ocr_line' id='line_1_10' title="bbox 41 204 221 243; baseline -0.022 -7"><span class='ocrx_word' id='word_1_38' title='bbox 41 209 88 243; x_wconf 57' lang='lat' dir='ltr'>Aa.</span> <span class='ocrx_word' id='word_1_39' title='bbox 108 205 136 234; x_wconf 89' lang='lat' dir='ltr'>c.</span> <span class='ocrx_word' id='word_1_40' title='bbox 155 204 221 233; x_wconf 76' lang='lat'><strong>¹733</strong></span> 
     </span>
    </p>
   </div>
   <div class='ocr_carea' id='block_1_3' title="bbox 39 681 980 779">
    <p class='ocr_par' dir='ltr' id='par_1_3' title="bbox 39 681 980 779">
     <span class='ocr_line' id='line_1_11' title="bbox 105 681 979 726; baseline 0.002 -13"><span class='ocrx_word' id='word_1_41' title='bbox 105 692 221 713; x_wconf 52' lang='lat' dir='ltr'>animno</span> <span class='ocrx_word' id='word_1_42' title='bbox 278 682 292 724; x_wconf 64' lang='grc' dir='ltr'><strong>ἓ</strong></span> <span class='ocrx_word' id='word_1_43' title='bbox 318 681 349 715; x_wconf 85' lang='grc'>5.</span> <span class='ocrx_word' id='word_1_44' title='bbox 378 682 605 723; x_wconf 85' lang='lat' dir='ltr'>Decernentes‚</span> <span class='ocrx_word' id='word_1_45' title='bbox 631 682 762 716; x_wconf 88' lang='lat' dir='ltr'>easdem</span> <span class='ocrx_word' id='word_1_46' title='bbox 787 687 979 726; x_wconf 79' lang='lat' dir='ltr'>praesentes</span> 
     </span>
     <span class='ocr_line' id='line_1_12' title="bbox 39 721 980 779; baseline -0.001 -9"><span class='ocrx_word' id='word_1_47' title='bbox 39 721 359 770; x_wconf 45' lang='lat' dir='ltr'>&#39;v&#39;t-&#39;i&#39;fssii&#39;if&#39;u&#39;nh‘&#39;litteras</span> <span class='ocrx_word' id='word_1_48' title='bbox 385 745 515 779; x_wconf 88' lang='lat' dir='ltr'>semper</span> <span class='ocrx_word' id='word_1_49' title='bbox 540 735 667 776; x_wconf 81' lang='lat' dir='ltr'>firmas,</span> <span class='ocrx_word' id='word_1_50' title='bbox 697 736 820 769; x_wconf 87' lang='lat' dir='ltr'>validas</span> <span class='ocrx_word' id='word_1_51' title='bbox 857 742 888 769; x_wconf 91' lang='lat' dir='ltr'>et</span> <span class='ocrx_word' id='word_1_52' title='bbox 913 736 980 769; x_wconf 83' lang='lat' dir='ltr'>effi-</span> 
     </span>
    </p>
   </div>
   <div class='ocr_carea' id='block_1_4' title="bbox 232 789 984 2390">
    <p class='ocr_par' dir='ltr' id='par_1_4' title="bbox 232 789 980 1367">
     <span class='ocr_line' id='line_1_13' title="bbox 233 789 980 834; baseline 0 -12"><span class='ocrx_word' id='word_1_53' title='bbox 233 800 325 823; x_wconf 87' lang='lat' dir='ltr'>caces</span> <span class='ocrx_word' id='word_1_54' title='bbox 352 789 492 823; x_wconf 76' lang='lat' dir='ltr'>existere</span> <span class='ocrx_word' id='word_1_55' title='bbox 518 795 548 823; x_wconf 90' lang='lat' dir='ltr'>et</span> <span class='ocrx_word' id='word_1_56' title='bbox 573 790 663 830; x_wconf 87' lang='lat' dir='ltr'>sore,</span> <span class='ocrx_word' id='word_1_57' title='bbox 697 800 840 834; x_wconf 85' lang='lat' dir='ltr'>suosque</span> <span class='ocrx_word' id='word_1_58' title='bbox 866 791 980 834; x_wconf 89' lang='lat' dir='ltr'>plena-</span> 
     </span>
     <span class='ocr_line' id='line_1_14' title="bbox 232 842 979 886; baseline -0.001 -9"><span class='ocrx_word' id='word_1_59' title='bbox 232 843 298 878; x_wconf 90' lang='lat' dir='ltr'>rios</span> <span class='ocrx_word' id='word_1_60' title='bbox 325 848 357 876; x_wconf 88' lang='lat' dir='ltr'>et</span> <span class='ocrx_word' id='word_1_61' title='bbox 381 842 527 886; x_wconf 77' lang='lat' dir='ltr'>integros</span> <span class='ocrx_word' id='word_1_62' title='bbox 554 843 686 877; x_wconf 82' lang='lat' dir='ltr'>effectus</span> <span class='ocrx_word' id='word_1_63' title='bbox 712 843 823 877; x_wconf 85' lang='lat' dir='ltr'>sortiri</span> <span class='ocrx_word' id='word_1_64' title='bbox 851 849 882 877; x_wconf 91' lang='lat' dir='ltr'>et</span> <span class='ocrx_word' id='word_1_65' title='bbox 899 843 979 877; x_wconf 90' lang='lat' dir='ltr'>obti-</span> 
     </span>
     <span class='ocr_line' id='line_1_15' title="bbox 232 897 980 941; baseline 0 -11"><span class='ocrx_word' id='word_1_66' title='bbox 232 907 332 937; x_wconf 88' lang='lat' dir='ltr'>nere,</span> <span class='ocrx_word' id='word_1_67' title='bbox 361 907 396 930; x_wconf 91' lang='lat' dir='ltr'>ac</span> <span class='ocrx_word' id='word_1_68' title='bbox 422 897 461 929; x_wconf 89' lang='lat' dir='ltr'>ab</span> <span class='ocrx_word' id='word_1_69' title='bbox 487 897 573 937; x_wconf 90' lang='lat' dir='ltr'>illis,</span> <span class='ocrx_word' id='word_1_70' title='bbox 604 898 643 930; x_wconf 91' lang='lat' dir='ltr'>ad</span> <span class='ocrx_word' id='word_1_71' title='bbox 679 909 762 941; x_wconf 83' lang='lat' dir='ltr'>quos</span> <span class='ocrx_word' id='word_1_72' title='bbox 799 903 924 941; x_wconf 85' lang='lat' dir='ltr'>spectat</span> <span class='ocrx_word' id='word_1_73' title='bbox 950 903 980 930; x_wconf 88' lang='lat' dir='ltr'>et</span> 
     </span>
     <span class='ocr_line' id='line_1_16' title="bbox 233 951 980 994; baseline 0.001 -12"><span class='ocrx_word' id='word_1_74' title='bbox 233 960 292 993; x_wconf 90' lang='lat' dir='ltr'>pro</span> <span class='ocrx_word' id='word_1_75' title='bbox 335 956 484 994; x_wconf 85' lang='lat' dir='ltr'>tempore</span> <span class='ocrx_word' id='word_1_76' title='bbox 523 951 707 994; x_wconf 76' lang='lat' dir='ltr'>spectabit,</span> <span class='ocrx_word' id='word_1_77' title='bbox 750 951 980 985; x_wconf 82' lang='lat' dir='ltr'>inviolabiliter</span> 
     </span>
     <span class='ocr_line' id='line_1_17' title="bbox 233 1002 980 1048; baseline -0.001 -10"><span class='ocrx_word' id='word_1_78' title='bbox 233 1002 424 1044; x_wconf 87' lang='lat' dir='ltr'>observari,</span> <span class='ocrx_word' id='word_1_79' title='bbox 462 1003 573 1047; x_wconf 90' lang='lat' dir='ltr'>sicque</span> <span class='ocrx_word' id='word_1_80' title='bbox 611 1004 644 1036; x_wconf 91' lang='lat' dir='ltr'>in</span> <span class='ocrx_word' id='word_1_81' title='bbox 682 1004 894 1048; x_wconf 81' lang='lat' dir='ltr'>praemissis,</span> <span class='ocrx_word' id='word_1_82' title='bbox 921 1015 980 1048; x_wconf 86' lang='lat' dir='ltr'>per</span> 
     </span>
     <span class='ocr_line' id='line_1_18' title="bbox 234 1056 980 1100; baseline 0.003 -12"><span class='ocrx_word' id='word_1_83' title='bbox 234 1067 459 1100; x_wconf 85' lang='lat' dir='ltr'>quoscumque</span> <span class='ocrx_word' id='word_1_84' title='bbox 484 1056 610 1090; x_wconf 89' lang='lat' dir='ltr'>iudices</span> <span class='ocrx_word' id='word_1_85' title='bbox 627 1056 812 1090; x_wconf 86' lang='lat' dir='ltr'>ordinarios</span> <span class='ocrx_word' id='word_1_86' title='bbox 839 1062 869 1090; x_wconf 89' lang='lat' dir='ltr'>et</span> <span class='ocrx_word' id='word_1_87' title='bbox 896 1057 980 1090; x_wconf 86' lang='lat' dir='ltr'>dele-</span> 
     </span>
     <span class='ocr_line' id='line_1_19' title="bbox 234 1109 978 1155; baseline 0.001 -13"><span class='ocrx_word' id='word_1_88' title='bbox 234 1115 335 1154; x_wconf 82' lang='lat' dir='ltr'>gatos,</span> <span class='ocrx_word' id='word_1_89' title='bbox 362 1109 458 1143; x_wconf 86' lang='lat' dir='ltr'>etiam</span> <span class='ocrx_word' id='word_1_90' title='bbox 486 1121 656 1143; x_wconf 85' lang='lat' dir='ltr'>causarum</span> <span class='ocrx_word' id='word_1_91' title='bbox 677 1111 786 1154; x_wconf 89' lang='lat' dir='ltr'>palatii</span> <span class='ocrx_word' id='word_1_92' title='bbox 806 1110 978 1155; x_wconf 86' lang='lat' dir='ltr'>apostolici</span> 
     </span>
     <span class='ocr_line' id='line_1_20' title="bbox 234 1163 977 1205; baseline -0.001 -7"><span class='ocrx_word' id='word_1_93' title='bbox 234 1163 423 1205; x_wconf 78' lang='lat' dir='ltr'>auditores,</span> <span class='ocrx_word' id='word_1_94' title='bbox 448 1164 587 1197; x_wconf 86' lang='lat' dir='ltr'>iudicari</span> <span class='ocrx_word' id='word_1_95' title='bbox 615 1170 646 1198; x_wconf 90' lang='lat' dir='ltr'>et</span> <span class='ocrx_word' id='word_1_96' title='bbox 672 1164 799 1197; x_wconf 79' lang='lat' dir='ltr'>definiri</span> <span class='ocrx_word' id='word_1_97' title='bbox 837 1165 977 1203; x_wconf 85' lang='lat' dir='ltr'>debere,</span> 
     </span>
     <span class='ocr_line' id='line_1_21' title="bbox 234 1217 979 1261; baseline 0 -11"><span class='ocrx_word' id='word_1_98' title='bbox 234 1228 270 1250; x_wconf 91' lang='lat' dir='ltr'>ac</span> <span class='ocrx_word' id='word_1_99' title='bbox 295 1217 422 1250; x_wconf 88' lang='lat' dir='ltr'>irritum</span> <span class='ocrx_word' id='word_1_100' title='bbox 450 1222 482 1250; x_wconf 93' lang='lat' dir='ltr'>et</span> <span class='ocrx_word' id='word_1_101' title='bbox 507 1217 603 1251; x_wconf 89' lang='lat' dir='ltr'>inane</span> <span class='ocrx_word' id='word_1_102' title='bbox 636 1218 661 1250; x_wconf 92' lang='lat' dir='ltr'>si</span> <span class='ocrx_word' id='word_1_103' title='bbox 687 1228 779 1251; x_wconf 89' lang='lat' dir='ltr'>secus</span> <span class='ocrx_word' id='word_1_104' title='bbox 804 1228 904 1261; x_wconf 87' lang='lat' dir='ltr'>super</span> <span class='ocrx_word' id='word_1_105' title='bbox 929 1218 979 1251; x_wconf 79' lang='lat' dir='ltr'>liis</span> 
     </span>
     <span class='ocr_line' id='line_1_22' title="bbox 234 1271 980 1314; baseline 0.001 -11"><span class='ocrx_word' id='word_1_106' title='bbox 234 1280 251 1303; x_wconf 86' lang='lat' dir='ltr'>a</span> <span class='ocrx_word' id='word_1_107' title='bbox 277 1281 451 1314; x_wconf 89' lang='lat' dir='ltr'>quoquam,</span> <span class='ocrx_word' id='word_1_108' title='bbox 471 1271 585 1314; x_wconf 81' lang='lat' dir='ltr'>quavis</span> <span class='ocrx_word' id='word_1_109' title='bbox 611 1271 816 1311; x_wconf 87' lang='lat' dir='ltr'>auctoritate,</span> <span class='ocrx_word' id='word_1_110' title='bbox 838 1271 980 1305; x_wconf 85' lang='lat' dir='ltr'>scienter</span> 
     </span>
     <span class='ocr_line' id='line_1_23' title="bbox 234 1324 910 1367; baseline 0 -9"><span class='ocrx_word' id='word_1_111' title='bbox 234 1326 284 1358; x_wconf 90' lang='lat' dir='ltr'>vel</span> <span class='ocrx_word' id='word_1_112' title='bbox 310 1324 512 1367; x_wconf 73' lang='lat' dir='ltr'>ignoranter,</span> <span class='ocrx_word' id='word_1_113' title='bbox 540 1324 718 1367; x_wconf 83' lang='lat' dir='ltr'>contigerit</span> <span class='ocrx_word' id='word_1_114' title='bbox 743 1325 910 1358; x_wconf 89' lang='lat' dir='ltr'>attentari.</span> 
     </span>
    </p>

    <p class='ocr_par' dir='ltr' id='par_1_5' title="bbox 234 1377 984 2390">
     <span class='ocr_line' id='line_1_24' title="bbox 279 1377 979 1422; baseline 0.001 -11"><span class='ocrx_word' id='word_1_115' title='bbox 279 1378 293 1421; x_wconf 65' lang='grc' dir='ltr'><strong>ἓ</strong></span> <span class='ocrx_word' id='word_1_116' title='bbox 319 1378 350 1411; x_wconf 87' lang='grc'>6.</span> <span class='ocrx_word' id='word_1_117' title='bbox 378 1377 448 1411; x_wconf 89' lang='lat' dir='ltr'>Non</span> <span class='ocrx_word' id='word_1_118' title='bbox 466 1377 682 1420; x_wconf 80' lang='lat' dir='ltr'>obstantibus,</span> <span class='ocrx_word' id='word_1_119' title='bbox 701 1379 807 1422; x_wconf 90' lang='lat' dir='ltr'>quoad</span> <span class='ocrx_word' id='word_1_120' title='bbox 835 1389 870 1411; x_wconf 90' lang='lat' dir='ltr'>ea</span> <span class='ocrx_word' id='word_1_121' title='bbox 896 1390 979 1422; x_wconf 88' lang='lat' dir='ltr'>quae</span> 
     </span>
     <span class='ocr_line' id='line_1_25' title="bbox 234 1431 980 1476; baseline 0.003 -12"><span class='ocrx_word' id='word_1_122' title='bbox 234 1431 465 1476; x_wconf 87' lang='lat' dir='ltr'>praesentibus</span> <span class='ocrx_word' id='word_1_123' title='bbox 508 1431 745 1472; x_wconf 77' lang='lat' dir='ltr'>adversantur,</span> <span class='ocrx_word' id='word_1_124' title='bbox 777 1433 980 1476; x_wconf 78' lang='lat' dir='ltr'>&#39;supradictis</span> 
     </span>
     <span class='ocr_line' id='line_1_26' title="bbox 235 1485 979 1530; baseline 0.001 -11"><span class='ocrx_word' id='word_1_125' title='bbox 235 1485 355 1519; x_wconf 90' lang='lat' dir='ltr'>Urbani</span> <span class='ocrx_word' id='word_1_126' title='bbox 382 1485 648 1529; x_wconf 79' lang='lat' dir='ltr'>praedecessoris</span> <span class='ocrx_word' id='word_1_127' title='bbox 675 1485 803 1527; x_wconf 88' lang='lat' dir='ltr'>litteris,</span> <span class='ocrx_word' id='word_1_128' title='bbox 830 1497 875 1526; x_wconf 80' lang='lat' dir='ltr'>ae,</span> <span class='ocrx_word' id='word_1_129' title='bbox 903 1498 979 1530; x_wconf 89' lang='lat' dir='ltr'>qua-</span> 
     </span>
     <span class='ocr_line' id='line_1_27' title="bbox 237 1540 978 1583; baseline 0.001 -10"><span class='ocrx_word' id='word_1_130' title='bbox 237 1547 331 1574; x_wconf 87' lang='lat' dir='ltr'>tenus</span> <span class='ocrx_word' id='word_1_131' title='bbox 367 1550 450 1583; x_wconf 87' lang='lat' dir='ltr'>opus</span> <span class='ocrx_word' id='word_1_132' title='bbox 477 1540 536 1580; x_wconf 87' lang='lat' dir='ltr'>sit,</span> <span class='ocrx_word' id='word_1_133' title='bbox 568 1540 763 1573; x_wconf 87' lang='lat' dir='ltr'>recolendae</span> <span class='ocrx_word' id='word_1_134' title='bbox 801 1541 978 1574; x_wconf 84' lang='lat' dir='ltr'>memoriae</span> 
     </span>
     <span class='ocr_line' id='line_1_28' title="bbox 236 1593 979 1637; baseline 0.001 -10"><span class='ocrx_word' id='word_1_135' title='bbox 236 1593 419 1627; x_wconf 90' lang='lat' dir='ltr'>Innocentii</span> <span class='ocrx_word' id='word_1_136' title='bbox 448 1593 508 1626; x_wconf 87' lang='lat' dir='ltr'>PP.</span> <span class='ocrx_word' id='word_1_137' title='bbox 539 1593 591 1625; x_wconf 74' lang='lat' dir='ltr'>Xll</span> <span class='ocrx_word' id='word_1_138' title='bbox 619 1593 716 1626; x_wconf 87' lang='lat' dir='ltr'>ctiam</span> <span class='ocrx_word' id='word_1_139' title='bbox 745 1594 979 1637; x_wconf 85' lang='lat' dir='ltr'>praedecesso-</span> 
     </span>
     <span class='ocr_line' id='line_1_29' title="bbox 234 1647 980 1691; baseline -0.001 -10"><span class='ocrx_word' id='word_1_140' title='bbox 234 1648 280 1681; x_wconf 86' lang='lat' dir='ltr'>ris</span> <span class='ocrx_word' id='word_1_141' title='bbox 299 1647 398 1681; x_wconf 89' lang='lat' dir='ltr'>nostri</span> <span class='ocrx_word' id='word_1_142' title='bbox 420 1656 518 1691; x_wconf 87' lang='lat' dir='ltr'>super</span> <span class='ocrx_word' id='word_1_143' title='bbox 541 1647 768 1680; x_wconf 85' lang='lat' dir='ltr'>moderatione</span> <span class='ocrx_word' id='word_1_144' title='bbox 790 1647 980 1681; x_wconf 83' lang='lat' dir='ltr'>facultatum</span> 
     </span>
     <span class='ocr_line' id='line_1_30' title="bbox 235 1700 980 1745; baseline -0.001 -10"><span class='ocrx_word' id='word_1_145' title='bbox 235 1706 455 1745; x_wconf 84' lang='lat' dir='ltr'>protectorum</span> <span class='ocrx_word' id='word_1_146' title='bbox 483 1700 638 1733; x_wconf 88' lang='lat' dir='ltr'>Ordinum</span> <span class='ocrx_word' id='word_1_147' title='bbox 666 1701 877 1743; x_wconf 79' lang='lat' dir='ltr'>regularium,</span> <span class='ocrx_word' id='word_1_148' title='bbox 898 1701 980 1734; x_wconf 91' lang='lat' dir='ltr'>aliis-</span> 
     </span>
     <span class='ocr_line' id='line_1_31' title="bbox 235 1754 979 1799; baseline 0 -12"><span class='ocrx_word' id='word_1_149' title='bbox 235 1765 297 1799; x_wconf 91' lang='lat' dir='ltr'>que</span> <span class='ocrx_word' id='word_1_150' title='bbox 318 1754 608 1787; x_wconf 84' lang='lat' dir='ltr'>constitutionibus</span> <span class='ocrx_word' id='word_1_151' title='bbox 646 1760 678 1788; x_wconf 88' lang='lat' dir='ltr'>et</span> <span class='ocrx_word' id='word_1_152' title='bbox 714 1755 979 1788; x_wconf 87' lang='lat' dir='ltr'>ordinationibus</span> 
     </span>
     <span class='ocr_line' id='line_1_32' title="bbox 236 1808 979 1853; baseline 0 -11"><span class='ocrx_word' id='word_1_153' title='bbox 236 1808 436 1853; x_wconf 85' lang='lat' dir='ltr'>apostolicis,</span> <span class='ocrx_word' id='word_1_154' title='bbox 455 1819 583 1842; x_wconf 87' lang='lat' dir='ltr'>necnon</span> <span class='ocrx_word' id='word_1_155' title='bbox 598 1808 821 1852; x_wconf 75' lang='lat' dir='ltr'>praefatorum</span> <span class='ocrx_word' id='word_1_156' title='bbox 838 1808 979 1849; x_wconf 46' lang='lat' dir='ltr'>Ordinis</span> 
     </span>
     <span class='ocr_line' id='line_1_33' title="bbox 236 1862 980 1906; baseline 0 -10"><span class='ocrx_word' id='word_1_157' title='bbox 236 1862 534 1906; x_wconf 83' lang='lat' dir='ltr'>Congregationum</span> <span class='ocrx_word' id='word_1_158' title='bbox 552 1867 583 1895; x_wconf 89' lang='lat' dir='ltr'>et</span> <span class='ocrx_word' id='word_1_159' title='bbox 597 1862 852 1906; x_wconf 86' lang='lat' dir='ltr'>provinciarum,</span> <span class='ocrx_word' id='word_1_160' title='bbox 869 1863 980 1897; x_wconf 88' lang='lat' dir='ltr'>aliisve</span> 
     </span>
     <span class='ocr_line' id='line_1_34' title="bbox 237 1916 983 1960; baseline 0.001 -11"><span class='ocrx_word' id='word_1_161' title='bbox 237 1916 427 1960; x_wconf 86' lang='lat' dir='ltr'>quibusvis,</span> <span class='ocrx_word' id='word_1_162' title='bbox 456 1916 551 1949; x_wconf 89' lang='lat' dir='ltr'>ctiam</span> <span class='ocrx_word' id='word_1_163' title='bbox 578 1916 783 1956; x_wconf 85' lang='lat' dir='ltr'>iuramento,</span> <span class='ocrx_word' id='word_1_164' title='bbox 811 1916 983 1950; x_wconf 81' lang='lat' dir='ltr'>confirma·</span> 
     </span>
     <span class='ocr_line' id='line_1_35' title="bbox 238 1969 981 2014; baseline 0 -11"><span class='ocrx_word' id='word_1_165' title='bbox 238 1973 326 2004; x_wconf 89' lang='lat' dir='ltr'>tione</span> <span class='ocrx_word' id='word_1_166' title='bbox 363 1969 560 2014; x_wconf 68' lang='lat' dir='ltr'>apostolic-21,</span> <span class='ocrx_word' id='word_1_167' title='bbox 588 1970 638 2002; x_wconf 85' lang='lat' dir='ltr'>vel</span> <span class='ocrx_word' id='word_1_168' title='bbox 677 1970 791 2013; x_wconf 88' lang='lat' dir='ltr'>quavis</span> <span class='ocrx_word' id='word_1_169' title='bbox 828 1969 981 2004; x_wconf 74' lang='lat' dir='ltr'>firmitate</span> 
     </span>
     <span class='ocr_line' id='line_1_36' title="bbox 237 2023 982 2063; baseline -0.001 -6"><span class='ocrx_word' id='word_1_170' title='bbox 237 2024 298 2058; x_wconf 77' lang='lat' dir='ltr'>alia</span> <span class='ocrx_word' id='word_1_171' title='bbox 324 2023 504 2063; x_wconf 85' lang='lat' dir='ltr'>roboratis,</span> <span class='ocrx_word' id='word_1_172' title='bbox 524 2023 653 2056; x_wconf 88' lang='lat' dir='ltr'>statutis</span> <span class='ocrx_word' id='word_1_173' title='bbox 681 2029 711 2056; x_wconf 90' lang='lat' dir='ltr'>et</span> <span class='ocrx_word' id='word_1_174' title='bbox 736 2024 982 2057; x_wconf 87' lang='lat' dir='ltr'>consuetudini-</span> 
     </span>
     <span class='ocr_line' id='line_1_37' title="bbox 236 2076 983 2121; baseline -0.001 -11"><span class='ocrx_word' id='word_1_175' title='bbox 236 2077 308 2118; x_wconf 85' lang='lat' dir='ltr'>bus,</span> <span class='ocrx_word' id='word_1_176' title='bbox 335 2076 516 2121; x_wconf 81' lang='lat' dir='ltr'>privilegiis</span> <span class='ocrx_word' id='word_1_177' title='bbox 542 2087 684 2120; x_wconf 85' lang='lat' dir='ltr'>quoque,</span> <span class='ocrx_word' id='word_1_178' title='bbox 712 2076 847 2110; x_wconf 90' lang='lat' dir='ltr'>indultis</span> <span class='ocrx_word' id='word_1_179' title='bbox 872 2083 904 2110; x_wconf 84' lang='lat' dir='ltr'>et</span> <span class='ocrx_word' id='word_1_180' title='bbox 934 2077 983 2110; x_wconf 92' lang='lat' dir='ltr'>lit-</span> 
     </span>
     <span class='ocr_line' id='line_1_38' title="bbox 239 2129 983 2175; baseline -0.001 -11"><span class='ocrx_word' id='word_1_181' title='bbox 239 2131 317 2164; x_wconf 86' lang='lat' dir='ltr'>teris</span> <span class='ocrx_word' id='word_1_182' title='bbox 337 2129 525 2175; x_wconf 86' lang='lat' dir='ltr'>apostolicis</span> <span class='ocrx_word' id='word_1_183' title='bbox 543 2130 575 2163; x_wconf 89' lang='lat' dir='ltr'>in</span> <span class='ocrx_word' id='word_1_184' title='bbox 600 2130 802 2164; x_wconf 87' lang='lat' dir='ltr'>contrarium</span> <span class='ocrx_word' id='word_1_185' title='bbox 821 2131 983 2174; x_wconf 87' lang='lat' dir='ltr'>praemis-</span> 
     </span>
     <span class='ocr_line' id='line_1_39' title="bbox 238 2184 984 2228; baseline -0.003 -10"><span class='ocrx_word' id='word_1_186' title='bbox 238 2196 348 2218; x_wconf 88' lang='lat' dir='ltr'>sorum</span> <span class='ocrx_word' id='word_1_187' title='bbox 375 2184 623 2228; x_wconf 86' lang='lat' dir='ltr'>quomodolibet</span> <span class='ocrx_word' id='word_1_188' title='bbox 656 2184 840 2225; x_wconf 86' lang='lat' dir='ltr'>concessis,</span> <span class='ocrx_word' id='word_1_189' title='bbox 867 2184 984 2217; x_wconf 77' lang='lat' dir='ltr'>confir-</span> 
     </span>
     <span class='ocr_line' id='line_1_40' title="bbox 240 2238 983 2282; baseline -0.003 -10"><span class='ocrx_word' id='word_1_190' title='bbox 240 2239 335 2272; x_wconf 85' lang='lat' dir='ltr'>matis</span> <span class='ocrx_word' id='word_1_191' title='bbox 361 2244 392 2272; x_wconf 91' lang='lat' dir='ltr'>et</span> <span class='ocrx_word' id='word_1_192' title='bbox 417 2238 603 2279; x_wconf 75' lang='lat' dir='ltr'>innovatis3</span> <span class='ocrx_word' id='word_1_193' title='bbox 632 2238 749 2282; x_wconf 88' lang='lat' dir='ltr'>quibus</span> <span class='ocrx_word' id='word_1_194' title='bbox 775 2239 927 2272; x_wconf 87' lang='lat' dir='ltr'>omnibus</span> <span class='ocrx_word' id='word_1_195' title='bbox 953 2243 983 2272; x_wconf 90' lang='lat' dir='ltr'>et</span> 
     </span>
     <span class='ocr_line' id='line_1_41' title="bbox 240 2291 984 2336; baseline -0.004 -10"><span class='ocrx_word' id='word_1_196' title='bbox 240 2293 399 2336; x_wconf 84' lang='lat' dir='ltr'>singulis,</span> <span class='ocrx_word' id='word_1_197' title='bbox 427 2291 559 2325; x_wconf 89' lang='lat' dir='ltr'>illorum</span> <span class='ocrx_word' id='word_1_198' title='bbox 598 2297 728 2325; x_wconf 86' lang='lat' dir='ltr'>tenores</span> <span class='ocrx_word' id='word_1_199' title='bbox 755 2292 984 2336; x_wconf 86' lang='lat' dir='ltr'>praesentibus</span> 
     </span>
     <span class='ocr_line' id='line_1_42' title="bbox 239 2345 983 2390; baseline 0 -11"><span class='ocrx_word' id='word_1_200' title='bbox 239 2357 300 2390; x_wconf 90' lang='lat' dir='ltr'>pro</span> <span class='ocrx_word' id='word_1_201' title='bbox 318 2345 415 2390; x_wconf 88' lang='lat' dir='ltr'>plene</span> <span class='ocrx_word' id='word_1_202' title='bbox 433 2350 464 2378; x_wconf 85' lang='lat' dir='ltr'>et</span> <span class='ocrx_word' id='word_1_203' title='bbox 485 2345 684 2378; x_wconf 83' lang='lat' dir='ltr'>sufficienter</span> <span class='ocrx_word' id='word_1_204' title='bbox 702 2346 866 2390; x_wconf 80' lang='lat' dir='ltr'>expressis</span> <span class='ocrx_word' id='word_1_205' title='bbox 891 2357 926 2379; x_wconf 65' lang='lat' dir='ltr'>aa:</span> <span class='ocrx_word' id='word_1_206' title='bbox 945 2346 983 2379; x_wconf 89' lang='lat' dir='ltr'>ad</span> 
     </span>
    </p>
   </div>
   <div class='ocr_carea' id='block_1_5' title="bbox 39 1389 221 1442">
    <p class='ocr_par' dir='ltr' id='par_1_6' title="bbox 39 1389 221 1442">
     <span class='ocr_line' id='line_1_43' title="bbox 86 1389 221 1409; baseline 0.015 -2"><span class='ocrx_word' id='word_1_207' title='bbox 86 1389 221 1409; x_wconf 60' lang='lat' dir='ltr'>(thztantinzn</span> 
     </span>
     <span class='ocr_line' id='line_1_44' title="bbox 39 1416 158 1442; baseline 0 -5"><span class='ocrx_word' id='word_1_208' title='bbox 39 1416 158 1442; x_wconf 67' lang='lat' dir='ltr'>derogatio.</span> 
     </span>
    </p>
   </div>
   <div class='ocr_carea' id='block_1_6' title="bbox 997 262 1010 2457">
    <p class='ocr_par' dir='ltr' id='par_1_7' title="bbox 997 262 1010 2457">
     <span class='ocr_line' id='line_1_45' title="bbox 997 262 1010 2457; baseline 0 0"><span class='ocrx_word' id='word_1_209' title='bbox 997 262 1010 2457; x_wconf 95' lang='lat' dir='ltr'> </span> 
     </span>
    </p>
   </div>
   <div class='ocr_carea' id='block_1_7' title="bbox 239 2399 987 2658">
    <p class='ocr_par' dir='ltr' id='par_1_8' title="bbox 239 2399 987 2658">
     <span class='ocr_line' id='line_1_46' title="bbox 239 2399 983 2439; baseline -0.001 -6"><span class='ocrx_word' id='word_1_210' title='bbox 239 2399 375 2434; x_wconf 89' lang='lat' dir='ltr'>verbum</span> <span class='ocrx_word' id='word_1_211' title='bbox 401 2399 530 2432; x_wconf 88' lang='lat' dir='ltr'>insertis</span> <span class='ocrx_word' id='word_1_212' title='bbox 555 2399 729 2439; x_wconf 82' lang='lat' dir='ltr'>habentes,</span> <span class='ocrx_word' id='word_1_213' title='bbox 757 2399 822 2432; x_wconf 89' lang='lat' dir='ltr'>illis</span> <span class='ocrx_word' id='word_1_214' title='bbox 848 2399 926 2432; x_wconf 74' lang='lat' dir='ltr'>alias</span> <span class='ocrx_word' id='word_1_215' title='bbox 953 2400 983 2432; x_wconf 89' lang='lat' dir='ltr'>iu</span> 
     </span>
     <span class='ocr_line' id='line_1_47' title="bbox 241 2452 985 2496; baseline -0.001 -9"><span class='ocrx_word' id='word_1_216' title='bbox 241 2464 299 2487; x_wconf 90' lang='lat' dir='ltr'>suo</span> <span class='ocrx_word' id='word_1_217' title='bbox 324 2454 442 2486; x_wconf 88' lang='lat' dir='ltr'>robore</span> <span class='ocrx_word' id='word_1_218' title='bbox 468 2452 702 2496; x_wconf 85' lang='lat' dir='ltr'>permansuris,</span> <span class='ocrx_word' id='word_1_219' title='bbox 722 2453 761 2485; x_wconf 91' lang='lat' dir='ltr'>ad</span> <span class='ocrx_word' id='word_1_220' title='bbox 788 2454 985 2496; x_wconf 90' lang='lat' dir='ltr'>praemisso-</span> 
     </span>
     <span class='ocr_line' id='line_1_48' title="bbox 242 2505 987 2550; baseline -0.001 -10"><span class='ocrx_word' id='word_1_221' title='bbox 242 2518 314 2540; x_wconf 87' lang='lat' dir='ltr'>rum</span> <span class='ocrx_word' id='word_1_222' title='bbox 340 2506 504 2546; x_wconf 84' lang='lat' dir='ltr'>essectum,</span> <span class='ocrx_word' id='word_1_223' title='bbox 526 2506 586 2538; x_wconf 82' lang='lat' dir='ltr'>liac</span> <span class='ocrx_word' id='word_1_224' title='bbox 612 2505 680 2538; x_wconf 73' lang='lat' dir='ltr'>rice</span> <span class='ocrx_word' id='word_1_225' title='bbox 708 2506 884 2548; x_wconf 82' lang='lat' dir='ltr'>dumtaxat,</span> <span class='ocrx_word' id='word_1_226' title='bbox 913 2517 987 2550; x_wconf 88' lang='lat' dir='ltr'>spe-</span> 
     </span>
     <span class='ocr_line' id='line_1_49' title="bbox 242 2560 987 2603; baseline -0.001 -9"><span class='ocrx_word' id='word_1_227' title='bbox 242 2560 368 2594; x_wconf 87' lang='lat' dir='ltr'>cialiter</span> <span class='ocrx_word' id='word_1_228' title='bbox 394 2563 425 2593; x_wconf 84' lang='lat' dir='ltr'>et</span> <span class='ocrx_word' id='word_1_229' title='bbox 443 2569 597 2603; x_wconf 78' lang='lat' dir='ltr'>expresse</span> <span class='ocrx_word' id='word_1_230' title='bbox 616 2560 838 2603; x_wconf 74' lang='lat' dir='ltr'>derogamus,</span> <span class='ocrx_word' id='word_1_231' title='bbox 859 2561 987 2594; x_wconf 88' lang='lat' dir='ltr'>ceteris-</span> 
     </span>
     <span class='ocr_line' id='line_1_50' title="bbox 243 2612 796 2658; baseline 0 -12"><span class='ocrx_word' id='word_1_232' title='bbox 243 2624 305 2658; x_wconf 89' lang='lat' dir='ltr'>que</span> <span class='ocrx_word' id='word_1_233' title='bbox 327 2612 499 2647; x_wconf 88' lang='lat' dir='ltr'>contrariis</span> <span class='ocrx_word' id='word_1_234' title='bbox 524 2613 796 2657; x_wconf 86' lang='lat' dir='ltr'>quibuscumque.</span> 
     </span>
    </p>
   </div>
   <div class='ocr_carea' id='block_1_8' title="bbox 295 2674 933 2706">
    <p class='ocr_par' dir='ltr' id='par_1_9' title="bbox 295 2674 933 2706">
     <span class='ocr_line' id='line_1_51' title="bbox 295 2674 933 2706; baseline -0.006 0"><span class='ocrx_word' id='word_1_235' title='bbox 295 2676 379 2706; x_wconf 86' lang='lat' dir='ltr'>Bull.</span> <span class='ocrx_word' id='word_1_236' title='bbox 396 2676 483 2706; x_wconf 80' lang='lat' dir='ltr'>Rom.</span> <span class='ocrx_word' id='word_1_237' title='bbox 504 2691 539 2698; x_wconf 90' lang='lat'><strong>—</strong></span> <span class='ocrx_word' id='word_1_238' title='bbox 562 2676 625 2705; x_wconf 87' lang='lat' dir='ltr'>Vol.</span> <span class='ocrx_word' id='word_1_239' title='bbox 646 2676 754 2705; x_wconf 77' lang='lat' dir='ltr'><em>XXIII.</em></span> <span class='ocrx_word' id='word_1_240' title='bbox 900 2674 933 2702; x_wconf 84' lang='grc'>69</span> 
     </span>
    </p>
   </div>
   <div class='ocr_carea' id='block_1_9' title="bbox 1010 195 1961 447">
    <p class='ocr_par' dir='ltr' id='par_1_10' title="bbox 1010 195 1961 298">
     <span class='ocr_line' id='line_1_52' title="bbox 1010 195 1961 233; baseline 0.003 -3"><span class='ocrx_word' id='word_1_241' title='bbox 1010 204 1055 231; x_wconf 82' lang='lat' dir='ltr'>xu</span> <span class='ocrx_word' id='word_1_242' title='bbox 1080 206 1129 232; x_wconf 77' lang='lat' dir='ltr'>rr.</span> <span class='ocrx_word' id='word_1_243' title='bbox 1665 195 1729 231; x_wconf 79' lang='lat'>545</span> <span class='ocrx_word' id='word_1_244' title='bbox 1775 205 1827 233; x_wconf 70' lang='lat' dir='ltr'>An.</span> <span class='ocrx_word' id='word_1_245' title='bbox 1846 204 1874 231; x_wconf 76' lang='lat' dir='ltr'>c,</span> <span class='ocrx_word' id='word_1_246' title='bbox 1895 204 1961 233; x_wconf 68' lang='lat'>2733</span> 
     </span>
     <span class='ocr_line' id='line_1_53' title="bbox 1062 254 1762 298; baseline 0 -12"><span class='ocrx_word' id='word_1_247' title='bbox 1062 254 1176 287; x_wconf 83' lang='lat' dir='ltr'>Datum</span> <span class='ocrx_word' id='word_1_248' title='bbox 1203 255 1338 293; x_wconf 78' lang='lat' dir='ltr'>Romae,</span> <span class='ocrx_word' id='word_1_249' title='bbox 1366 255 1451 298; x_wconf 86' lang='lat' dir='ltr'>apud</span> <span class='ocrx_word' id='word_1_250' title='bbox 1486 254 1515 288; x_wconf 83' lang='lat' dir='ltr'>S.</span> <span class='ocrx_word' id='word_1_251' title='bbox 1541 255 1670 288; x_wconf 83' lang='lat' dir='ltr'>Mariam</span> <span class='ocrx_word' id='word_1_252' title='bbox 1695 254 1762 286; x_wconf 84' lang='lat' dir='ltr'>Ma-</span> 
     </span>
    </p>

    <p class='ocr_par' dir='ltr' id='par_1_11' title="bbox 1020 307 1766 349">
     <span class='ocr_line' id='line_1_54' title="bbox 1020 307 1766 349; baseline 0.001 -9"><span class='ocrx_word' id='word_1_253' title='bbox 1020 307 1145 348; x_wconf 88' lang='lat' dir='ltr'>iorem,</span> <span class='ocrx_word' id='word_1_254' title='bbox 1173 309 1230 341; x_wconf 92' lang='lat' dir='ltr'>sub</span> <span class='ocrx_word' id='word_1_255' title='bbox 1257 310 1379 341; x_wconf 87' lang='lat' dir='ltr'>annulo</span> <span class='ocrx_word' id='word_1_256' title='bbox 1413 308 1612 349; x_wconf 81' lang='lat' dir='ltr'>Piscatoris,</span> <span class='ocrx_word' id='word_1_257' title='bbox 1638 308 1689 341; x_wconf 88' lang='lat' dir='ltr'>die</span> <span class='ocrx_word' id='word_1_258' title='bbox 1715 319 1766 342; x_wconf 80' lang='lat' dir='ltr'>xiv</span> 
     </span>
    </p>

    <p class='ocr_par' dir='ltr' id='par_1_12' title="bbox 1021 361 1764 405">
     <span class='ocr_line' id='line_1_55' title="bbox 1021 361 1764 405; baseline 0.001 -13"><span class='ocrx_word' id='word_1_259' title='bbox 1021 361 1166 393; x_wconf 88' lang='lat' dir='ltr'>octobris</span> <span class='ocrx_word' id='word_1_260' title='bbox 1192 371 1400 401; x_wconf 78' lang='lat' dir='ltr'>MDccxxth,</span> <span class='ocrx_word' id='word_1_261' title='bbox 1426 361 1635 405; x_wconf 74' lang='lat' dir='ltr'>pontificatus</span> <span class='ocrx_word' id='word_1_262' title='bbox 1659 362 1764 394; x_wconf 85' lang='lat' dir='ltr'>nostri</span> 
     </span>
    </p>

    <p class='ocr_par' dir='ltr' id='par_1_13' title="bbox 1021 424 1175 447">
     <span class='ocr_line' id='line_1_56' title="bbox 1021 424 1175 447; baseline 0.013 -2"><span class='ocrx_word' id='word_1_263' title='bbox 1021 424 1105 447; x_wconf 90' lang='lat' dir='ltr'>anno</span> <span class='ocrx_word' id='word_1_264' title='bbox 1131 424 1175 447; x_wconf 81' lang='lat' dir='ltr'>iv.</span> 
     </span>
    </p>
   </div>
   <div class='ocr_carea' id='block_1_10' title="bbox 1058 474 1765 513">
    <p class='ocr_par' dir='ltr' id='par_1_14' title="bbox 1058 474 1765 513">
     <span class='ocr_line' id='line_1_57' title="bbox 1058 474 1765 513; baseline 0.004 -12"><span class='ocrx_word' id='word_1_265' title='bbox 1058 474 1118 501; x_wconf 91' lang='lat' dir='ltr'>Dat.</span> <span class='ocrx_word' id='word_1_266' title='bbox 1139 475 1185 502; x_wconf 85' lang='lat' dir='ltr'>die</span> <span class='ocrx_word' id='word_1_267' title='bbox 1209 476 1235 502; x_wconf 71' lang='lat'>14</span> <span class='ocrx_word' id='word_1_268' title='bbox 1259 476 1380 503; x_wconf 88' lang='lat' dir='ltr'>octobris</span> <span class='ocrx_word' id='word_1_269' title='bbox 1404 477 1486 511; x_wconf 82' lang='lat'>1733,</span> <span class='ocrx_word' id='word_1_270' title='bbox 1508 477 1612 513; x_wconf 72' lang='lat' dir='ltr'>potuis.</span> <span class='ocrx_word' id='word_1_271' title='bbox 1633 486 1708 504; x_wconf 85' lang='lat' dir='ltr'>anno</span> <span class='ocrx_word' id='word_1_272' title='bbox 1729 484 1765 504; x_wconf 87' lang='lat' dir='ltr'>tv.</span> 
     </span>
    </p>
   </div>
   <div class='ocr_carea' id='block_1_11' title="bbox 1360 532 1721 566">
    <p class='ocr_par' dir='ltr' id='par_1_15' title="bbox 1360 532 1721 566">
     <span class='ocr_line' id='line_1_58' title="bbox 1360 532 1721 566; baseline 0.006 -2"><span class='ocrx_word' id='word_1_273' title='bbox 1360 532 1394 564; x_wconf 82' lang='lat' dir='ltr'>F.</span> <span class='ocrx_word' id='word_1_274' title='bbox 1422 533 1510 565; x_wconf 88' lang='lat' dir='ltr'>card.</span> <span class='ocrx_word' id='word_1_275' title='bbox 1537 533 1721 566; x_wconf 63' lang='lat' dir='ltr'>emamus.</span> 
     </span>
    </p>
   </div>
   <div class='ocr_carea' id='block_1_12' title="bbox 1346 682 1447 715">
    <p class='ocr_par' dir='ltr' id='par_1_16' title="bbox 1346 682 1447 715">
     <span class='ocr_line' id='line_1_59' title="bbox 1346 682 1447 715; baseline 0 0"><span class='ocrx_word' id='word_1_276' title='bbox 1346 682 1447 715; x_wconf 70' lang='lat' dir='ltr'>CXVI.</span> 
     </span>
    </p>
   </div>
   <div class='ocr_carea' id='block_1_13' title="bbox 1025 761 1770 1169">
    <p class='ocr_par' dir='ltr' id='par_1_17' title="bbox 1025 761 1770 1169">
     <span class='ocr_line' id='line_1_60' title="bbox 1025 761 1769 805; baseline 0.003 -11"><span class='ocrx_word' id='word_1_277' title='bbox 1025 761 1250 805; x_wconf 64' lang='lat' dir='ltr'>Desiynanzur</span> <span class='ocrx_word' id='word_1_278' title='bbox 1293 762 1386 794; x_wconf 76' lang='lat' dir='ltr'>urbes</span> <span class='ocrx_word' id='word_1_279' title='bbox 1428 763 1607 795; x_wconf 77' lang='lat' dir='ltr'>nonnullae</span> <span class='ocrx_word' id='word_1_280' title='bbox 1649 764 1769 797; x_wconf 77' lang='lat' dir='ltr'>Italiae</span> 
     </span>
     <span class='ocr_line' id='line_1_61' title="bbox 1069 816 1769 860; baseline 0.003 -13"><span class='ocrx_word' id='word_1_281' title='bbox 1069 819 1238 859; x_wconf 80' lang='lat' dir='ltr'>tamquam</span> <span class='ocrx_word' id='word_1_282' title='bbox 1264 816 1472 858; x_wconf 67' lang='lat' dir='ltr'>insissniores,</span> <span class='ocrx_word' id='word_1_283' title='bbox 1499 817 1532 848; x_wconf 76' lang='lat' dir='ltr'>in</span> <span class='ocrx_word' id='word_1_284' title='bbox 1551 817 1669 860; x_wconf 70' lang='lat' dir='ltr'>quibus</span> <span class='ocrx_word' id='word_1_285' title='bbox 1688 818 1714 849; x_wconf 78' lang='lat' dir='ltr'>ii</span> <span class='ocrx_word' id='word_1_286' title='bbox 1731 828 1769 849; x_wconf 65' lang='lat' dir='ltr'>ex</span> 
     </span>
     <span class='ocr_line' id='line_1_62' title="bbox 1069 868 1768 912; baseline 0.001 -11"><span class='ocrx_word' id='word_1_287' title='bbox 1069 868 1191 902; x_wconf 80' lang='lat' dir='ltr'>Ordine</span> <span class='ocrx_word' id='word_1_288' title='bbox 1215 869 1360 912; x_wconf 78' lang='lat' dir='ltr'>fratrum</span> <span class='ocrx_word' id='word_1_289' title='bbox 1385 869 1611 902; x_wconf 78' lang='lat' dir='ltr'>Eremilarum</span> <span class='ocrx_word' id='word_1_290' title='bbox 1643 870 1677 903; x_wconf 85' lang='lat' dir='ltr'>S.</span> <span class='ocrx_word' id='word_1_291' title='bbox 1704 871 1768 903; x_wconf 83' lang='lat' dir='ltr'>Au-</span> 
     </span>
     <span class='ocr_line' id='line_1_63' title="bbox 1067 921 1770 965; baseline 0.001 -11"><span class='ocrx_word' id='word_1_292' title='bbox 1067 921 1218 965; x_wconf 67' lang='grc' dir='ltr'>θτιείίηῖ,</span> <span class='ocrx_word' id='word_1_293' title='bbox 1244 922 1304 965; x_wconf 79' lang='lat' dir='ltr'>qui</span> <span class='ocrx_word' id='word_1_294' title='bbox 1326 932 1384 965; x_wconf 77' lang='lat' dir='ltr'>per</span> <span class='ocrx_word' id='word_1_295' title='bbox 1409 921 1615 955; x_wconf 78' lang='lat' dir='ltr'>decennalem</span> <span class='ocrx_word' id='word_1_296' title='bbox 1640 923 1770 965; x_wconf 78' lang='lat' dir='ltr'>praedi-</span> 
     </span>
     <span class='ocr_line' id='line_1_64' title="bbox 1069 974 1769 1018; baseline -0.001 -10"><span class='ocrx_word' id='word_1_297' title='bbox 1069 976 1207 1008; x_wconf 80' lang='lat' dir='ltr'>cationis</span> <span class='ocrx_word' id='word_1_298' title='bbox 1233 986 1363 1008; x_wconf 75' lang='lat' dir='ltr'>cursunz</span> <span class='ocrx_word' id='word_1_299' title='bbox 1389 974 1623 1018; x_wconf 69' lang='lat' dir='ltr'>maqisterium</span> <span class='ocrx_word' id='word_1_300' title='bbox 1652 976 1687 1008; x_wconf 81' lang='lat' dir='ltr'>in</span> <span class='ocrx_word' id='word_1_301' title='bbox 1715 976 1769 1009; x_wconf 80' lang='lat' dir='ltr'>Or-</span> 
     </span>
     <span class='ocr_line' id='line_1_65' title="bbox 1067 1029 1769 1073; baseline -0.001 -11"><span class='ocrx_word' id='word_1_302' title='bbox 1067 1029 1144 1062; x_wconf 78' lang='lat' dir='ltr'>dine</span> <span class='ocrx_word' id='word_1_303' title='bbox 1168 1029 1311 1073; x_wconf 73' lang='lat' dir='ltr'>adipisci</span> <span class='ocrx_word' id='word_1_304' title='bbox 1343 1034 1525 1072; x_wconf 76' lang='lat' dir='ltr'>quaerunt,</span> <span class='ocrx_word' id='word_1_305' title='bbox 1553 1029 1769 1072; x_wconf 74' lang='lat' dir='ltr'>quadraqesi-</span> 
     </span>
     <span class='ocr_line' id='line_1_66' title="bbox 1066 1081 1769 1115; baseline 0.001 -1"><span class='ocrx_word' id='word_1_306' title='bbox 1066 1082 1167 1115; x_wconf 80' lang='lat' dir='ltr'>males</span> <span class='ocrx_word' id='word_1_307' title='bbox 1192 1081 1360 1115; x_wconf 81' lang='lat' dir='ltr'>conciones</span> <span class='ocrx_word' id='word_1_308' title='bbox 1378 1081 1426 1114; x_wconf 76' lang='lat' dir='ltr'>vel</span> <span class='ocrx_word' id='word_1_309' title='bbox 1444 1081 1635 1115; x_wconf 79' lang='lat' dir='ltr'>clecemzales</span> <span class='ocrx_word' id='word_1_310' title='bbox 1654 1081 1769 1115; x_wconf 78' lang='lat' dir='ltr'>habere</span> 
     </span>
     <span class='ocr_line' id='line_1_67' title="bbox 1068 1136 1214 1169; baseline 0.007 -1"><span class='ocrx_word' id='word_1_311' title='bbox 1068 1136 1214 1169; x_wconf 72' lang='lat' dir='ltr'>debeant.</span> 
     </span>
    </p>
   </div>
   <div class='ocr_carea' id='block_1_14' title="bbox 1165 1207 1626 1281">
    <p class='ocr_par' dir='ltr' id='par_1_18' title="bbox 1165 1207 1626 1281">
     <span class='ocr_line' id='line_1_68' title="bbox 1237 1207 1556 1243; baseline 0.003 -8"><span class='ocrx_word' id='word_1_312' title='bbox 1237 1207 1374 1236; x_wconf 84' lang='lat' dir='ltr'>Clemens</span> <span class='ocrx_word' id='word_1_313' title='bbox 1396 1209 1475 1243; x_wconf 84' lang='lat' dir='ltr'>Papa</span> <span class='ocrx_word' id='word_1_314' title='bbox 1491 1209 1556 1242; x_wconf 85' lang='lat' dir='ltr'>XII,</span> 
     </span>
     <span class='ocr_line' id='line_1_69' title="bbox 1165 1253 1626 1281; baseline 0.002 -1"><span class='ocrx_word' id='word_1_315' title='bbox 1165 1254 1202 1281; x_wconf 81' lang='lat' dir='ltr'>ad</span> <span class='ocrx_word' id='word_1_316' title='bbox 1222 1253 1357 1280; x_wconf 83' lang='lat' dir='ltr'>futuram</span> <span class='ocrx_word' id='word_1_317' title='bbox 1376 1254 1421 1281; x_wconf 90' lang='lat' dir='ltr'>rei</span> <span class='ocrx_word' id='word_1_318' title='bbox 1442 1254 1626 1281; x_wconf 86' lang='lat' dir='ltr'>memoriam.</span> 
     </span>
    </p>
   </div>
   <div class='ocr_carea' id='block_1_15' title="bbox 1022 1324 1964 2658">
    <p class='ocr_par' dir='ltr' id='par_1_19' title="bbox 1022 1324 1964 2658">
     <span class='ocr_line' id='line_1_70' title="bbox 1067 1324 1962 1369; baseline 0 -12"><span class='ocrx_word' id='word_1_319' title='bbox 1067 1326 1081 1369; x_wconf 65' lang='grc' dir='ltr'>ξ</span> <span class='ocrx_word' id='word_1_320' title='bbox 1100 1325 1130 1358; x_wconf 78' lang='lat' dir='ltr'>l.</span> <span class='ocrx_word' id='word_1_321' title='bbox 1152 1325 1274 1368; x_wconf 80' lang='lat' dir='ltr'>Exponi</span> <span class='ocrx_word' id='word_1_322' title='bbox 1294 1324 1388 1358; x_wconf 88' lang='lat' dir='ltr'>nobis</span> <span class='ocrx_word' id='word_1_323' title='bbox 1409 1335 1513 1368; x_wconf 84' lang='lat' dir='ltr'>nuper</span> <span class='ocrx_word' id='word_1_324' title='bbox 1536 1325 1611 1358; x_wconf 80' lang='lat' dir='ltr'>sec-it</span> <span class='ocrx_word' id='word_1_325' title='bbox 1630 1325 1870 1368; x_wconf 71' lang='lat' dir='ltr'>tlilectusreuno</span> <span class='ocrx_word' id='word_1_326' title='bbox 1886 1339 1962 1365; x_wconf 55' lang='lat' dir='ltr'>qimai&lt;</span> 
     </span>
     <span class='ocr_line' id='line_1_71' title="bbox 1023 1370 1964 1420; baseline 0.002 -9"><span class='ocrx_word' id='word_1_327' title='bbox 1023 1379 1110 1412; x_wconf 81' lang='lat' dir='ltr'>fitius</span> <span class='ocrx_word' id='word_1_328' title='bbox 1150 1378 1300 1412; x_wconf 87' lang='lat' dir='ltr'>Nicolaus</span> <span class='ocrx_word' id='word_1_329' title='bbox 1343 1379 1504 1412; x_wconf 76' lang='lat' dir='ltr'>Antonius</span> <span class='ocrx_word' id='word_1_330' title='bbox 1543 1371 1848 1420; x_wconf 61' lang='lat' dir='ltr'>Seliiaffinati,¹1‚⁰u⁰s¹.“</span> <span class='ocrx_word' id='word_1_331' title='bbox 1874 1370 1964 1387; x_wconf 51' lang='lat' dir='ltr'>“w&#39;&#39;</span> 
     </span>
     <span class='ocr_line' id='line_1_72' title="bbox 1024 1431 1768 1475; baseline 0.001 -10"><span class='ocrx_word' id='word_1_332' title='bbox 1024 1432 1114 1475; x_wconf 90' lang='lat' dir='ltr'>prior</span> <span class='ocrx_word' id='word_1_333' title='bbox 1139 1432 1301 1475; x_wconf 79' lang='lat' dir='ltr'>generalis</span> <span class='ocrx_word' id='word_1_334' title='bbox 1327 1431 1457 1465; x_wconf 90' lang='lat' dir='ltr'>Ordinis</span> <span class='ocrx_word' id='word_1_335' title='bbox 1483 1432 1618 1465; x_wconf 77' lang='lat' dir='ltr'>fratrum</span> <span class='ocrx_word' id='word_1_336' title='bbox 1644 1432 1768 1466; x_wconf 83' lang='lat' dir='ltr'>Eremi-</span> 
     </span>
     <span class='ocr_line' id='line_1_73' title="bbox 1023 1485 1768 1530; baseline 0.003 -13"><span class='ocrx_word' id='word_1_337' title='bbox 1023 1490 1127 1518; x_wconf 86' lang='lat' dir='ltr'>tarum</span> <span class='ocrx_word' id='word_1_338' title='bbox 1153 1485 1254 1518; x_wconf 90' lang='lat' dir='ltr'>sancti</span> <span class='ocrx_word' id='word_1_339' title='bbox 1282 1485 1477 1528; x_wconf 77' lang='lat' dir='ltr'>Augustini,</span> <span class='ocrx_word' id='word_1_340' title='bbox 1506 1486 1593 1529; x_wconf 83' lang='lat' dir='ltr'>quod</span> <span class='ocrx_word' id='word_1_341' title='bbox 1620 1487 1652 1519; x_wconf 90' lang='lat' dir='ltr'>in</span> <span class='ocrx_word' id='word_1_342' title='bbox 1678 1487 1768 1530; x_wconf 90' lang='lat' dir='ltr'>capi-</span> 
     </span>
     <span class='ocr_line' id='line_1_74' title="bbox 1024 1539 1767 1581; baseline 0.003 -10"><span class='ocrx_word' id='word_1_343' title='bbox 1024 1540 1091 1572; x_wconf 90' lang='lat' dir='ltr'>tulo</span> <span class='ocrx_word' id='word_1_344' title='bbox 1132 1539 1279 1581; x_wconf 79' lang='lat' dir='ltr'>generali</span> <span class='ocrx_word' id='word_1_345' title='bbox 1321 1539 1470 1572; x_wconf 87' lang='lat' dir='ltr'>eiusdem</span> <span class='ocrx_word' id='word_1_346' title='bbox 1510 1539 1641 1573; x_wconf 89' lang='lat' dir='ltr'>Ordinis</span> <span class='ocrx_word' id='word_1_347' title='bbox 1682 1551 1767 1574; x_wconf 89' lang='lat' dir='ltr'>anno</span> 
     </span>
     <span class='ocr_line' id='line_1_75' title="bbox 1022 1592 1768 1627; baseline 0 0"><span class='ocrx_word' id='word_1_348' title='bbox 1022 1603 1189 1627; x_wconf 71' lang='lat' dir='ltr'>moctxxxv</span> <span class='ocrx_word' id='word_1_349' title='bbox 1215 1593 1247 1626; x_wconf 92' lang='lat' dir='ltr'>in</span> <span class='ocrx_word' id='word_1_350' title='bbox 1274 1593 1359 1626; x_wconf 79' lang='lat' dir='ltr'>alma</span> <span class='ocrx_word' id='word_1_351' title='bbox 1385 1592 1470 1626; x_wconf 90' lang='lat' dir='ltr'>Urbe</span> <span class='ocrx_word' id='word_1_352' title='bbox 1504 1593 1670 1627; x_wconf 83' lang='lat' dir='ltr'>celebrato</span> <span class='ocrx_word' id='word_1_353' title='bbox 1704 1600 1768 1627; x_wconf 90' lang='lat' dir='ltr'>sta-</span> 
     </span>
     <span class='ocr_line' id='line_1_76' title="bbox 1024 1645 1770 1680; baseline 0.004 -2"><span class='ocrx_word' id='word_1_354' title='bbox 1024 1651 1127 1678; x_wconf 89' lang='lat' dir='ltr'>tutum</span> <span class='ocrx_word' id='word_1_355' title='bbox 1165 1646 1223 1678; x_wconf 82' lang='lat' dir='ltr'>suit</span> <span class='ocrx_word' id='word_1_356' title='bbox 1248 1650 1282 1679; x_wconf 88' lang='lat' dir='ltr'>ut</span> <span class='ocrx_word' id='word_1_357' title='bbox 1308 1645 1327 1678; x_wconf 92' lang='lat' dir='ltr'>ii</span> <span class='ocrx_word' id='word_1_358' title='bbox 1363 1646 1529 1679; x_wconf 82' lang='lat' dir='ltr'>dumtaxat</span> <span class='ocrx_word' id='word_1_359' title='bbox 1565 1647 1680 1680; x_wconf 81' lang='lat' dir='ltr'>fratres</span> <span class='ocrx_word' id='word_1_360' title='bbox 1715 1647 1770 1680; x_wconf 88' lang='lat' dir='ltr'>Or-</span> 
     </span>
     <span class='ocr_line' id='line_1_77' title="bbox 1024 1699 1769 1744; baseline 0.003 -13"><span class='ocrx_word' id='word_1_361' title='bbox 1024 1699 1107 1732; x_wconf 91' lang='lat' dir='ltr'>dinis</span> <span class='ocrx_word' id='word_1_362' title='bbox 1145 1699 1302 1742; x_wconf 87' lang='lat' dir='ltr'>praedicti</span> <span class='ocrx_word' id='word_1_363' title='bbox 1340 1699 1425 1732; x_wconf 86' lang='lat' dir='ltr'>intra</span> <span class='ocrx_word' id='word_1_364' title='bbox 1449 1699 1574 1733; x_wconf 86' lang='lat' dir='ltr'>ltaliam</span> <span class='ocrx_word' id='word_1_365' title='bbox 1600 1701 1640 1733; x_wconf 90' lang='lat' dir='ltr'>ad</span> <span class='ocrx_word' id='word_1_366' title='bbox 1666 1701 1769 1744; x_wconf 83' lang='lat' dir='ltr'>magi-</span> 
     </span>
     <span class='ocr_line' id='line_1_78' title="bbox 1023 1753 1768 1798; baseline 0 -12"><span class='ocrx_word' id='word_1_367' title='bbox 1023 1753 1113 1786; x_wconf 86' lang='lat' dir='ltr'>sterii</span> <span class='ocrx_word' id='word_1_368' title='bbox 1141 1753 1285 1786; x_wconf 87' lang='lat' dir='ltr'>lauream</span> <span class='ocrx_word' id='word_1_369' title='bbox 1313 1758 1606 1797; x_wconf 86' lang='lat' dir='ltr'>promoverentur,</span> <span class='ocrx_word' id='word_1_370' title='bbox 1638 1754 1691 1798; x_wconf 89' lang='lat' dir='ltr'>qui</span> <span class='ocrx_word' id='word_1_371' title='bbox 1719 1755 1768 1787; x_wconf 66' lang='lat' dir='ltr'>vel</span> 
     </span>
     <span class='ocr_line' id='line_1_79' title="bbox 1023 1807 1769 1851; baseline 0.003 -12"><span class='ocrx_word' id='word_1_372' title='bbox 1023 1817 1083 1851; x_wconf 88' lang='lat' dir='ltr'>per</span> <span class='ocrx_word' id='word_1_373' title='bbox 1108 1807 1370 1851; x_wconf 82' lang='lat' dir='ltr'>quinquennium</span> <span class='ocrx_word' id='word_1_374' title='bbox 1396 1818 1514 1840; x_wconf 89' lang='lat' dir='ltr'>munus</span> <span class='ocrx_word' id='word_1_375' title='bbox 1540 1809 1685 1851; x_wconf 81' lang='lat' dir='ltr'>regentis</span> <span class='ocrx_word' id='word_1_376' title='bbox 1704 1814 1769 1841; x_wconf 88' lang='lat' dir='ltr'>stu-</span> 
     </span>
     <span class='ocr_line' id='line_1_80' title="bbox 1025 1860 1768 1905; baseline 0.003 -12"><span class='ocrx_word' id='word_1_377' title='bbox 1025 1861 1153 1894; x_wconf 90' lang='lat' dir='ltr'>diorum</span> <span class='ocrx_word' id='word_1_378' title='bbox 1180 1860 1381 1901; x_wconf 64' lang='lat' dir='ltr'>cinxissent,</span> <span class='ocrx_word' id='word_1_379' title='bbox 1407 1863 1456 1895; x_wconf 89' lang='lat' dir='ltr'>vel</span> <span class='ocrx_word' id='word_1_380' title='bbox 1484 1873 1542 1905; x_wconf 88' lang='lat' dir='ltr'>per</span> <span class='ocrx_word' id='word_1_381' title='bbox 1568 1862 1768 1896; x_wconf 86' lang='lat' dir='ltr'>decennium</span> 
     </span>
     <span class='ocr_line' id='line_1_81' title="bbox 1025 1915 1769 1961; baseline 0.003 -13"><span class='ocrx_word' id='word_1_382' title='bbox 1025 1915 1078 1948; x_wconf 85' lang='lat' dir='ltr'>Dei</span> <span class='ocrx_word' id='word_1_383' title='bbox 1105 1916 1240 1948; x_wconf 89' lang='lat' dir='ltr'>verbum</span> <span class='ocrx_word' id='word_1_384' title='bbox 1266 1915 1298 1948; x_wconf 90' lang='lat' dir='ltr'>in</span> <span class='ocrx_word' id='word_1_385' title='bbox 1325 1915 1561 1958; x_wconf 78' lang='lat' dir='ltr'>insignioribus</span> <span class='ocrx_word' id='word_1_386' title='bbox 1599 1927 1655 1950; x_wconf 90' lang='lat' dir='ltr'>seu</span> <span class='ocrx_word' id='word_1_387' title='bbox 1678 1917 1769 1961; x_wconf 91' lang='lat' dir='ltr'>prin-</span> 
     </span>
     <span class='ocr_line' id='line_1_82' title="bbox 1025 1968 1768 2012; baseline 0.001 -11"><span class='ocrx_word' id='word_1_388' title='bbox 1025 1968 1240 2012; x_wconf 87' lang='lat' dir='ltr'>cipalioribus</span> <span class='ocrx_word' id='word_1_389' title='bbox 1265 1968 1370 2012; x_wconf 88' lang='lat' dir='ltr'>ipsius</span> <span class='ocrx_word' id='word_1_390' title='bbox 1396 1969 1506 2002; x_wconf 88' lang='lat' dir='ltr'>ltaliae</span> <span class='ocrx_word' id='word_1_391' title='bbox 1533 1969 1668 2002; x_wconf 85' lang='lat' dir='ltr'>urbibus</span> <span class='ocrx_word' id='word_1_392' title='bbox 1696 1980 1768 2003; x_wconf 92' lang='lat' dir='ltr'>cum</span> 
     </span>
     <span class='ocr_line' id='line_1_83' title="bbox 1025 2022 1765 2066; baseline 0.003 -11"><span class='ocrx_word' id='word_1_393' title='bbox 1025 2023 1140 2066; x_wconf 86' lang='lat' dir='ltr'>plausu</span> <span class='ocrx_word' id='word_1_394' title='bbox 1168 2022 1314 2065; x_wconf 76' lang='lat' dir='ltr'>iustaque</span> <span class='ocrx_word' id='word_1_395' title='bbox 1332 2022 1415 2055; x_wconf 77' lang='lat' dir='ltr'>sama</span> <span class='ocrx_word' id='word_1_396' title='bbox 1432 2023 1692 2066; x_wconf 83' lang='lat' dir='ltr'>praedicassent.</span> <span class='ocrx_word' id='word_1_397' title='bbox 1716 2025 1765 2065; x_wconf 86' lang='lat' dir='ltr'>At,</span> 
     </span>
     <span class='ocr_line' id='line_1_84' title="bbox 1025 2076 1769 2121; baseline 0.004 -13"><span class='ocrx_word' id='word_1_398' title='bbox 1025 2087 1096 2109; x_wconf 88' lang='lat' dir='ltr'>cum</span> <span class='ocrx_word' id='word_1_399' title='bbox 1115 2076 1243 2119; x_wconf 87' lang='lat' dir='ltr'>saepius</span> <span class='ocrx_word' id='word_1_400' title='bbox 1255 2076 1514 2109; x_wconf 86' lang='lat' dir='ltr'>animadversum</span> <span class='ocrx_word' id='word_1_401' title='bbox 1530 2077 1583 2117; x_wconf 90' lang='lat' dir='ltr'>sit,</span> <span class='ocrx_word' id='word_1_402' title='bbox 1602 2082 1769 2121; x_wconf 84' lang='lat' dir='ltr'>postrema</span> 
     </span>
     <span class='ocr_line' id='line_1_85' title="bbox 1026 2129 1767 2164; baseline 0.003 -2"><span class='ocrx_word' id='word_1_403' title='bbox 1026 2130 1186 2163; x_wconf 84' lang='lat' dir='ltr'>eiusmodi</span> <span class='ocrx_word' id='word_1_404' title='bbox 1205 2129 1311 2162; x_wconf 88' lang='lat' dir='ltr'>statuti</span> <span class='ocrx_word' id='word_1_405' title='bbox 1331 2131 1429 2163; x_wconf 82' lang='lat' dir='ltr'>verba</span> <span class='ocrx_word' id='word_1_406' title='bbox 1442 2129 1602 2163; x_wconf 87' lang='lat' dir='ltr'>incertum</span> <span class='ocrx_word' id='word_1_407' title='bbox 1622 2136 1653 2164; x_wconf 89' lang='lat' dir='ltr'>et</span> <span class='ocrx_word' id='word_1_408' title='bbox 1670 2131 1767 2164; x_wconf 89' lang='lat' dir='ltr'>nimis</span> 
     </span>
     <span class='ocr_line' id='line_1_86' title="bbox 1027 2184 1770 2227; baseline 0.001 -10"><span class='ocrx_word' id='word_1_409' title='bbox 1027 2185 1092 2217; x_wconf 89' lang='lat' dir='ltr'>late</span> <span class='ocrx_word' id='word_1_410' title='bbox 1117 2188 1283 2227; x_wconf 87' lang='lat' dir='ltr'>patentem</span> <span class='ocrx_word' id='word_1_411' title='bbox 1308 2194 1440 2216; x_wconf 85' lang='lat' dir='ltr'>sensum</span> <span class='ocrx_word' id='word_1_412' title='bbox 1462 2184 1630 2218; x_wconf 89' lang='lat' dir='ltr'>continere</span> <span class='ocrx_word' id='word_1_413' title='bbox 1649 2190 1702 2218; x_wconf 90' lang='lat' dir='ltr'>aut</span> <span class='ocrx_word' id='word_1_414' title='bbox 1719 2195 1770 2218; x_wconf 91' lang='lat' dir='ltr'>re-</span> 
     </span>
     <span class='ocr_line' id='line_1_87' title="bbox 1028 2237 1768 2281; baseline 0.001 -11"><span class='ocrx_word' id='word_1_415' title='bbox 1028 2237 1159 2280; x_wconf 88' lang='lat' dir='ltr'>cipere,</span> <span class='ocrx_word' id='word_1_416' title='bbox 1185 2237 1327 2280; x_wconf 85' lang='lat' dir='ltr'>indeque</span> <span class='ocrx_word' id='word_1_417' title='bbox 1364 2247 1429 2270; x_wconf 92' lang='lat' dir='ltr'>non</span> <span class='ocrx_word' id='word_1_418' title='bbox 1467 2247 1541 2270; x_wconf 87' lang='lat' dir='ltr'>raro</span> <span class='ocrx_word' id='word_1_419' title='bbox 1576 2238 1768 2281; x_wconf 83' lang='lat' dir='ltr'>contingere</span> 
     </span>
     <span class='ocr_line' id='line_1_88' title="bbox 1029 2290 1769 2334; baseline 0.001 -11"><span class='ocrx_word' id='word_1_420' title='bbox 1029 2301 1122 2334; x_wconf 89' lang='lat' dir='ltr'>posse</span> <span class='ocrx_word' id='word_1_421' title='bbox 1148 2290 1233 2333; x_wconf 90' lang='lat' dir='ltr'>quod</span> <span class='ocrx_word' id='word_1_422' title='bbox 1263 2291 1442 2324; x_wconf 88' lang='lat' dir='ltr'>nonnullae</span> <span class='ocrx_word' id='word_1_423' title='bbox 1468 2291 1578 2324; x_wconf 86' lang='lat' dir='ltr'>ltaliae</span> <span class='ocrx_word' id='word_1_424' title='bbox 1605 2291 1702 2324; x_wconf 88' lang='lat' dir='ltr'>urbes</span> <span class='ocrx_word' id='word_1_425' title='bbox 1730 2292 1769 2324; x_wconf 86' lang='lat' dir='ltr'>ab</span> 
     </span>
     <span class='ocr_line' id='line_1_89' title="bbox 1028 2344 1771 2388; baseline 0.001 -12"><span class='ocrx_word' id='word_1_426' title='bbox 1028 2344 1137 2388; x_wconf 87' lang='lat' dir='ltr'>aliquo</span> <span class='ocrx_word' id='word_1_427' title='bbox 1164 2344 1274 2387; x_wconf 90' lang='lat' dir='ltr'>priore</span> <span class='ocrx_word' id='word_1_428' title='bbox 1300 2344 1444 2385; x_wconf 78' lang='lat' dir='ltr'>generali</span> <span class='ocrx_word' id='word_1_429' title='bbox 1462 2344 1538 2377; x_wconf 87' lang='lat' dir='ltr'>dicti</span> <span class='ocrx_word' id='word_1_430' title='bbox 1557 2344 1686 2377; x_wconf 88' lang='lat' dir='ltr'>Ordinis</span> <span class='ocrx_word' id='word_1_431' title='bbox 1705 2346 1771 2388; x_wconf 85' lang='lat' dir='ltr'>&lt;cu-</span> 
     </span>
     <span class='ocr_line' id='line_1_90' title="bbox 1028 2397 1768 2443; baseline 0.001 -13"><span class='ocrx_word' id='word_1_432' title='bbox 1028 2398 1076 2431; x_wconf 88' lang='lat' dir='ltr'>ius</span> <span class='ocrx_word' id='word_1_433' title='bbox 1101 2403 1150 2431; x_wconf 86' lang='lat' dir='ltr'>est</span> <span class='ocrx_word' id='word_1_434' title='bbox 1171 2397 1267 2430; x_wconf 89' lang='lat' dir='ltr'>dubia</span> <span class='ocrx_word' id='word_1_435' title='bbox 1288 2397 1374 2430; x_wconf 90' lang='lat' dir='ltr'>illius</span> <span class='ocrx_word' id='word_1_436' title='bbox 1397 2402 1517 2431; x_wconf 84' lang='lat' dir='ltr'>statuta</span> <span class='ocrx_word' id='word_1_437' title='bbox 1544 2398 1768 2443; x_wconf 88' lang='lat' dir='ltr'>interpretari)</span> 
     </span>
     <span class='ocr_line' id='line_1_91' title="bbox 1028 2451 1769 2496; baseline 0 -11"><span class='ocrx_word' id='word_1_438' title='bbox 1028 2462 1093 2485; x_wconf 89' lang='lat' dir='ltr'>non</span> <span class='ocrx_word' id='word_1_439' title='bbox 1120 2451 1304 2484; x_wconf 83' lang='lat' dir='ltr'>habeantur</span> <span class='ocrx_word' id='word_1_440' title='bbox 1330 2451 1413 2484; x_wconf 90' lang='lat' dir='ltr'>inter</span> <span class='ocrx_word' id='word_1_441' title='bbox 1438 2451 1659 2493; x_wconf 72' lang='lat' dir='ltr'>insigniores,</span> <span class='ocrx_word' id='word_1_442' title='bbox 1687 2463 1769 2496; x_wconf 86' lang='lat' dir='ltr'>quac</span> 
     </span>
     <span class='ocr_line' id='line_1_92' title="bbox 1029 2504 1770 2548; baseline 0 -9"><span class='ocrx_word' id='word_1_443' title='bbox 1029 2505 1067 2539; x_wconf 89' lang='lat' dir='ltr'>ab</span> <span class='ocrx_word' id='word_1_444' title='bbox 1092 2505 1163 2539; x_wconf 86' lang='lat' dir='ltr'>aliis</span> <span class='ocrx_word' id='word_1_445' title='bbox 1181 2504 1346 2548; x_wconf 89' lang='lat' dir='ltr'>prioribus</span> <span class='ocrx_word' id='word_1_446' title='bbox 1369 2505 1588 2547; x_wconf 79' lang='lat' dir='ltr'>generalibus,</span> <span class='ocrx_word' id='word_1_447' title='bbox 1604 2515 1664 2547; x_wconf 88' lang='lat' dir='ltr'>pro</span> <span class='ocrx_word' id='word_1_448' title='bbox 1684 2507 1770 2539; x_wconf 71' lang='lat' dir='ltr'>varia</span> 
     </span>
     <span class='ocr_line' id='line_1_93' title="bbox 1030 2557 1770 2602; baseline 0.001 -10"><span class='ocrx_word' id='word_1_449' title='bbox 1030 2559 1187 2602; x_wconf 86' lang='lat' dir='ltr'>cuiusque</span> <span class='ocrx_word' id='word_1_450' title='bbox 1213 2557 1310 2591; x_wconf 90' lang='lat' dir='ltr'>animi</span> <span class='ocrx_word' id='word_1_451' title='bbox 1329 2557 1512 2599; x_wconf 76' lang='lat' dir='ltr'>affectione,</span> <span class='ocrx_word' id='word_1_452' title='bbox 1534 2560 1612 2593; x_wconf 90' lang='lat' dir='ltr'>tales</span> <span class='ocrx_word' id='word_1_453' title='bbox 1631 2560 1770 2594; x_wconf 87' lang='lat' dir='ltr'>antehac</span> 
     </span>
     <span class='ocr_line' id='line_1_94' title="bbox 1030 2611 1769 2658; baseline 0.001 -11"><span class='ocrx_word' id='word_1_454' title='bbox 1030 2618 1200 2657; x_wconf 86' lang='lat' dir='ltr'>reputatae</span> <span class='ocrx_word' id='word_1_455' title='bbox 1226 2611 1365 2654; x_wconf 87' lang='lat' dir='ltr'>suerint,</span> <span class='ocrx_word' id='word_1_456' title='bbox 1393 2618 1445 2647; x_wconf 84' lang='lat' dir='ltr'>aut</span> <span class='ocrx_word' id='word_1_457' title='bbox 1470 2613 1686 2658; x_wconf 85' lang='lat' dir='ltr'>imposterum</span> <span class='ocrx_word' id='word_1_458' title='bbox 1718 2624 1769 2648; x_wconf 87' lang='lat' dir='ltr'>rc-</span> 
     </span>
    </p>
   </div>
  </div>
 </body>
</html>
