2182 3137
209 258 262 284 An.
279 257 309 283 G.
323 256 396 283 1732

263 690 394 710 vastantium

214 717 333 742 derogatio.

256 2602 348 2627 supplex
374 2602 398 2621 li-

215 2629 290 2648 bellus.

441 247 507 281 398

408 305 514 338 missis
540 316 599 348 per
622 316 844 349 quoscumque
870 305 995 338 iudices
1021 305 1150 338 ordina-

408 358 473 390 rios
499 364 532 390 et
556 359 724 400 delegatos
742 385 749 398 ,
776 359 874 391 etiam
900 369 1068 391 causarum
1095 368 1150 401 pa-

409 410 476 442 latii
515 411 685 453 apostolici
722 411 906 450 auditores,
944 410 1082 444 iudicari
1119 416 1152 443 et

408 462 538 496 definiri
565 463 684 496 debere
700 490 708 502 ‚
733 474 769 495 ac
786 463 914 496 irritum
943 469 974 497 et
998 464 1095 496 inane
1124 463 1148 496 si

407 527 501 549 secus
522 527 619 559 super
643 517 694 549 his
719 528 737 550 a
763 528 940 561 quoquam,
960 518 1071 560 quavis
1096 528 1150 550 au-

407 569 580 610 ctoritate,
606 570 749 603 scienter
774 571 823 603 vel
850 571 1048 613 ignoranter,
1073 581 1150 603 con-

406 622 515 664 tigerit
540 623 704 656 attentari.

450 676 465 718 g*
490 675 522 708 4.
541 675 612 708 Non
629 676 832 709 obstantibus
857 676 1148 709 constitutionibus

407 734 439 761 et
464 729 728 762 ordinationibus
755 730 957 773 apostolicis,
976 740 1021 769 ac,
1041 734 1149 772 quate-

406 792 465 814 nus
491 792 572 825 opus
597 782 646 822 sit,
675 782 780 816 dictae
806 783 1072 827 Congrcgationis
1097 793 1148 815 ec-

406 836 621 875 clesiasticae,
645 837 741 869 etiam
767 837 960 874 iuramento,
980 835 1149 868 confirma-

407 889 495 923 tione
514 889 701 932 apostolica,
717 892 766 923 vel
786 890 897 932 quavis
916 889 1068 921 firmitate
1087 889 1148 922 alia

406 943 567 975 roboratis
583 970 590 984 ‚
616 943 743 975 statutis
770 949 801 975 et
825 942 1121 975 consuetudinibus
1139 969 1146 982 ,

405 995 588 1038 privilegiis
622 1006 776 1038 quoque,
812 996 947 1028 indultis
977 1001 1008 1027 et
1033 995 1148 1026 litteris

406 1049 596 1092 apostolicis
622 1049 654 1080 in
675 1048 875 1081 contrarium
898 1049 1147 1091 praemissorum

405 1102 654 1145 quomodolibet
685 1103 858 1142 concessis,
885 1101 1086 1134 confirmatis
1119 1107 1150 1134 et

406 1155 589 1194 innovatis3
618 1155 735 1198 quibus
767 1155 918 1187 omnibus
946 1161 975 1187 et
1000 1155 1147 1197 singulis,

409 1208 539 1240 illorum
560 1215 691 1240 tenores
710 1208 937 1251 praesentibus
967 1218 1026 1250 pro
1052 1209 1149 1250 plene

406 1266 437 1294 ct
463 1260 663 1293 sufficienter
687 1261 851 1303 expressis
889 1272 924 1293 ac
951 1261 988 1293 ad
1015 1261 1148 1293 verbum

407 1314 534 1346 insertis
560 1314 729 1352 habentes,
757 1313 822 1346 illis
848 1314 927 1346 alias
954 1314 986 1345 in
1012 1324 1072 1346 suo
1098 1324 1149 1346 ro-

406 1368 484 1400 bore
511 1367 746 1410 permansuris,
766 1368 804 1399 ad
823 1368 1079 1410 praen‘iissorum
1105 1368 1150 1400 es-

409 1421 546 1460 sectum,
573 1421 634 1453 hac
660 1421 726 1453 vice
760 1421 935 1459 dumtaxat,
964 1421 1151 1464 specialiter

408 1480 438 1506 et
457 1485 608 1516 expresse
628 1475 844 1516 derogamus;
870 1474 1054 1516 ceterisque
1072 1484 1149 1506 con-

408 1527 513 1559 trariis
540 1527 809 1570 quibuscumque.

452 1580 565 1612 Datum
592 1580 726 1620 Romae,
746 1581 831 1623 apud
856 1580 888 1612 S.
908 1580 1037 1612 Mariam
1055 1579 1150 1612 Maio-

409 1645 496 1673 rem,
519 1633 578 1665 sub
596 1635 718 1666 annulo
735 1633 925 1672 piscatoris,
945 1634 996 1665 die
1017 1633 1149 1673 iix-maii

408 1697 596 1727 MDccxxxu,
614 1687 822 1730 pontificatus
839 1687 944 1720 nostri
962 1698 1048 1719 anno
1068 1698 1103 1719 11.

443 1749 500 1776 Dat.
524 1749 567 1775 die
588 1750 622 1775 ⁶20
642 1749 705 1775 maii
727 1750 810 1782 4732),
832 1749 926 1784 pontif.
947 1758 1017 1776 anno
1038 1756 1065 1775 11.

719 1803 752 1835 F.
772 1804 858 1836 card.
878 1803 1057 1836 Omvaruus.

751 1955 827 1987 LXI.

410 2035 631 2077 (Ioiifirirzalm‘
678 2035 840 2067 decretum
882 2035 1151 2078 Conqreyationis

450 2089 672 2132 episcoporum
698 2093 725 2121 et
749 2088 968 2131 reyularimn,
992 2099 1056 2131 quo
1080 2099 1151 2120 con-

450 2142 606 2184 firmatur
629 2142 783 2174 resolutio
800 2142 920 2184 nuperi
935 2142 1076 2184 capituli
1098 2153 1151 2185 ye-

451 2195 576 2228 neralis
602 2194 738 2228 Ordinis
771 2195 1087 2227 Bethlehemiturum
1114 2197 1150 2228 in

454 2250 562 2282 Indiis
589 2248 863 2288 occidentalibm,
898 2252 935 2279 ut
959 2248 1151 2290 officialium

452 2303 563 2336 electio
587 2303 624 2335 in
647 2302 848 2345 unaquaque
864 2301 956 2334 domo
979 2312 1038 2344 per
1060 2312 1152 2345 prae-

450 2358 569 2399 sectum
593 2360 623 2389 et
647 2361 791 2399 quatuor
814 2355 999 2397 definitores
1022 2366 1152 2398 uenera-

454 2411 497 2442 les
519 2410 589 2451 fiat.

615 2480 752 2507 Clemens
774 2480 853 2513 Papa
871 2479 942 2511 XII,

550 2525 586 2551 ad
605 2525 743 2551 futuram
762 2523 808 2550 rei
826 2522 1013 2550 memoriam,

456 2598 470 2639 ξ
490 2596 521 2629 1.
540 2595 650 2639 Nuper
666 2606 726 2638 pro
744 2601 836 2638 parte
855 2594 1048 2627 dilectorum
1069 2593 1150 2627 filio—

411 2660 481 2682 rum
501 2650 661 2682 vocalium
679 2648 812 2691 capituli
839 2648 1000 2691 generalis
1022 2647 1151 2680 Ordinis

991 256 1177 281 BULLARIUM
1199 256 1355 280 ROMANUM

1193 303 1510 338 Bethlehemitarum
1539 306 1571 338 in
1596 306 1696 338 Indiis
1722 305 1933 339 Occidentali-

1192 357 1254 389 bus
1271 357 1523 401 Congregationi
1539 359 1775 392 venerabilium
1797 360 1932 392 fratrum

1193 416 1380 443 nostrorum
1402 410 1433 443 S.
1452 411 1489 443 R.
1504 411 1540 444 E.
1560 412 1772 445 cardinalium
1790 412 1932 454 negotiis

1194 468 1226 494 et
1251 464 1548 496 consultationibus
1573 465 1802 508 episcoporum
1829 471 1861 498 et
1884 475 1935 498 re-

1194 515 1354 558 gularium
1381 517 1588 560 praepositae
1610 518 1769 560 exposito,
1790 519 1876 561 quod
1901 517 1935 551 in

1193 569 1481 602 constitutionibus
1506 570 1650 604 eiusdem
1676 571 1804 604 Ordinis
1829 582 1846 604 a
1866 571 1936 604 seli-

1193 620 1238 653 cis
1274 623 1511 655 recordationis
1550 624 1739 657 Innocentio
1774 624 1859 667 Papa
1894 624 1934 657 XI

1193 675 1450 716 praedecessore
1488 682 1601 709 nostro
1634 677 1833 710 confirmatis
1871 683 1935 710 sta-

1195 727 1353 767 tuebatur,
1379 729 1557 762 electiones
1584 730 1750 772 praesecti‚
1771 730 1935 774 viceprae-

1194 780 1266 812 secti
1284 806 1291 819 ‚
1318 787 1457 824 quatuor
1482 782 1696 815 discretorum
1719 789 1750 816 et
1774 783 1934 816 maiorum

1193 833 1466 875 infirmariorum,
1493 847 1531 869 ac
1555 843 1805 880 procuratorum
1831 837 1935 870 cuius-

1193 897 1330 930 cumque
1365 889 1477 921 domus
1514 895 1547 922 et
1580 891 1751 933 hospitalis
1787 897 1935 934 spectare

1194 940 1231 972 ad
1254 941 1426 983 religiosos
1444 943 1558 976 domus
1577 949 1608 976 et
1634 944 1806 987 hospitalis
1823 944 1935 977 huius-

1194 993 1281 1025 modi
1316 995 1354 1027 ad
1390 996 1524 1028 sormam
1558 998 1745 1030 earumdem
1778 997 1934 1030 constitu-

1194 1045 1321 1078 tionum
1347 1053 1459 1080 votum
1486 1049 1672 1090 habentes3
1699 1061 1828 1091 verum,
1856 1051 1935 1094 quia

1195 1098 1398 1140 experientia
1431 1101 1645 1144 quadraginta
1670 1108 1701 1134 et
1724 1103 1808 1135 ultra
1832 1113 1935 1136 anno-

1194 1161 1264 1182 rum
1286 1159 1488 1195 compertum
1506 1159 1588 1193 erat,
1612 1156 1806 1198 quamplura
1823 1156 1935 1189 incon-

1194 1205 1357 1238 venientia
1382 1206 1414 1238 in
1441 1208 1676 1250 praeiudicium
1710 1210 1806 1242 etiam
1839 1220 1936 1252 regu-

1195 1258 1270 1290 laris
1288 1260 1514 1293 observantiae
1534 1268 1604 1294 orta
1622 1262 1718 1295 fuisse
1743 1274 1781 1295 ac
1806 1263 1836 1295 in
1864 1263 1934 1296 dies

1194 1311 1271 1343 oriri
1292 1323 1328 1344 ex
1348 1314 1516 1355 praedicto
1543 1314 1641 1348 modo
1668 1315 1805 1348 faciendi
1833 1316 1935 1350 dictas

1195 1364 1384 1405 electiones,
1411 1366 1485 1399 ideo
1512 1367 1544 1399 in
1570 1369 1686 1400 eodem
1712 1369 1855 1412 capitulo
1879 1379 1935 1411 ge-

1195 1419 1299 1450 nerali
1333 1419 1365 1450 in
1391 1419 1520 1453 civitate
1557 1421 1718 1454 Mexicana
1754 1432 1864 1455 mense
1890 1424 1935 1455 sc-

1194 1470 1326 1503 bruario
1345 1482 1429 1504 anno
1455 1482 1609 1513 MDccxxx,
1630 1475 1668 1506 ad
1695 1475 1934 1508 occurrendum

1196 1523 1383 1557 huiusmodi
1400 1525 1549 1558 absurdis
1570 1533 1602 1559 et
1618 1527 1935 1569 inconvenientibus,

1195 1586 1254 1618 per
1270 1578 1490 1620 pluralitatem
1508 1579 1735 1622 suffragiorum
1755 1581 1936 1614 resolutum

1196 1630 1320 1669 suerat,
1346 1632 1434 1674 quod
1460 1632 1510 1664 ius
1537 1632 1679 1676 eligendi
1715 1633 1818 1667 dictos
1845 1645 1937 1677 prae-

1196 1684 1330 1723 sectum,
1358 1685 1640 1728 vicepraesectmn,
1669 1688 1827 1720 discretos
1842 1715 1849 1727 ,
1869 1698 1937 1721 ma-

1196 1736 1281 1769 iores
1306 1738 1499 1772 infirmarios
1524 1745 1554 1772 et
1579 1746 1807 1782 procuratores
1829 1741 1936 1774 cuius-

1196 1801 1333 1833 cumque
1370 1792 1483 1824 domus
1524 1793 1689 1836 pertinere
1726 1794 1862 1827 deberet
1895 1795 1935 1827 ad

1196 1846 1394 1886 praesectum
1421 1848 1608 1888 generalem
1635 1853 1667 1880 et
1691 1843 1832 1890 quatuo’r
1857 1847 1937 1880 deli-

1196 1899 1321 1931 nitores
1354 1901 1524 1941 generales
1558 1903 1622 1932 una
1654 1911 1727 1933 cum
1760 1901 1935 1934 secretario

1196 1953 1342 1993 generali
1380 1958 1412 1985 et
1448 1954 1614 1996 praesecto
1640 1954 1755 1986 domus
1783 1954 1839 1986 ubi
1864 1954 1936 1987 fieri

1195 2005 1364 2048 contingat
1390 2006 1578 2040 huiusmodi
1603 2007 1789 2048 electiones,
1806 2018 1936 2040 necnon

1195 2068 1266 2090 cum
1304 2059 1430 2091 duobus
1456 2059 1527 2092 aliis
1552 2060 1714 2103 religiosis
1739 2061 1793 2104 qui
1819 2067 1936 2094 munus

1194 2113 1244 2144 vel
1270 2114 1453 2155 generalis,
1479 2114 1530 2146 vel
1556 2114 1734 2147 assistentis
1759 2115 1936 2157 generalis,

1194 2167 1243 2198 vel
1269 2166 1514 2209 vicegeneralis,
1540 2169 1591 2200 vel
1616 2168 1773 2210 praefecti
1799 2167 1935 2200 alicuius

1195 2219 1310 2252 domus
1330 2220 1486 2260 obierint,
1513 2220 1563 2252 his
1584 2220 1735 2253 omnibus
1755 2220 1936 2253 deficienti-

1193 2273 1264 2312 bus
1284 2284 1356 2305 cum
1374 2273 1538 2315 religiosis
1556 2273 1657 2315 magis
1680 2273 1819 2306 antianis
1831 2300 1838 2313 ‚
1855 2284 1936 2316 quos

1196 2326 1330 2368 reperiri
1356 2327 1523 2369 contingat
1547 2326 1579 2358 in
1605 2327 1712 2366 domo,
1735 2326 1766 2359 in
1785 2337 1850 2369 qua
1866 2326 1934 2359 fieri

1195 2380 1335 2412 debeant
1355 2380 1532 2412 electiones
1550 2379 1752 2422 praedictae,
1771 2385 1803 2412 et
1823 2380 1862 2412 ad
1880 2390 1934 2412 eas

1194 2432 1439 2474 procedendum
1477 2437 1564 2465 esset
1598 2443 1658 2475 per
1689 2431 1879 2464 scrutinium
1904 2437 1939 2464 et

1195 2491 1267 2518 vota
1292 2491 1427 2527 secreta,
1446 2485 1490 2518 ita
1516 2491 1621 2518 tamen
1646 2490 1682 2517 ut
1708 2496 1744 2518 ex
1763 2485 1853 2518 novis
1871 2484 1936 2517 suf-

1195 2539 1328 2582 fragiis,
1363 2545 1397 2571 ut
1421 2549 1518 2582 supra
1542 2538 1762 2579 adhibendis,
1790 2538 1939 2581 quinque

1195 2603 1254 2636 pro
1281 2593 1443 2626 electione
1468 2592 1625 2625 canonica
1649 2591 1827 2624 sufficiant:
1851 2595 1882 2623 et
1901 2590 1939 2622 in*

1195 2646 1307 2679 eadem
1332 2645 1539 2689 expositione
1571 2644 1763 2685 subiuncm,
1789 2643 1877 2688 quod
1901 2643 1939 2675 in

1942 256 1994 284 An.
2011 255 2133 284 &1732
