2182 3137
367 191 432 223 ⁶2:34

327 258 394 287 nes,
414 248 473 280 nisi
495 254 529 279 ut
551 249 747 291 praelertur,
765 252 925 290 exceptas,
948 258 984 279 ac
1001 257 1065 285 eas,

328 311 407 343 quas
427 311 464 332 ex
482 302 579 332 causa
595 310 670 332 vere
689 302 827 332 onerosa
846 310 1017 332 concessas
1035 300 1067 332 in

327 352 460 385 Camerti
484 353 650 395 praedicta
675 358 708 384 ut
733 353 917 394 praefertur
942 352 1067 385 admitti

327 406 522 448 contigerit,
561 407 724 439 ullatenus
754 405 947 444 admittant;
975 406 1068 448 sique

328 469 421 491 secus
440 459 584 497 fecerint,
611 459 643 490 id
669 458 788 490 nemini
817 469 930 491 eorum
951 459 983 490 in
1002 458 1068 490 suis

328 511 487 553 computis
521 521 575 543 seu
614 511 797 543 rationibus
831 521 890 553 per
923 510 1068 543 eamdem

329 562 493 595 Cameram
520 563 644 595 admitti
676 565 840 602 volumus,
873 564 929 596 sed
957 574 1068 596 eorum

330 616 447 648 damno
473 616 504 647 id
531 626 696 648 cessurum
722 626 795 648 esse
821 617 1032 648 declaramus.

164 681 318 709 mauman
374 669 388 710 ξ
413 668 466 701 Μ.
496 669 663 701 Postremo
690 668 763 701 lites
789 669 952 711 quaslibet
980 679 1070 701 occa-

136 706 319 762 ῧῗζῖξῖοάἣιῗιῖῐῖᾗ
329 721 421 754 510116
443 721 690 764 privilegiorum
712 727 744 754 et
764 722 975 761 indultorum,
995 733 1055 754 nec

136 759 396 810 ἓῗῖἶῖιιιῖἶῖῗέὲᾞῆηοῃ
423 775 660 806 immunitatum
687 781 717 807 et
742 776 984 817 exemptionum
1012 776 1071 807 1111-

136 813 250 832 m⁰²³‘¹¹¹¹¹‘
331 827 483 866 iusmodi,
503 827 884 869 quomodolibetmotas,
904 833 935 860 et
953 828 983 859 in
1003 827 1072 870 qui-

330 880 442 912 busvis
468 881 682 912 tribunalibus
710 881 903 922 pendentes,
940 881 1069 913 illarum

332 932 477 964 omnium
493 938 523 965 ct
543 933 742 974 singularum
761 938 878 964 statum
898 939 929 965 et
949 934 1070 972 merita,

331 985 531 1027 nominaque
570 991 602 1017 et
638 986 833 1027 cognomina
862 986 1004 1018 iudicum
1042 992 1074 1018 et

331 1038 580 1080 collitigantium
619 1037 828 1080 quorumvis,
866 1044 897 1070 et
939 1038 1071 1081 speciali

331 1090 497 1122 mentione
523 1090 715 1131 dignorum,
743 1095 775 1122 61
812 1090 874 1122 alia
911 1091 1006 1122 etiam
1033 1091 1072 1123 (16

332 1142 528 1174 necessitate
555 1142 744 1184 specialiter
770 1142 993 1185 exprimenda,
1013 1143 1075 1175 cis-

332 1196 407 1227 dem
434 1195 665 1237 praesentibus
699 1206 759 1238 pro
785 1197 881 1238 plene
920 1202 951 1228 et
986 1198 1076 1228 suffi-

333 1247 457 1280 cienter
488 1248 650 1290 expressis
683 1249 863 1287 babentes,
890 1260 906 1281 a
940 1250 1075 1292 quibus-

333 1311 473 1343 cumque
500 1301 716 1333 tribunalibus
744 1302 929 1334 huiusmodi
956 1303 994 1335 ad
1017 1313 1075 1336 nos

334 1353 546 1386 earumdem¹
583 1355 668 1386 serie
701 1355 925 1397 praesentium
964 1367 1075 1389 avoca-

334 1417 421 1447 mus,
449 1407 589 1450 illasque
606 1407 736 1450 penitus
756 1413 786 1440 et
804 1408 940 1441 omnino
959 1420 1077 1452 perpe—

335 1465 389 1492 tuo
407 1460 640 1502 supprimimus
655 1465 686 1492 et
706 1461 943 1503 extinguimus,
963 1473 999 1494 ac
1016 1473 1077 1505 pro

335 1512 520 1554 suppressis
546 1517 577 1544 et
607 1513 756 1545 extinctis
790 1514 905 1546 baberi
931 1515 1077 1547 volumus

338 1570 369 1597 et
393 1565 616 1604 declaramus,
643 1576 679 1597 ac
704 1566 848 1608 partibus
882 1572 1077 1609 perpetuum

338 1628 437 1660 super
462 1618 512 1650 his
538 1619 705 1651 silentium
732 1619 942 1662 imponimus.

155 1709 157 1711 ι
181 1680 328 1711 rra-aseneum
383 1671 397 1713 ἓ
414 1670 466 1703 ¹102.
484 1671 713 1710 Decernentes,
729 1672 857 1704 easdem
878 1679 1079 1715 praesentes,

144 1708 328 1757 litii‘ssarsssu'i'emiiid
339 1734 375 1756 ac
400 1724 507 1756 omnia
533 1729 564 1756 et
588 1724 717 1766 singula
742 1725 772 1756 in
799 1726 863 1757 illis
899 1732 1078 1767 contenta,

145 1762 221 1787 quavis
267 1766 329 1780 secus
376 1777 381 1782 .

145 1783 435 1834 {ffi‘in'etcius‘isssseuam
463 1787 498 1809 ex
527 1787 565 1809 co
592 1777 677 1819 quod
704 1778 903 1821 quicumque
929 1779 959 1811 in
989 1790 1082 1822 prae-

147 1830 448 1887 ffiioffiepraete-missis
473 1829 538 1862 sive
557 1840 670 1862 eorum
700 1830 810 1873 aliquo
836 1831 995 1864 interesse
1027 1834 1082 1865 lia-

133 199 184 226 Αῐι.
205 201 234 227 C.
252 199 316 226 1731

342 1884 468 1919 benteS,
496 1893 553 1915 seu
580 1883 703 1916 habere
730 1885 977 1926 quomodolibet
994 1897 1082 1928 prae-

344 1936 526 1974 tendentes,
555 1935 620 1968 illis
646 1946 711 1968 non
734 1937 970 1976 consenserint,
991 1948 1027 1972 ac
1044 1939 1082 1970 ad

345 1999 383 2020 ea
406 1989 510 2020 vocati
537 1994 568 2020 et
591 1988 703 2028 auditi,
731 2000 785 2021 seu
804 2000 926 2029 causae,
950 1996 1085 2033 propter
1104 1994 1106 2003 ’

345 2052 423 2083 quas
448 2041 522 2073 illae
549 2046 752 2080 emanarunt,
783 2042 951 2082 adductae,
979 2044 1085 2076 verisi-

344 2099 446 2131 calae,
472 2104 526 2126 seu
552 2093 629 2126 alias
656 2094 879 2134 sufficienter,
906 2101 961 2127 aut
987 2096 1084 2129 etiam

345 2148 509 2179 ullatenus
534 2146 727 2179 iustificatae
762 2158 828 2179 non
862 2149 1004 2189 suerint,
1032 2156 1087 2182 aut

348 2210 386 2231 ex
412 2200 475 2232 alia
500 2199 740 2242 quantumlibet
765 2200 919 2242 legitima,
944 2201 1013 2243 pia,
1042 2202 1087 2233 iu-

348 2252 450 2285 ridica
487 2257 520 2284 et
556 2252 762 2295 privilegiata
798 2256 917 2291 causa,
950 2256 1085 2294 colore,

349 2311 529 2347 praetextu,
557 2306 730 2338 occasione
772 2311 802 2337 et
826 2306 956 2348 capite,
991 2308 1087 2339 etiam

350 2359 382 2390 in
401 2369 539 2401 corpore
557 2358 636 2390 iuris
663 2358 797 2398 clausa&
818 2359 914 2391 etiam
935 2361 1086 2400 enormiS,

351 2411 597 2444 enormissimae
607 2411 626 2451 ³,
646 2415 676 2444 et
698 2412 802 2444 totalis
821 2413 985 2452 laesionis,
1002 2414 1089 2446 nullo

389 2492 398 2516 1
421 2491 490 2517 Edit.
512 2490 591 2517 Main.
613 2491 677 2523 legit
695 2499 798 2518 earum
817 2492 855 2527 (R.
872 2494 921 2523 T.).

388 2535 404 2560 2
423 2535 514 2568 Aptius
534 2535 592 2570 lege
611 2536 708 2561 clauso
728 2535 766 2570 (R.
783 2537 833 2570 T.).

387 2578 403 2604 3
425 2578 495 2604 Edit.
516 2578 596 2605 Main.
620 2579 686 2613 legit
705 2579 911 2607 enormis-sima
933 2581 970 2614 (R.
986 2581 1039 2614 T.).

916 199 1096 223 BULLARIUM
1123 200 1276 224 ROMANUM

1111 258 1254 291 unquam
1291 254 1441 291 tempore
1478 249 1517 281 de
1543 240 1766 291 subreptionis
1799 248 1849 280 vel

1112 300 1336 343 obreptioniS,
1374 300 1533 333 nullitatis
1566 306 1620 332 aut
1644 300 1849 333 invaliditatis

1111 351 1188 384 vitio
1204 379 1211 392 ‚
1236 363 1292 384 seu
1319 352 1511 385 intentionis
1539 357 1670 386 nostrae
1695 353 1744 384 vel
1771 362 1852 394 quo-

1111 404 1231 436 rumvis
1264 405 1422 437 interesse
1448 405 1640 437 habentium
1673 406 1851 437 consensus

1113 463 1167 489 aut
1192 457 1256 489 alio
1290 457 1404 500 qimvis
1439 457 1648 499 quantumvis
1680 467 1796 499 magno
1822 461 1853 490 et

1113 509 1318 542 substantiali
1345 521 1380 541 ac
1410 509 1627 552 inexcogitato
1646 510 1772 542 defectu
1795 520 1853 542 no-

1115 563 1185 602 tari,
1212 563 1408 605 impugnari.
1435 568 1467 595 et
1492 563 1672 602 invalidari,
1688 563 1853 605 restringi,

1114 615 1297 653 retractari,
1320 615 1351 647 in
1379 615 1428 647 ius
1455 617 1504 648 vel
1530 617 1786 648 controversiam
1807 626 1853 647 re-

1115 667 1231 705 vocari,
1258 668 1426 710 suspendi,
1456 668 1610 708 limitari,
1638 674 1693 700 aut
1726 669 1763 701 ad
1791 675 1854 702 ter-

1114 721 1219 754 minos
1246 721 1325 752 iuris
1350 721 1485 760 reduci,
1521 732 1576 753 seu
1603 721 1755 754 adversus
1781 722 1854 755 illas

1115 773 1306 816 aper-itionis
1342 774 1426 811 oris,
1453 774 1670 806 restitutionis
1706 775 1737 807 in
1773 775 1856 808 inte-

1116 838 1220 868 grum,
1237 832 1291 859 aut
1312 827 1399 860 aliud
1418 828 1646 870 quodcumque
1664 828 1753 867 iuris,
1770 829 1856 869 sacti,

1116 881 1164 912 vel
1203 879 1327 921 gratiae
1365 880 1548 912 remedium
1574 881 1769 923 impetrari,
1803 887 1858 913 aut

1116 932 1303 974 impetrato,
1341 943 1395 964 seu
1424 933 1520 964 etiam
1547 938 1635 965 motu
1662 933 1759 966 simili
1785 944 1858 966 con-

1116 994 1232 1022 cesso,
1270 984 1456 1027 quempiam
1487 985 1520 1016 in
1546 985 1667 1018 iudicio
1692 986 1740 1017 vel
1768 991 1858 1018 extra

1117 1037 1197 1069 illud
1223 1037 1268 1068 uti
1295 1048 1350 1069 sen
1377 1047 1411 1069 se
1449 1038 1560 1070 iuvare
1596 1049 1717 1081 posse3
1749 1049 1857 1081 neque

1117 1090 1246 1121 easdem
1273 1095 1460 1131 praesentes
1485 1091 1543 1122 sul)
1569 1091 1736 1133 quibusvis
1773 1091 1859 1123 sirni—

1117 1143 1196 1175 lium
1222 1144 1272 1175 vel
1299 1143 1505 1175 dissimilium
1536 1142 1803 1176 constitutionum
1823 1154 1860 1176 ac

1117 1195 1358 1228 revocationum
1385 1201 1417 1227 et
1447 1196 1691 1228 ordinationum
1729 1207 1860 1229 revoca-

1118 1248 1273 1287 tionibus,
1300 1248 1577 1290 suspensionibus,
1600 1249 1858 1289 limitatIOnibus,

1119 1306 1151 1334 et
1176 1301 1246 1333 aliis
1271 1301 1442 1334 contrariis
1468 1302 1760 1344 dispositionibus,
1799 1314 1859 1346 pro

1120 1360 1267 1396 tempore
1293 1355 1541 1396 quomodolibet
1566 1355 1674 1393 sactis,
1713 1366 1860 1398 compre—

1121 1406 1239 1440 liendi¹
1266 1413 1317 1439 aut
1344 1409 1601 1450 comprehensas
1627 1409 1774 1449 censeri·,
1802 1410 1858 1442 scd

1120 1471 1248 1503 semper
1273 1461 1312 1492 ab
1337 1461 1403 1493 illis
1430 1466 1590 1503 exceptas,
1620 1467 1651 1494 et
1672 1461 1801 1504 quoties
1828 1462 1861 1495 il-

1121 1515 1170 1546 lae
1196 1514 1414 1553 emanabant,
1444 1514 1539 1546 toties
1566 1514 1598 1546 in
1624 1515 1796 1556 pristinum
1831 1519 1864 1548 et

1121 1566 1358 1598 validissimum
1375 1571 1491 1598 statum
1506 1567 1683 1607 restitutas,
1701 1568 1862 1610 repositas

1123 1625 1155 1651 et
1179 1618 1327 1661 plenarie
1353 1619 1592 1660 reintegratas,
1620 1630 1656 1652 ac
1689 1621 1748 1652 sub
1786 1631 1863 1663 qua-

1123 1682 1263 1714 cumque
1289 1671 1460 1714 posteriori
1487 1671 1569 1711 data,
1597 1677 1755 1715 quatenus
1780 1683 1862 1715 opus

1124 1725 1174 1764 sit,
1201 1725 1239 1757 de
1266 1735 1350 1757 novo
1369 1735 1550 1762 concessas,
1568 1732 1794 1768 perpetuoque
1812 1737 1864 1758 va-

1125 1779 1217 1817 lidas,
1233 1777 1341 1809 firmas
1367 1783 1399 1810 ct
1413 1778 1559 1810 efficaces
1575 1778 1712 1811 existere
1732 1784 1762 1811 61
1781 1779 1863 1818 sore,

1126 1841 1266 1873 suosque
1303 1830 1467 1872 plenarios
1504 1836 1536 1863 et
1561 1830 1707 1872 integros
1732 1830 1865 1864 effectus

1126 1885 1237 1916 sortiri
1263 1889 1293 1916 et
1311 1884 1480 1921 obtinere,
1503 1894 1538 1915 ac
1556 1884 1707 1916 omnibus
1725 1884 1764 1916 ad
1783 1895 1865 1927 quos

1127 1941 1252 1980 spectat
1284 1942 1316 1968 et
1350 1936 1655 1979 quomodocumque
1684 1937 1866 1980 spectabit,

1128 1988 1363 2021 iuviolabiliter
1389 1988 1571 2028 observari;
1600 1989 1712 2032 sicque
1739 1996 1771 2022 et
1803 2000 1868 2022 non

1129 2043 1207 2075 alias
1228 2043 1257 2074 in
1280 2042 1467 2085 praemissis
1488 2053 1547 2085 per
1570 2053 1793 2085 quoscumque
1818 2043 1869 2075 iu·

1129 2096 1217 2128 dices
1250 2095 1433 2128 ordinarios
1467 2100 1498 2127 61
1533 2095 1807 2128 extraordinarios
1834 2107 1871 2128 ac

1130 2149 1397 2187 commissarios,
1436 2148 1531 2181 etiam
1560 2159 1730 2180 causarum
1755 2149 1869 2191 palatii

1130 2201 1296 2245 apostolici
1313 2201 1488 2240 auditores,
1506 2207 1537 2233 ct.
1555 2201 1702 2234 ciusdem
1723 2201 1754 2234 S.
1777 2201 1813 2233 R.
1832 2201 1868 2234 E.

1130 2255 1324 2294 cardinales,
1353 2254 1450 2286 etiam
1477 2254 1515 2286 de
1543 2255 1643 2286 latere
1669 2255 1813 2296 legatos,
1840 2260 1873 2287 et

1131 2308 1262 2351 quosvis
1289 2308 1475 2339 earumdem
1498 2306 1590 2339 Sedis
1610 2312 1642 2339 et
1659 2306 1808 2340 Gamerae
1829 2307 1873 2340 of-

1861 204 1911 226 An.
1927 200 1956 226 C.
1979 199 2045 226 ¹731

1132 2361 1252 2393 liciales
1278 2366 1310 2392 et
1335 2360 1511 2401 ministros,
1539 2371 1574 2392 ac
1600 2361 1681 2393 alios
1700 2371 1874 2403 quoscum·
1922 2389 1924 2393 ,

1132 2424 1206 2456 quc,
1234 2413 1346 2456 quavis
1365 2413 1555 2445 auctoritate
1577 2418 1608 2445 et
1626 2418 1785 2455 potestate
1806 2413 1874 2445 sun-

1133 2471 1259 2508 gentes,
1278 2476 1366 2498 nunc
1387 2471 1417 2498 et
1435 2476 1493 2508 pro
1516 2471 1663 2508 tempore
1685 2465 1872 2505 existentes,

1172 2583 1182 2607 ¹
1205 2580 1271 2607 Male
1287 2580 1352 2607 edit.
1370 2580 1454 2607 Main.
1469 2580 1535 2614 legit
1553 2580 1876 2615 comprehendimus.)-
