2182 3137
53 196 103 224 ΑΒ.
117 195 149 224 C.
171 194 241 224 1730

246 243 383 275 libertates
403 248 429 275 et
447 244 654 285 praerogativae
676 243 839 273 monasterio
866 243 896 273 S.
914 243 987 273 Bar-

246 294 391 324 tholomaei
419 294 449 324 in
475 294 567 333 primo
586 291 711 332 yenerali
731 291 852 331 capitulo
882 301 988 321 conces-

246 353 291 373 sae
305 368 312 378 ‚
335 344 375 373 ita
407 342 604 373 inviolabiliter
631 345 791 375 serventur,
812 344 896 379 prout
919 350 990 369 com-

246 396 366 422 mutatae
387 396 412 421 et
433 391 565 429 elargitae
586 391 642 430 ipsi
663 394 727 420 sunt
748 400 783 420 ex
810 390 926 419 decretis
947 399 990 418 sa-

246 450 309 471 crae
326 440 548 479 Conqregatz'onis
573 440 725 470 successivo
740 438 828 468 Brevi
845 438 991 477 apostolico

247 490 424 529 confirmatis

488 573 752 595 EXTRAVAGANTES.

54 643 238 696 uniggdiqztgrffifisi
290 646 310 668 1.
327 637 364 668 Ut
387 637 483 667 omnis
505 637 697 676 imposterum
721 634 864 666 dubitatio
887 634 917 664 in
940 643 992 664 no-

56 698 237 726 omnmoqpmpo.
250 690 377 717 strarum
393 686 490 725 legum
514 686 664 716 creatione
686 689 714 715 et
735 684 923 715 observantia
939 683 992 713 tol-

54 723 239 776 ἰἷῖἓιωςὲἷξηέὲῗξζ
249 735 338 772 latur,
361 744 441 765 sacra
468 734 660 773 Congregatio
689 732 990 763 eminentissimorum

54 777 102 799 ¹³⁰⁸·
249 787 278 814 et
299 783 612 814 reverendissimorum
635 783 663 814 S.
687 783 723 813 R.
747 782 779 812 E.
797 781 990 812 cardinalium

249 833 376 871 negotiis
394 832 600 871 episcoporum
623 835 651 862 et
673 831 853 870 regularium
871 839 992 870 praepo-

248 881 304 911 sita
332 881 433 911 statuit
462 885 490 911 et
512 881 651 919 decrevit,
673 880 751 920 quod
775 879 925 919 perpetuis
948 879 992 908 su-

249 930 324 961 turis
348 930 530 970 temporibus
553 934 636 970 pater
657 930 804 969 generalis
831 934 860 960 et
889 929 991 960 desmi—

248 980 357 1010 torium
389 984 545 1010 teneantur
579 969 699 1010 omnino
727 989 891 1020 proponere
914 979 992 1010 ordi—

248 1029 382 1059 nationes
404 1029 450 1059 vel
473 1032 580 1059 statuta
605 1038 819 1069 quaecumque,
840 1029 870 1058 in
889 1032 990 1059 nostro

248 1078 380 1117 generali
403 1078 531 1118 capitulo
546 1079 633 1117 faeta,
653 1079 683 1108 in
701 1078 815 1109 duobus
837 1077 903 1108 aliis
926 1087 991 1118 pro-

249 1127 327 1158 xime
350 1127 541 1167 sequentibus
563 1127 700 1168 capitulis
721 1126 931 1166 generalibus3
963 1130 991 1157 et

249 1176 318 1215 nisi,
331 1177 407 1206 sicut
423 1177 613 1216 praecipitur,
631 1177 779 1217 proposita
796 1177 917 1214 fuerint3
938 1177 991 1207 hu-

249 1225 376 1256 iusmodi
399 1229 504 1255 statuta
527 1230 556 1256 et
579 1225 780 1256 ordinationes
803 1225 860 1255 vim
882 1225 992 1264 obliga-

249 1274 340 1304 tivam
362 1274 509 1305 amittant.

55 1334 77 1366 βῆ
94 1334 239 1364 approbantur
289 1323 494 1363 Propositione
516 1323 610 1363 facta,
634 1333 708 1363 quae
740 1328 875 1354 revocata
898 1328 926 1354 et
947 1332 993 1354 re-

55 1360 239 1414 ssffissen'gxissaigs
249 1372 372 1413 probata
395 1373 505 1403 suerint
526 1382 592 1403 cum
615 1373 720 1403 maiori
737 1377 818 1412 parte
841 1373 993 1412 suffragio-

249 1431 315 1453 rum
338 1431 390 1462 per
412 1426 558 1452 secretum
582 1422 769 1459 scrutinium,
794 1431 916 1461 prorsus
944 1431 993 1451 ex—

250 1470 341 1501 tincta
363 1475 556 1507 remaneant,
588 1479 663 1510 quae
693 1479 762 1500 vero
785 1470 921 1500 similiter
943 1480 994 1510 ap-

250 1519 371 1559 probata
405 1523 433 1550 et
466 1519 637 1549 confirmata
671 1520 779 1549 suerint
806 1519 834 1549 in
864 1520 993 1549 secundo

250 1568 420 1599 immediate
442 1568 577 1608 sequenti
607 1568 735 1608 capitulo
757 1569 906 1607 generali,
930 1569 993 1599 sine

250 1617 312 1647 ulla,
327 1617 548 1647 intermissione
564 1616 765 1656 observentur,
781 1621 867 1657 atque
885 1617 992 1647 iterum

251 1671 456 1707 proponantur
476 1667 507 1696 in
530 1666 618 1697 tertio
641 1667 774 1706 proxime
796 1667 931 1706 sequenti
947 1676 994 1697 ca-

252 1716 346 1756 pitulo
362 1715 508 1755 generali;
524 1715 553 1745 in
577 1725 633 1755 quo
656 1716 680 1746 si
703 1715 742 1746 ita
760 1716 869 1755 pariter
890 1726 995 1756 appro-

252 1765 359 1796 bentur
381 1770 409 1796 et
431 1766 653 1804 confirmentur,
678 1766 798 1796 omnino
825 1766 907 1796 firma
935 1766 994 1796 sint

252 1819 280 1845 et
302 1815 332 1845 in
354 1815 449 1854 legem
471 1819 710 1854 extravagantem
734 1820 896 1846 transeant.

85 1879 107 1900 g.
128 1882 197 1900 mmo„
222 1880 241 1900 j„
293 1864 323 1893 Si
351 1873 419 1894 vero
452 1864 614 1903 capitulum
636 1864 772 1903 generale
805 1864 834 1894 in
867 1864 994 1894 secunda

57 1906 243 1959 gss'ssffffififf’ssecssss
253 1912 298 1942 vel
321 1913 410 1942 tertia
432 1911 630 1952 propositione
658 1913 818 1952 expediens
847 1913 995 1943 iudicave-

58 1960 177 2007 ffi'fmss'fflffl
200 1961 302 1999 ⁵²²¹·rit,
326 1961 423 2000 aliqua
446 1966 554 1992 statuta
576 1966 605 1992 et
626 1962 836 2000 ordinationes,
859 1962 888 1991 in
912 1971 995 2001 prae-

254 2009 426 2039 cedentibus
448 2010 585 2049 capitulis
608 2010 694 2048 sacta,
721 2010 899 2040 diuturniori
922 2015 996 2040 tem-

254 2068 323 2098 pore
346 2068 410 2088 esse
433 2059 599 2098 probanda,
625 2063 655 2089 ut
678 2059 711 2089 ad
736 2059 830 2098 legem
861 2064 996 2089 extrava-

254 2111 370 2145 gantem
394 2108 544 2138 eleventur
559 2131 566 2145 ‚
590 2108 650 2138 sive
672 2108 820 2138 censuerit
843 2108 919 2148 quod
943 2108 996 2138 ali·

254 2165 311 2195 qua
344 2160 452 2186 statuta
485 2157 529 2186 vel
566 2157 766 2187 ordinationes
804 2159 996 2188 observentur

255 2203 364 2244 absque
390 2214 424 2235 eo
452 2206 530 2245 quod
562 2210 696 2237 teneatur
727 2207 756 2237 in
788 2207 920 2246 proxime
952 2216 996 2237 se-

257 2253 413 2290 quentibus
428 2254 564 2294 capitulis
581 2255 739 2294 procedere
762 2256 796 2285 ad
813 2256 994 2286 formandam

258 2299 350 2338 legem
372 2307 629 2341 extravagantem,
654 2308 724 2335 tunc
759 2304 862 2335 eadem
886 2308 993 2335 statuta

258 2348 302 2378 vel
326 2349 522 2381 ordinationes
555 2352 696 2383 innovare
724 2362 776 2384 seu
799 2353 833 2383 de
856 2363 932 2383 novo
956 2354 996 2383 sa-

258 2406 324 2427 cere
348 2398 476 2437 poterit,
499 2403 585 2438 atque
612 2401 651 2431 ita
684 2402 800 2432 noviter
832 2403 904 2432 sacta
938 2403 995 2432 vim

258 2445 446 2486 obligativam
469 2451 581 2478 tantum
602 2449 728 2480 habeant
756 2460 848 2491 usque
871 2451 905 2481 ad
929 2461 996 2491 pro-

257 2495 368 2526 ximum
391 2505 516 2535 sequens
538 2497 699 2536 capitulum
721 2500 878 2537 generalc3
909 2504 996 2539 atque

256 2544 287 2574 in
309 2545 382 2575 actis
405 2545 618 2584 capitularibus
640 2546 843 2579 describantur
860 2552 888 2579 ct
904 2548 997 2588 publi-

257 2597 369 2626 centur.
394 2594 548 2634 Nunquam
582 2604 649 2627 vcro
682 2596 710 2627 in
744 2596 837 2636 legem
865 2601 996 2628 extrava-

55 1417 138 1440 gantem
169 1416 239 1435 trans-

55 1443 113 1463 eant.

866 193 1009 219 CLEMENS
1034 193 1081 218 xil
1107 195 1156 219 ΡΡ.

1696 187 1737 220 77
1784 194 1833 223 An.
1852 194 1880 222 C.
1902 195 1973 224 1730

1030 247 1147 280 gantem
1165 247 1328 283 transeant,
1344 244 1413 275 licet
1430 244 1539 285 pluries
1561 244 1671 275 suerint
1694 245 1776 275 simi-

1031 291 1098 322 liter
1120 293 1268 331 innovata,
1295 294 1351 324 nisi
1375 295 1497 324 ulterius
1519 294 1721 334 approbentur
1744 300 1772 324 et

1032 340 1244 372 confirmentur
1262 343 1292 372 in
1309 343 1421 374 duobus
1437 343 1567 383 proxime
1583 343 1775 382 sequentibus

1033 389 1170 428 capitulis
1192 391 1401 428 generalibus,
1424 396 1455 421 ut
1478 401 1587 431 supra3
1612 396 1699 430 atque
1732 392 1773 421 ita

1033 447 1115 467 sacra
1137 438 1329 478 Congregatio
1352 444 1493 479 perpetuo
1516 446 1543 470 et
1565 440 1775 470 inviolabiliter

1033 487 1143 516 servari
1166 488 1324 524 mandavit,
1349 488 1584 528 quibuscumque
1607 489 1636 519 in
1660 493 1774 519 contra-

1034 536 1110 566 rium
1133 545 1192 566 non
1216 536 1411 567 obstantibus.

1074 594 1103 615 11.
1122 585 1251 615 Firmam
1268 585 1326 615 vim
1350 586 1422 624 legis
1439 591 1550 616 tantum
1572 586 1678 617 haheat
1697 587 1773 627 quod
1801 596 1832 617 ne
1848 596 1921 617 miurs
1939 602 1974 616 ca.

1034 635 1202 675 disponitur
1225 639 1253 665 et
1276 635 1427 666 ordinatur
1450 636 1478 666 in
1502 636 1610 666 nostris
1634 623 1973 667 eonstitu-''¹¹⁰¹¹“e⁰e¹³¹¹⁵·

1035 684 1185 722 tionibus,
1206 684 1468 723 extravagantibus
1490 689 1518 715 et
1533 685 1702 715 ordinario:
1732 695 1777 716 ro-

1035 733 1087 764 tuli
1110 743 1180 765 vero
1213 735 1334 774 capituli
1366 734 1512 773 generalis
1536 739 1564 764 ot
1587 735 1691 774 privati
1717 735 1775 765 vim

1034 783 1220 821 obligativam
1236 782 1362 813 habeant
1376 788 1403 813 et
1415 783 1777 822 observentur‚quousque

1035 831 1200 871 publicetur
1233 832 1262 862 in
1296 831 1483 862 monasteriis
1516 832 1629 861 rotulus
1658 832 1777 871 capituli

1034 880 1179 918 generalis
1202 880 1334 920 proxime
1368 880 1537 920 sequentis:
1562 880 1677 910 litterae
1709 889 1777 909 vero

1035 929 1219 960 visitatorum
1247 929 1430 968 generalium
1465 938 1557 969 usque
1580 929 1614 958 ad
1638 929 1779 958 visitatio-

1034 988 1100 1009 nem
1124 978 1291 1017 generalem
1308 978 1476 1008 immediate
1492 982 1662 1017 sequentem
1679 977 1778 1008 obser-

1035 1027 1096 1057 vari
1118 1027 1243 1057 debeant
1265 1026 1318 1057 sub
1341 1027 1443 1066 poenis
1466 1027 1495 1056 in
1518 1026 1577 1056 illis
1600 1027 1756 1057 contentis.

1076 1086 1117 1107 111.
1140 1076 1304 1107 Declaratio
1326 1076 1419 1106 nostri
1436 1076 1554 1107 Ordinis
1577 1076 1674 1114 legum
1691 1076 1779 1115 perti·
1803 1087 1971 1109 occuram-³1³.

1034 1130 1103 1156 neat
1126 1125 1160 1156 ad
1185 1126 1219 1156 N.
1238 1125 1398 1166 capitulum
1423 1125 1558 1164 generale
1587 1128 1637 1155 aut
1664 1124 1698 1154 ad
1721 1125 1779 1164 pri·
1790 1115 1906 1168 ξὲ’ξῖ,υζξῑ,
1921 1120 1972 1141 ‘¹⁰⁰⁵

1035 1179 1147 1213 vatum,
1162 1174 1206 1204 vel
1222 1174 1257 1204 ad
1274 1178 1385 1214 patrem
1401 1174 1567 1212 generalem
1588 1173 1663 1203 infra
1687 1173 1778 1203 trien-

1034 1223 1117 1253 nium
1140 1223 1217 1253 inter
1239 1223 1375 1262 generale
1394 1226 1422 1252 et
1445 1222 1582 1261 generale
1603 1221 1777 1261 capitulum,

1035 1273 1085 1312 qui
1108 1272 1278 1302 consuletur
1297 1272 1321 1302 si
1344 1272 1462 1312 aliquod
1484 1269 1606 1301 dubium
1630 1274 1778 1307 occurrat,

1035 1326 1063 1351 et
1078 1321 1199 1351 interim
1216 1321 1375 1351 declaratio
1392 1320 1500 1360 prioris
1515 1319 1696 1350 observetur.
1710 1319 1781 1350 Nul-

1035 1371 1080 1401 lae
1103 1376 1201 1401 tamen
1225 1370 1439 1401 declarationes
1455 1370 1500 1400 vel
1519 1369 1779 1409 interpretationes

1036 1425 1203 1451 nostrarum
1218 1420 1459 1450 constitutionum
1474 1422 1502 1449 et
1515 1417 1781 1457 extravagantium,

1036 1479 1051 1499 a
1074 1469 1202 1509 capitulo
1224 1468 1355 1507 generali
1372 1468 1473 1505 sactae,
1486 1468 1543 1498 vim
1561 1467 1633 1506 legis
1650 1471 1781 1496 extrava-

1036 1519 1134 1557 gantis
1158 1518 1284 1548 babeant
1307 1522 1334 1548 et
1356 1521 1516 1555 assumant,
1536 1517 1592 1546 nisi
1615 1516 1645 1546 in
1668 1515 1780 1546 duobus

1037 1567 1171 1607 proxime
1194 1566 1385 1606 sequentibus
1408 1565 1544 1605 capitulis
1573 1564 1779 1603 generalibus,

1036 1620 1068 1646 ut
1087 1625 1187 1655 supra,
1205 1615 1370 1655 propositae
1393 1619 1421 1645 et
1444 1614 1633 1644 confirmatae
1657 1613 1778 1643 suerint.

1077 1673 1114 1694 iv.
1140 1663 1275 1694 Patribus
1298 1663 1485 1702 generalibus
1507 1662 1650 1693 absolutis
1680 1671 1781 1692 exem·
1825 1670 1973 1697 Exempuones

1038 1714 1153 1753 ptiones
1176 1717 1333 1753 sequentes
1356 1713 1579 1743 conceduntur:
1798 1700 1973 1746 .{¹.}1‘1'¹¹'3=S?0'¹1{'1'33

1096 1763 1124 1792 1.
1142 1762 1173 1792 In
1190 1766 1250 1792 toto
1266 1767 1366 1792 nostro
1383 1762 1491 1793 Ordine
1507 1761 1630 1801 quilibet
1645 1757 1841 1791 sacerdos‘ssffl·

1037 1812 1109 1842 duas
1132 1811 1261 1842 celebret
1285 1811 1389 1841 missas
1423 1820 1475 1850 pro
1506 1810 1630 1849 singulis
1662 1810 1779 1840 illorum

1038 1869 1072 1890 ex
1095 1860 1149 1890 hoc
1172 1860 1289 1890 saeculo
1312 1859 1544 1895 decedentibus;
1568 1859 1617 1898 qui
1648 1868 1714 1888 vero
1737 1868 1781 1888 sa-

1038 1910 1171 1940 cerdotes
1193 1919 1251 1939 non
1277 1909 1396 1947 suerint,
1414 1909 1569 1938 missarum
1593 1908 1781 1947 aequivalen-

1039 1959 1107 1989 tiam
1126 1983 1131 1993 ,
1155 1963 1187 1988 ut
1210 1958 1330 1996 dicitur,
1354 1966 1460 1996 nempe
1483 1966 1620 1996 vesperas
1642 1965 1707 1986 cum
1731 1966 1781 1986 no-

1038 2013 1143 2038 cturno
1159 2012 1187 2037 et
1202 2007 1302 2037 laudes
1315 2007 1518 2037 defunctorum
1532 2006 1630 2036 dicere
1643 2005 1779 2035 debeant.

1097 2057 1127 2087 ⁶2.
1146 2056 1241 2086 Liberi
1263 2056 1322 2086 sint
1343 2060 1371 2086 et
1393 2055 1521 2095 exempti
1544 2054 1580 2084 ab
1602 2063 1690 2084 onero
1713 2054 1781 2083 mis-

1038 2116 1137 2136 sarum
1160 2106 1397 2144 communitatis,
1422 2110 1450 2135 et
1479 2115 1493 2134 a
1517 2113 1701 2144 quocumque
1723 2103 1780 2133 alio

1038 2156 1134 2186 officio
1157 2160 1362 2196 praeterquam
1386 2155 1494 2194 prioris
1516 2158 1565 2184 aut
1584 2153 1726 2193 deputati.

1098 2206 1126 2235 3.
1148 2205 1291 2234 Assistere
1314 2205 1420 2243 choro,
1443 2203 1500 2233 nisi
1524 2202 1632 2232 suerint
1654 2201 1778 2241 priores,

1039 2264 1096 2284 non
1120 2258 1287 2284 teneantur.

1098 2304 1126 2333 4.
1151 2303 1194 2333 Ad
1218 2303 1344 2342 capitula
1368 2301 1515 2340 generalia
1550 2305 1577 2330 et
1607 2299 1779 2330 intermedia

1039 2353 1151 2392 possint
1184 2352 1378 2391 personaliter
1410 2350 1592 2386 convenire,
1616 2349 1646 2378 in
1679 2349 1779 2388 eisque

1040 2409 1140 2430 vocem
1173 2400 1296 2430 activam
1320 2403 1348 2429 ot
1370 2399 1516 2438 passivam
1548 2396 1779 2427 intervenientes

1040 2448 1158 2478 babere.

1101 2499 1129 2526 5.
1146 2496 1177 2526 In
1202 2495 1337 2526 omnibus
1354 2495 1425 2525 locis
1442 2494 1616 2534 praecedant
1637 2494 1779 2534 quibusli-

1040 2546 1087 2576 bet
1109 2545 1258 2575 monacbis
1282 2549 1309 2574 et
1333 2544 1478 2583 prioribus
1499 2544 1630 2581 Ordinis,
1657 2548 1778 2583 excepto

1040 2595 1148 2635 priore,
1165 2595 1211 2626 cui
1227 2594 1361 2631 subsunt,
1375 2598 1402 2624 et
1419 2592 1617 2625 visitatoribus
1633 2593 1776 2632 generali-
