2182 3137
226 224 278 250 An.
294 223 324 252 C.
343 223 411 252 1732

244 577 309 602 lpum
325 583 408 598 minwe-

225 607 295 624 rantm
315 606 391 625 otti-vm.

457 215 521 250 36⁶2

420 274 551 312 periculo
574 284 604 304 se
627 279 774 314 exponat3
799 281 827 306 et
859 276 882 306 si
906 276 935 306 in
959 276 1032 306 cibis
1047 301 1054 314 ‚
1078 279 1160 314 aere,

420 322 537 360 frigore,
562 327 610 352 aut
632 323 686 353 alia
710 324 846 364 quapiam
871 325 899 354 in
916 333 946 355 re
962 324 1073 364 aliquid
1097 334 1162 364 pro-

419 370 508 400 babili
531 371 644 401 ratione
666 372 891 410 animadvertat,
915 373 993 413 quod
1012 374 1160 403 communi

419 419 550 449 omnium
584 421 627 449 vel
657 420 781 451 alicuius
810 422 896 451 saluti
927 421 1029 451 obesse
1058 421 1159 461 possit,

420 467 553 498 abbatem
577 469 741 499 admoneat.

572 517 641 547 CAP.
665 517 736 548 XVI.
755 521 795 539 '—
821 519 859 549 De
881 519 1009 548 ianitore.

460 576 479 596 1.
503 566 710 597 Monasterium
734 571 876 607 perpetuo
892 567 929 598 sit
944 568 1087 607 clausum,
1105 569 1162 598 cla-

421 616 522 655 visque
544 616 574 645 in
598 617 680 655 porta
704 626 740 646 ne
763 616 959 657 relinquatur,
976 626 1010 647 ac
1032 621 1163 657 propter-

420 674 453 694 ea
477 665 584 695 ianitor
608 665 644 695 ab
667 665 770 696 abbate
788 667 985 697 constituatur
1000 667 1160 696 monachus

420 718 599 753 mansuetus,
625 714 757 753 humilis,
775 716 888 754 patiens
911 720 939 746 et
961 716 1093 752 sedulus,
1111 715 1160 755 qui

419 763 525 793 ianuae
548 763 756 793 custodiendae
779 773 895 803 semper
917 764 1052 803 assistat,
1084 773 1160 794 eam-

419 813 602 852 quevnetnini
619 813 827 844 monachorum
841 813 963 853 aperiat,
980 814 1036 843 nisi
1049 813 1158 843 socium

420 866 449 892 et
471 861 595 892 exeundi
618 862 767 892 licentiam
791 862 963 893 obtinuerit.
987 863 1090 892 Nullus
1113 872 1161 892 au-

421 915 477 941 tem
500 921 515 941 e
538 912 716 941 monasterio
739 912 924 950 egrediatur,
949 911 1005 941 nisi
1027 921 1092 941 cum
1116 922 1161 941 so-

419 959 475 997 cio,
499 960 675 999 licentiaque
699 960 790 999 petita
812 970 843 989 ac
866 960 1037 999 impetrata,
1063 964 1091 990 et
1113 960 1161 990 be-

420 1009 588 1039 ncdictione
609 1010 728 1048 accepta
750 1009 785 1038 ab
808 1009 912 1039 abbate
935 1018 986 1038 seu
1005 1009 1067 1039 eius
1084 1009 1161 1039 vica-

419 1058 475 1096 rio,
498 1062 548 1087 aut
569 1057 599 1087 in
622 1057 727 1087 horum
744 1057 876 1087 absentia
893 1056 928 1086 ab
945 1057 1110 1096 antiquiore
1126 1066 1160 1087 ex

420 1106 567 1146 professis.

459 1165 488 1185 n.
513 1154 689 1186 Vocantibus
710 1159 737 1185 et
760 1155 927 1185 monasterii
956 1155 1072 1186 ianuam
1098 1156 1162 1195 pul-

419 1203 574 1243 santibUS,
599 1205 655 1234 cito
678 1204 751 1234 adsit
772 1208 799 1234 et
822 1204 1016 1244 respondeat;
1040 1215 1097 1235 non
1122 1209 1162 1235 ta-

419 1263 486 1284 men
509 1253 591 1293 prius
615 1258 727 1293 portam
750 1254 873 1292 aperiat,
897 1263 983 1293 quam
1008 1264 1059 1293 per
1081 1255 1160 1284 sene-

419 1307 510 1333 stram
534 1303 630 1333 videat
653 1303 823 1342 qualitatem
842 1313 982 1342 personae
1005 1304 1162 1334 advenien-

419 1352 458 1382 tis
473 1363 479 1388 ;
497 1362 571 1391 quae
588 1352 611 1381 si
628 1352 690 1382 eius
707 1352 882 1381 conditionis
898 1352 997 1391 fuerit,
1015 1356 1046 1382 ut
1062 1353 1161 1392 paucis

420 1399 516 1429 verbis
539 1399 725 1438 expediatur,
750 1399 821 1438 quin
844 1403 925 1438 porta
949 1399 1109 1438 aperiatur,
1133 1400 1160 1429 id

420 1447 506 1478 faciat
529 1457 594 1478 cum
617 1448 695 1478 omni
719 1448 911 1478 humanitate.
931 1448 960 1478 Si
985 1457 1052 1478 vero
1075 1449 1163 1479 suerit

419 1506 542 1536 persona
559 1497 655 1535 gravis
671 1500 721 1526 aut
742 1497 890 1535 religiosa,
907 1502 1021 1536 portam
1038 1498 1160 1536 aperiat,

420 1546 582 1585 interroget
611 1546 681 1586 quid
713 1545 804 1585 vetit,
828 1547 862 1576 ad
887 1546 982 1576 locum
1006 1547 1160 1577 honestum

420 1596 455 1626 ad
477 1596 506 1626 id
528 1596 705 1626 destinatum
729 1596 919 1635 intromittat,
944 1600 971 1626 et
994 1596 1055 1626 sine
1079 1599 1162 1627 mora

420 1645 566 1683 significet
588 1644 697 1675 abbati.

460 1703 502 1724 111.
525 1694 678 1724 Neminem
703 1695 913 1725 monachorum
937 1695 1000 1725 sine
1024 1696 1162 1726 facultate

421 1742 533 1772 abbatis
556 1743 590 1772 ad
612 1743 729 1772 ianuam
753 1746 846 1781 vocet,
871 1753 937 1781 nee,
961 1743 1017 1773 nisi
1041 1748 1162 1782 urgente

421 1791 615 1825 necessitate,
640 1791 747 1821 ianitor
770 1791 921 1821 licentiam
954 1802 1006 1831 pro
1038 1793 1088 1822 illo
1117 1803 1162 1822 vo-

421 1841 513 1870 cando
537 1840 571 1870 ab
594 1840 698 1870 abbate
722 1845 811 1880 petat,
829 1846 878 1870 aut
894 1841 983 1871 abbas
1000 1842 1078 1871 iilam
1103 1843 1160 1879 det,

421 1898 487 1918 eum
510 1893 624 1928 tempus
639 1894 683 1919 est
698 1889 789 1919 divini
806 1890 893 1919 officii
909 1890 938 1919 in
955 1890 1055 1929 choro,
1077 1900 1164 1930 pran-

421 1938 474 1977 dii,
499 1948 618 1977 coenae,
635 1938 747 1968 silentii
770 1943 819 1968 aut
842 1939 1088 1977 congregationis.
1106 1940 1163 1970 Nee

422 1988 505 2017 facile
528 1988 606 2017 idem
629 1987 718 2017 abbas
742 1988 889 2018 licentiam
920 1988 1001 2018 dabit
1029 1989 1164 2019 introdu-

421 2037 505 2066 cendi
529 2037 694 2066 saeculares
717 2037 746 2066 iu
769 2037 895 2066 claustra
920 2038 1111 2075 monasterii,
1136 2043 1163 2068 et

422 2086 513 2115 multo
536 2087 632 2115 minus
655 2086 683 2115 in
713 2086 918 2116 dormitorium
943 2087 1086 2126 fratrum,
1106 2087 1163 2117 nisi

422 2135 481 2164 sint
504 2135 601 2173 magni
625 2135 678 2164 viri
701 2139 750 2165 aut
774 2136 905 2175 praelati.

461 2192 500 2214 lv.
521 2184 689 2214 Monasterii
712 2188 810 2224 portas
826 2190 893 2215 ante
911 2190 1025 2215 noctem
1049 2186 1164 2216 claudat

422 2233 540 2263 ianitor.
559 2234 671 2263 Exinde
694 2244 761 2264 vero
784 2244 832 2264 eas
855 2235 964 2264 nullius
988 2237 1076 2265 causa
1098 2245 1165 2275 ape-

422 2283 479 2313 riat
501 2283 668 2313 inconsulto
692 2283 815 2321 abbate3
849 2289 877 2314 et
904 2288 1059 2324 antequam
1083 2285 1165 2315 cubi-

424 2337 485 2362 tum
508 2338 565 2371 eat,
590 2333 686 2362 claves
706 2333 799 2362 eidem
818 2333 949 2371 tradens,
967 2334 991 2363 si
1010 2335 1076 2373 quis
1095 2335 1164 2364 soris

423 2385 560 2419 maneat,
584 2381 626 2411 illi
661 2381 856 2411 renunciabit.
887 2382 984 2411 Abbas
1015 2392 1083 2413 vero
1116 2388 1165 2414 aut

423 2430 550 2460 vicarius
565 2430 739 2470 quandoque
762 2431 796 2461 de
819 2435 905 2461 nocte
925 2441 973 2461 eas
996 2432 1162 2463 observent.

465 2488 492 2509 V.
519 2479 641 2509 Litteras
664 2490 764 2510 ornnes
787 2485 814 2510 et
837 2481 1002 2519 schedulas,
1027 2486 1054 2511 et
1077 2491 1166 2521 qnae-

424 2539 549 2569 cumque
583 2530 638 2560 alia
667 2530 834 2560 domesticis
867 2531 1042 2570 mittuntur,
1067 2531 1165 2562 abbati

424 2579 526 2608 reddat
549 2583 579 2609 ut
601 2589 633 2609 ea
658 2579 772 2617 videat,
790 2583 818 2609 et
834 2580 867 2609 ad
884 2590 932 2610 eos
948 2580 982 2610 ad
1005 2590 1077 2620 quos
1093 2581 1164 2611 diri—

425 2632 551 2669 guntur,
576 2628 599 2658 si
624 2628 709 2668 velit,
733 2629 921 2660 transmittat.
946 2629 1050 2661 Caveat
1077 2630 1164 2661 etiam

989 227 1173 252 BULLARIUM
1199 226 1356 252 ROMANUM

1203 285 1239 306 ne
1257 276 1380 306 alicuius
1403 276 1554 306 domestici
1569 277 1693 315 litteraS,
1711 282 1761 308 aut
1776 278 1844 317 quid
1861 277 1942 308 simi-

1204 325 1246 363 le,
1270 325 1401 355 externis
1419 325 1467 355 det
1491 325 1605 355 iniussu
1628 325 1752 356 abbatis.

1242 383 1280 404 w.
1304 375 1381 404 Nihil
1405 374 1628 405 custodiendum
1652 385 1667 404 a
1689 375 1825 416 quopiam
1848 381 1942 407 exter-

1203 432 1240 452 no
1262 423 1395 462 recipiat,
1419 422 1523 453 abbate
1545 423 1722 454 inconsulto.

1242 481 1291 501 vn.
1316 472 1344 502 Si
1368 482 1511 511 pauperes
1533 472 1569 502 ad
1591 473 1709 502 ianuam
1739 473 1941 513 eleemosynae

1204 522 1292 551 causa
1313 520 1453 551 accedere
1475 521 1644 559 contingat,
1669 531 1734 552 cum
1767 521 1871 552 iisdem
1893 522 1943 552 be-

1204 571 1291 608 nigne
1324 580 1353 599 se
1387 570 1512 610 habeat,
1536 575 1565 601 et
1597 571 1699 601 sedulo
1729 575 1850 611 quaerat
1871 571 1942 611 quid

1203 619 1244 648 eis
1268 619 1380 657 erogari
1404 620 1494 659 possit
1516 620 1595 650 iuxta
1618 620 1731 650 abbatis
1754 620 1920 650 arbitrium.

1244 676 1304 697 vni.
1328 668 1463 698 Mulieres
1478 692 1485 706 ,
1509 668 1533 698 si
1566 660 1682 708 quando
1705 669 1740 698 ad
1761 669 1868 699 ostium
1895 679 1942 699 ac-

1203 717 1324 756 cedant,
1349 718 1448 756 paucis
1471 717 1567 747 verbis
1589 717 1736 754 dimittat3
1761 722 1809 748 aut
1831 718 1855 748 si
1878 718 1942 757 plu-

1203 766 1284 796 ribus
1307 776 1378 806 opus
1402 766 1560 804 videretur,
1584 767 1612 796 in
1636 767 1803 805 ecclesiam,
1820 767 1845 797 si
1860 771 1940 797 extra

1203 815 1372 845 monasterii
1394 815 1552 845 claustrum
1578 815 1633 853 sit,
1663 816 1698 845 ad
1721 815 1870 846 aedituum
1893 825 1942 846 eas

1203 864 1320 902 mittat,
1345 864 1394 893 ubi
1428 864 1498 903 ipsis
1531 864 1700 903 responderi
1733 864 1861 904 poterit,
1893 869 1943 894 aut

1203 912 1351 942 aedituum
1376 922 1427 942 seu
1450 912 1583 942 abbatem
1607 916 1701 951 vocet,
1719 917 1750 942 ut
1771 922 1871 943 earum
1894 922 1944 943 ne-

1203 961 1279 1000 gotia
1303 961 1474 1001 expediant,
1499 966 1583 1001 prout
1606 971 1652 991 res
1671 961 1874 1001 postulaverit.

1242 1020 1282 1040 1x.
1306 1010 1335 1040 Si
1359 1010 1423 1049 quis
1446 1011 1663 1049 eleemosynam
1685 1011 1721 1040 ad
1743 1011 1862 1041 ianuam
1894 1010 1943 1042 da-

1204 1058 1256 1093 bit,
1281 1067 1344 1088 eam
1368 1067 1526 1088 oeconomo
1549 1059 1644 1089 statim
1668 1059 1774 1089 tradet.

1244 1118 1272 1137 x.
1296 1107 1369 1138 Loca
1394 1111 1493 1147 portae
1516 1107 1610 1137 vicina
1634 1108 1741 1138 munda
1764 1113 1878 1147 servet,
1901 1113 1940 1148 et,

1204 1162 1235 1188 ut
1257 1157 1339 1188 iuxta
1369 1157 1488 1187 ianuam
1517 1166 1619 1188 ornnes
1641 1157 1787 1188 submissa.
1808 1167 1879 1188 voce
1901 1158 1943 1189 lo-

1204 1211 1341 1246 quantur,
1364 1210 1456 1237 curet.
1592 1239 1596 1242 ,

1244 1265 1282 1285 xr.
1309 1256 1343 1286 Ut
1366 1256 1473 1286 ianitor
1495 1256 1530 1286 ad
1557 1260 1670 1296 portam
1697 1256 1842 1287 sollicitus
1872 1257 1944 1287 assi-

1204 1309 1280 1335 stere
1304 1306 1412 1344 possit,
1437 1306 1532 1345 primo
1555 1311 1619 1346 post
1641 1307 1805 1346 persolutas
1828 1306 1945 1337 matuti-

1204 1364 1256 1384 nas
1289 1355 1375 1384 horas
1407 1355 1551 1385 sacrificio
1584 1355 1710 1386 intersit.
1742 1355 1813 1386 Cum
1845 1360 1943 1386 autem

1204 1404 1300 1433 cibum
1324 1404 1424 1441 sumit,
1448 1408 1497 1434 aut
1519 1405 1548 1434 in
1572 1405 1670 1444 aliquo
1686 1404 1851 1434 ministerio
1866 1404 1943 1434 intra

1205 1454 1248 1483 vel
1271 1457 1349 1483 extra
1375 1453 1582 1483 monasterium
1606 1458 1786 1493 occupatur,
1810 1453 1884 1484 alius
1907 1453 1943 1483 ah

1204 1502 1307 1532 abbate
1329 1512 1379 1532 seu
1403 1502 1511 1532 vicario
1534 1502 1570 1532 ad
1592 1502 1754 1532 custodiam
1773 1506 1875 1542 portae
1897 1502 1945 1533 de-

1204 1552 1344 1582 stinetnr.

1284 1601 1353 1631 Cae.
1377 1600 1462 1631 xvll.
1486 1619 1524 1623 ——
1546 1601 1586 1631 De
1607 1602 1715 1632 custode
1737 1603 1860 1632 vestium.

1244 1661 1264 1679 1.
1298 1650 1420 1680 Servare
1456 1650 1540 1680 debet
1577 1660 1694 1681 omnem
1731 1651 1944 1690 supellectilem

1205 1700 1266 1729 sive
1297 1700 1404 1729 lineam
1438 1700 1499 1730 sive
1531 1700 1663 1737 laneam,
1687 1705 1714 1730 et
1736 1701 1878 1740 quidquid
1909 1701 1946 1731 ad

1204 1749 1375 1779 indumenta
1392 1772 1399 1785 ,
1422 1753 1472 1787 et,
1496 1749 1546 1779 ubi
1578 1759 1650 1789 opus
1673 1750 1776 1787 fuerit,
1800 1750 1888 1780 etiam
1910 1750 1945 1781 ad

1205 1798 1402 1828 calceamenta
1431 1798 1556 1835 attinet3
1590 1808 1664 1837 quae
1697 1798 1830 1836 diligenti
1852 1800 1944 1837 cura,

1206 1852 1236 1877 ut
1258 1857 1304 1877 res
1328 1857 1488 1886 pauperum
1511 1847 1636 1884 Christi,
1660 1847 1804 1878 custodiet
1825 1847 1855 1878 in
1884 1848 1946 1879 loco

1205 1898 1239 1928 ad
1263 1897 1291 1927 id
1314 1897 1478 1935 designato.

1245 1956 1276 1976 11.
1302 1946 1503 1976 Inventarium
1526 1955 1647 1985 rerum,
1671 1956 1743 1986 quas
1764 1946 1827 1986 ipse
1849 1950 1944 1977 custo-

1206 1995 1258 2033 dit,
1283 1996 1306 2025 si
1330 1995 1453 2025 alicuius
1476 1995 1616 2025 momenti
1643 1995 1716 2032 sint,
1740 1995 1770 2025 in
1801 1995 1876 2026 libro
1897 1995 1947 2026 ha-

1206 2045 1271 2074 beat
1286 2055 1292 2074 z
1317 2049 1344 2075 et
1361 2045 1483 2074 seorsim
1500 2045 1608 2074 scribat
1624 2054 1697 2084 quae
1712 2045 1747 2075 de
1762 2054 1837 2075 novo
1856 2045 1926 2075 fiant
1937 2069 1945 2084 ,

1206 2098 1238 2124 ut.
1250 2093 1345 2123 abbati
1359 2094 1403 2123 sui
1418 2094 1547 2124 muneris
1560 2094 1701 2124 rationem
1714 2094 1837 2124 reddere
1850 2098 1946 2133 queat.

1247 2152 1287 2173 111.
1312 2143 1412 2173 Vestes
1446 2143 1548 2172 ordine
1581 2143 1736 2182 dispositas
1768 2147 1885 2181 servet,
1909 2151 1946 2173 ne

1207 2196 1433 2231 corrumpantur
1457 2191 1564 2230 videat,
1584 2195 1612 2221 et
1634 2191 1834 2221 resarciendas
1857 2191 1946 2221 etiam

1206 2245 1300 2270 curet.
1317 2240 1393 2276 Quas
1416 2249 1483 2270 vero
1506 2249 1564 2269 non
1589 2239 1713 2278 amplius
1736 2239 1801 2269 usui
1823 2240 1946 2270 fratrum

1207 2290 1319 2319 suturas
1337 2289 1489 2327 iudicabit,
1507 2298 1555 2319 eas
1577 2288 1675 2319 abbati
1692 2289 1835 2327 ostendat,
1851 2293 1883 2320 ut
1897 2289 1947 2320 ille

1207 2339 1242 2368 de
1264 2339 1300 2368 iis
1322 2342 1440 2368 statuat.

1247 2397 1284 2417 lv.
1309 2387 1387 2423 Quae
1410 2387 1518 2426 singuli
1540 2388 1643 2418 novitii
1662 2388 1696 2418 ad
1713 2388 1889 2419 monasteria
1904 2391 1946 2419 at-

1208 2437 1339 2475 tulerint,
1363 2446 1394 2467 ea
1419 2436 1526 2467 alicubi
1549 2437 1705 2477 separatim
1728 2441 1874 2477 asservet,
1897 2437 1948 2468 do-

1207 2496 1260 2516 nec
1284 2486 1494 2526 professionem
1518 2486 1663 2516 emittant.

1247 2543 1274 2564 v.
1300 2535 1430 2573 Singulis
1453 2535 1601 2565 mensibus
1629 2535 1717 2565 cellas
1740 2535 1890 2575 visitabit,
1914 2540 1947 2567 ut

1207 2593 1241 2613 ex
1264 2583 1377 2614 abbatis
1401 2583 1534 2623 arbitrio,
1559 2585 1583 2614 si
1606 2584 1674 2624 quid
1698 2584 1740 2614 eis
1762 2585 1853 2623 desit,
1878 2594 1946 2624 sup-

1208 2632 1281 2673 pleri
1297 2632 1398 2673 possit.
1417 2632 1448 2664 Si
1471 2632 1540 2673 quid
1564 2633 1651 2664 etiam
1666 2633 1845 2673 superfluum
1862 2633 1945 2665 inve-

1952 232 2005 258 An.
2022 231 2050 260 C.
2067 233 2135 263 1732

2004 1664 2059 1688 Quid
2073 1669 2139 1690 agere

1956 1691 2042 1715 debeat..

2162 616 2175 697 ,ζ’-»νβ
2159 586 2170 594 3
2159 566 2162 569 ,
2163 548 2165 550 ,

2167 797 2182 1160 ,q

2174 1168 2182 1281 l

2174 1282 2182 1394 Ξ

2159 2108 2182 2495 i
