2182 3137
37 209 86 236 An.
106 206 136 234 C.
159 205 228 233 1730

50 1111 136 1133 Necnon
151 1111 221 1131 sacul-

38 1140 101 1159 utem
126 1138 219 1159 testandi

39 1165 65 1186 de
73 1164 174 1185 fructibus
183 1165 220 1185 be-

37 1191 168 1214 maliciorum.

872 204 1015 228 CLEMENS
1042 205 1083 227 xil
1108 206 1155 228 ΡΡ.

231 253 317 286 modi
334 263 398 285 non
413 253 580 292 consectis,
593 263 628 285 ac
642 252 721 284 alias
737 262 809 284 cum
823 251 974 284 omnibus
996 260 997 264 ¹

231 310 263 338 et
287 305 548 348 quibuscumque
575 303 855 346 exemptionibus,
881 303 976 346 privi-

230 358 334 400 legiis,
361 358 517 396 decretis,
543 357 719 396 clausulis,
745 357 973 395 cautionibus,

230 410 387 449 vinculis,
412 409 665 452 obligationibus
692 414 723 441 et
748 409 886 441 cautelis
904 436 911 448 ‚
939 419 975 441 ac
997 416 998 432 t

230 463 328 495 etiam
354 462 497 494 censuris
524 467 555 494 et
580 461 716 504 poenis,
746 461 779 493 in
805 461 974 504 prioribus
998 472 999 480 ¹

229 514 509 548 reservationibus
541 514 728 547 huiusmodi
755 514 919 546 concessis
945 519 976 546 et

229 569 404 607 contentis,
430 578 558 601 necnon
584 578 655 601 cum
683 567 917 609 subrogatione
942 567 975 599 in
998 567 1000 602 l

230 622 395 666 quibusvis
419 623 533 655 vestris
565 622 708 660 iuribus,
739 621 835 653 etiam
869 620 976 663 quoad

231 676 323 719 quasi
357 675 598 718 possessionem
636 674 814 717 exigendi,
842 674 873 706 in
912 684 1000 721 quai

231 733 308 760 tuuc
322 729 422 768 eritis,
442 729 570 771 integre
588 728 834 771 persolvendas,
852 728 977 759 servata

231 786 341 814 tamen
368 782 468 815 forma
493 781 735 814 constitutionis
753 781 853 814 felicis
872 791 978 813 recor-

232 835 372 868 dationis
389 835 570 868 Innocentii
597 835 701 878 Papae
722 835 761 868 xt
786 835 977 878 praedeces·

231 888 313 921 soris
338 888 440 921 nostri
468 899 565 930 super
599 888 865 921 translationibus
890 898 973 930 pen-

231 940 361 973 sionum
387 941 506 978 editae,
530 951 707 979 reservare,
726 941 926 973 constituere
946 947 978 973 et
999 957 1001 961 v

232 993 397 1036 assignare
419 996 565 1034 valeant,
591 995 784 1027 auctoritate
807 1000 838 1027 et
864 1000 976 1026 tenore

232 1047 407 1089 praedictis
422 1048 461 1080 de
481 1047 612 1091 speciali
630 1048 732 1090 gratia
755 1048 974 1089 indulgemus.
999 1054 1001 1079 t

276 1101 290 1143 ἓ
315 1100 347 1133 6.
374 1100 507 1133 Necnon
546 1101 644 1133 etiam
679 1100 792 1139 vobis,
820 1106 854 1132 ut
882 1100 921 1132 de
948 1111 977 1133 o-

233 1154 363 1186 mnibus
389 1160 421 1186 et
446 1153 584 1196 singulis
625 1154 795 1193 domibus,
824 1153 975 1197 praediis,

232 1207 507 1250 possessionibus,
535 1207 628 1240 terris
655 1213 686 1240 et
708 1208 800 1247 locis,
829 1218 865 1239 ac
890 1207 979 1239 iuris-

233 1260 446 1299 dictionibus,
475 1260 657 1302 ceterisque
683 1260 778 1293 bonis
800 1260 978 1292 mobilibus

233 1318 265 1345 et
290 1313 521 1350 immobilibus,
559 1323 640 1354 quae
673 1318 779 1344 tamen
813 1323 878 1345 uon
915 1312 979 1344 siut

233 1366 342 1399 altaris
382 1376 437 1398 seu
480 1366 632 1398 altarium
674 1366 886 1398 ecclesiarum
919 1377 975 1398 vo-

233 1472 370 1515 speciali
396 1473 585 1505 earumdem
622 1473 838 1505 ecclesiarum
870 1472 980 1506 divino

234 1527 335 1559 cultui
371 1536 429 1558 seu
466 1526 537 1558 usui
575 1526 752 1569 deputata,
781 1537 883 1569 seque
910 1537 980 1559 mo-

233 1580 395 1618 ventibus,
413 1579 646 1622 cuiuscumque
672 1580 850 1622 qualitatis,
875 1590 979 1622 quan-

234 1633 346 1672 titatis,
372 1633 501 1671 valoris,
528 1633 661 1675 speciei,
687 1634 783 1676 pretii
810 1639 840 1666 et
867 1633 980 1666 condi-

234 1687 333 1719 tionis
360 1686 581 1724 existentibus,
608 1696 644 1718 ac
669 1686 795 1718 iuribus
823 1692 853 1719 et
879 1687 1003 1719 actio-t

234 1741 330 1773 nibus
356 1740 394 1772 ad
419 1750 476 1772 vos
500 1739 627 1771 ratione
650 1739 864 1772 ecclesiarum
884 1740 980 1772 etiam
1001 1761 1003 1771 t

235 1793 473 1827 cathedralium
500 1797 532 1825 et
557 1793 895 1836 metropolitanarum,
915 1793 981 1836 qui-

234 1848 298 1880 bus
338 1857 392 1879 vos
434 1846 542 1879 forsan
584 1857 741 1888 praeesse
780 1847 979 1889 contigerit,

236 1910 364 1933 necnon
414 1899 714 1938 monasteriorum,
756 1900 979 1942 prioratuum,
1002 1902 1004 1937 ἵ

236 1953 550 1996 praepositmnrmu,
578 1953 772 1994 dignitatum
794 1959 825 1985 et
843 1954 980 1985 aliorum
1003 1951 1005 1980 ἶ

236 2017 517 2050 quorumcumque
554 2006 789 2039 beneficiorum
829 2008 984 2040 ecclesia·
1004 2027 1005 2030 =

237 2059 403 2099 sticorum,
425 2069 496 2091 eum
516 2061 594 2091 cura
619 2065 650 2091 et,
675 2059 742 2092 siue
769 2062 855 2101 cura,
873 2070 984 2092 saecu-

236 2113 354 2145 larium
387 2117 418 2144 et
451 2112 642 2155 quorumvis
668 2112 822 2145 Ordiuum
857 2115 984 2155 regula-

238 2219 386 2252 sionibus
412 2225 444 2251 et
465 2218 768 2261 dispensationibus
795 2220 984 2262 apostolicis

239 2272 270 2305 in
297 2272 437 2310 titulum,
464 2272 703 2311 commendam,
731 2272 984 2306 administratio-

239 2335 323 2365 nem,
343 2335 379 2357 ac
400 2324 478 2357 alias
496 2325 746 2367 quomodolibet
763 2326 982 2366 obtinueritis,

238 2376 396 2411 obtinetis
434 2382 466 2409 et
498 2377 704 2419 obtinebitis,
731 2389 768 2411 ac
799 2380 981 2420 fruetuum,

238 2431 425 2464 reddituum
452 2436 483 2462 et
507 2436 723 2473 proventuum
745 2432 983 2466 ecclesiastico-

239 2495 309 2517 rum
335 2485 407 2516 loco
433 2484 641 2526 pensionum,
669 2485 877 2528 ipsarumque
905 2496 983 2528 pen-

239 2538 369 2571 sionum
395 2547 576 2570 annuarum
603 2548 702 2580 super
729 2538 891 2571 similibus
919 2540 983 2571 sru-

238 2591 354 2630 ctibus,
380 2590 564 2623 redditibus
582 2597 613 2624 et
637 2591 864 2634 proventibus,
890 2593 981 2625 vobis

1019 259 1260 286 reservatorum
1286 259 1317 287 et
1342 255 1587 298 assignatarum,
1605 265 1641 288 ac
1660 265 1764 288 reser-

1018 306 1198 338 vandorum
1231 313 1261 339 et
1295 308 1571 350 assignandarum,
1611 319 1692 351 quos
1732 315 1764 341 et

1019 368 1099 400 quas
1131 360 1355 402 perceperitis,
1389 361 1559 403 percipitis
1594 367 1626 393 et
1658 362 1764 404 perci-

1019 409 1118 452 pietis
1142 411 1175 442 in
1202 411 1356 451 futurum,
1382 423 1441 445 nec
1467 424 1531 446 non
1562 415 1764 447 emolumen-

1021 467 1125 494 torum
1152 474 1431 508 quorumcumque
1456 466 1621 499 Romanae
1648 467 1764 500 Curiae

1021 514 1218 554 officiorum,
1245 528 1282 549 ac
1306 519 1385 550 alias
1411 520 1661 561 quomodolibet
1691 530 1766 563 spe-

1021 568 1182 600 ctantibus
1207 574 1238 601 et
1262 570 1512 611 pertinentibus,
1538 583 1574 604 ac
1601 572 1696 604 etiam
1723 573 1766 605 de

998 632 1000 644 ἢ
1021 619 1115 651 dictis
1141 622 1364 663 proventibus,
1384 623 1553 663 fructibus,
1580 625 1763 657 redditibus

1022 678 1051 704 et
1076 672 1293 715 pensionibus
1328 675 1466 715 annuis,
1493 686 1619 709 necnon
1656 680 1765 710 vestra

1022 731 1053 757 et
1070 725 1245 759 cuiuslibet
1263 733 1405 759 vestrum
1425 729 1583 761 industria
1602 735 1633 762 et
1650 730 1764 764 labore

1022 773 1272 822 quomodolibet
1297 787 1328 813 et
1352 782 1593 825 undecumque,
1620 784 1706 816 licite
1720 789 1765 817 ta-

999 854 1001 862 i
1022 843 1108 871 men,
1127 833 1293 876 acquisitis
1320 840 1351 867 et
1376 835 1594 877 acquirendis,
1621 847 1656 869 ac
1682 837 1763 869 alias

999 886 1120 917 ·etiam
1147 886 1186 919 de
1222 887 1411 920 muneribus
1450 894 1481 920 et
1516 888 1652 927 officiis,
1679 899 1763 932 quae

1022 939 1236 972 exercueritis
1264 945 1296 973 et
1321 951 1375 973 vos
1401 951 1555 974 exercere
1576 942 1765 984 contigerit,

1023 998 1054 1024 et
1078 992 1156 1025 alias
1181 994 1291 1036 quavis
1317 995 1487 1027 occasione
1513 996 1561 1027 vel
1588 997 1682 1027 causa
1708 1005 1767 1027 seu

1022 1047 1301 1089 contemplatione
1319 1048 1357 1080 ad
1384 1058 1439 1081 vos
1458 1049 1622 1091 perventis
1642 1054 1674 1082 et
1694 1059 1769 1092 per-

1022 1100 1179 1139 venturis,
1208 1100 1333 1133 etiamsi
1360 1101 1393 1133 in
1419 1102 1558 1144 pecunia
1583 1105 1767 1143 numerata,

1023 1157 1054 1184 et
1080 1152 1248 1193 iocalibus,
1264 1155 1410 1196 gemmis,
1433 1155 1570 1198 aliisque
1596 1156 1770 1198 pretiosio-

1023 1204 1111 1237 ribus
1150 1206 1248 1238 rebus
1285 1206 1471 1248 consistant,
1515 1214 1577 1241 tam
1614 1209 1646 1240 in
1684 1209 1769 1242 dicta

1023 1257 1118 1290 Curia
1143 1269 1238 1301 quam
1266 1265 1356 1292 extra
1381 1271 1450 1293 eam
1476 1262 1596 1304 ubique
1618 1263 1767 1295 locorum

1001 1312 1118 1354 ,etiam
1146 1323 1247 1355 penes
1269 1313 1428 1347 beneficia
1454 1315 1524 1357 ipsa
1551 1317 1768 1349 existentibus

1001 1356 1186 1408 s(quorum
1223 1367 1368 1399 omnium
1407 1369 1579 1411 qualitates
1614 1375 1645 1402 et
1671 1381 1766 1402 veros

231 1419 282 1451 bis
309 1419 558 1452 commissarum
592 1419 773 1451 ministerio
799 1430 854 1452 seu
882 1419 978 1452 alicui
1001 1436 1003 1456 2

1025 1420 1120 1451 etiam
1148 1430 1273 1453 annuos
1297 1422 1442 1459 valores,
1468 1422 1592 1455 etiamsi
1619 1423 1693 1456 talia
1720 1424 1767 1456 t‘o—

1002 1479 1098 1518 1rent
1123 1484 1206 1516 quae
1232 1475 1378 1516 generali
1412 1476 1633 1518 appellatione
1662 1477 1769 1511 bono-

1024 1536 1095 1558 rum
1122 1532 1153 1559 et
1172 1527 1427 1570 supellectilium
1446 1539 1511 1560 non
1529 1530 1688 1570 venirent,
1709 1532 1764 1564 sed

1024 1579 1222 1621 specialibus
1257 1580 1442 1623 indigerent
1466 1583 1646 1621 vocabulis,
1673 1594 1769 1626 prae-

1002 1662 1003 1672 ,
1024 1633 1185 1671 sentibus,
1204 1643 1239 1665 ac
1253 1633 1277 1665 si
1293 1634 1442 1677 specifice
1461 1641 1493 1667 et
1510 1635 1698 1677 singillatim
1719 1648 1769 1669 ex-

1025 1685 1248 1727 primerentur
1284 1691 1315 1719 et
1357 1687 1668 1730 denominarentur,
1706 1701 1768 1733 pro

1025 1737 1225 1771 sufficienter
1251 1740 1416 1783 expressis
1449 1752 1485 1774 ac
1511 1742 1682 1775 declaratis
1711 1745 1768 1776 ba-

1025 1790 1095 1824 beri
1128 1793 1297 1835 volumus)
1330 1805 1433 1837 usque
1460 1795 1497 1827 ad
1525 1806 1685 1829 summam
1711 1808 1768 1830 sex

1025 1845 1164 1878 millium
1192 1846 1381 1879 ducatorum
1407 1849 1477 1880 auri
1504 1850 1543 1882 de
1560 1849 1690 1884 Camerti
1707 1863 1770 1895 pro

1025 1909 1228 1942 unospioque
1254 1905 1408 1939 vestrum,
1436 1912 1472 1933 ac
1497 1903 1592 1935 etiam
1621 1905 1658 1935 de
1686 1905 1767 1947 ipsis

1027 1953 1208 1991 fructibus,
1235 1954 1419 1986 redditibus
1445 1961 1476 1987 ct
1502 1957 1712 1998 proventibus
1738 1964 1772 1991 et

1026 2006 1242 2048 pensionibus
1281 2007 1398 2040 debitis
1435 2015 1466 2040 et
1497 2010 1654 2042 ‹lebendis
1681 2011 1771 2054 (ser-

1026 2060 1096 2090 vata
1122 2064 1228 2092 tamen
1266 2060 1367 2092 torma
1397 2061 1666 2095 constitutionum
1692 2075 1771 2107 apo-

1004 2123 1006 2157 }
1027 2110 1213 2143 stolicarum
1239 2111 1301 2143 iam
1328 2112 1500 2153 editarum,
1521 2119 1553 2145 et
1573 2114 1596 2146 si
1617 2125 1695 2157 quas
1715 2116 1770 2148 ‹Ie-

237 2166 334 2204 rium,
360 2176 442 2208 quae
469 2165 564 2198 etiam
591 2176 627 2198 ex
655 2166 823 2208 quibusvis
849 2161 1006 2199 conces-³

1027 2164 1140 2206 inceps
1178 2164 1229 2196 edi
1255 2165 1447 2207 contigerit,
1481 2177 1579 2209 super
1613 2167 1769 2200 fructibus

1027 2218 1225 2259 iuexactis),
1253 2218 1349 2251 etiam
1376 2220 1569 2253 cumulatim
1595 2230 1665 2252 cum
1698 2221 1770 2264 qui-

1026 2270 1132 2303 busvis
1169 2271 1241 2303 aliis
1268 2271 1429 2304 similibus
1468 2273 1517 2305 vel
1555 2273 1769 2307 dissimilibus

1028 2324 1234 2356 facultatibus
1273 2324 1391 2357 habitis
1430 2330 1460 2357 et
1491 2325 1674 2365 habendis,
1703 2331 1768 2359 tam

1026 2387 1085 2419 pro
1121 2377 1315 2410 decentibus
1356 2383 1388 2410 et
1425 2378 1572 2410 honestis
1609 2378 1768 2421 impensis

1026 2430 1232 2469 funebribus,
1258 2441 1352 2473 quam
1378 2430 1474 2463 etiam
1499 2441 1557 2473 pro
1575 2441 1769 2465 remunera-

1025 2483 1115 2516 tione
1141 2484 1272 2516 iltorum
1298 2483 1351 2526 qui
1377 2484 1467 2516 vobis
1494 2484 1676 2517 viventibus
1702 2497 1769 2519 ser-

1024 2537 1151 2576 vierint,
1177 2538 1273 2569 etiam
1299 2537 1381 2569 ultra
1406 2537 1526 2570 servitii
1545 2538 1707 2578 meritum,
1729 2551 1766 2573 ac

1025 2592 1054 2623 in
1081 2596 1260 2623 vestrorum
1287 2591 1605 2633 consanguineorum
1645 2599 1677 2625 et
1702 2594 1771 2626 asti·

1669 198 1732 231 149
1779 208 1829 235 An.
1845 207 1874 235 C.
1892 207 1962 237 1730
