2182 3137
206 248 259 276 An.
277 248 308 275 c.
328 247 396 275 1732
442 238 508 272 360

405 297 482 326 sicut
513 296 548 326 ab
580 296 684 326 abbate
717 296 804 327 fuerit
836 296 1042 336 praesciptum.
1066 295 1144 326 Nihil

407 354 475 374 vero
496 354 596 374 eorum
612 346 767 375 extrahere
783 355 798 375 e
813 345 1002 382 monasterio,
1020 349 1069 375 aut
1084 345 1145 374 eui-

407 394 485 433 piam
509 394 592 424 alteri
616 395 756 424 ecclesiae
779 394 822 424 vel
845 395 1032 431 monasterio,
1056 394 1144 423 etiam

408 447 524 472 nostrae
546 443 787 481 Congregationis
801 467 808 479 ,
832 443 1015 473 commodare
1038 443 1144 483 poterit

407 491 470 521 sine
494 493 729 530 congregationis
752 493 962 522 monachorum
985 493 1113 522 lieentia.

447 549 484 569 vi.
507 540 559 570 Det
581 550 710 580 operam,
727 545 758 571 ut
780 542 861 571 nullo
883 542 968 571 modo
983 541 1081 571 lumen
1097 540 1145 570 de-

405 589 443 618 sit
470 593 536 618 ante
569 590 786 620 sanctissimum
818 591 1017 620 Eucharistiae
1049 598 1145 618 sacra-

407 643 550 676 mentum,
574 648 669 678 neque
693 639 821 670 interdiu
844 649 937 678 neque
961 643 1070 674 noctu,
1095 638 1143 667 ubi

406 687 478 716 illud
501 688 644 717 asservari
675 689 839 726 contigerit.
862 688 964 718 Oleum
988 691 1119 717 sanctum
1135 710 1142 724 ,

406 739 437 764 ut
460 740 583 774 oportet,
603 741 796 774 asservatum,
814 737 937 774 singulis
955 736 1039 766 annis
1062 745 1145 764 reno—

408 784 533 814 vandum
567 789 668 814 curet:
693 791 722 815 et
754 790 919 815 sanctorum
953 784 1092 823 reliquias
1114 784 1143 813 in

406 833 522 863 vasculo
544 833 579 862 ad
601 834 629 863 id
651 834 787 873 deputato
818 834 956 863 decenter
986 832 1141 862 custodiat.

404 881 433 911 Si
452 882 568 921 quando
590 887 686 912 autem
709 882 872 912 devotionis
887 883 976 911 causa
992 882 1144 911 ostenden-

406 931 458 961 dae
481 936 577 969 erunt,
601 932 657 961 duo
679 932 756 961 cerei
778 932 984 961 accendantur.

446 989 493 1009 vn.
517 980 614 1017 Curet,
638 984 669 1009 ut
691 980 801 1009 hostiae
824 979 949 1009 mundae
971 979 1040 1017 sint,
1064 983 1092 1009 et
1114 979 1143 1009 in

407 1039 474 1059 vase
498 1029 612 1058 decenti
635 1029 797 1068 repositae:
822 1029 891 1058 item
924 1029 1042 1064 vinum,
1067 1029 1143 1067 quod

403 1078 438 1107 ad
455 1078 631 1107 sacrificium
649 1081 777 1116 paratur,
794 1078 831 1107 sit
850 1077 956 1107 bonum
973 1082 1001 1107 et
1017 1086 1141 1111 merum,

403 1135 495 1164 eoque
518 1126 580 1165 ipso
607 1126 652 1155 die
679 1127 837 1155 haustum:
861 1126 997 1155 similiter
1019 1130 1047 1155 et
1069 1135 1142 1164 aqua

403 1178 432 1203 et
453 1174 598 1213 ampullae
620 1174 678 1204 sint
695 1175 829 1209 mundae,
847 1178 875 1204 et
892 1174 1040 1204 thuribula
1064 1174 1145 1204 iden-

403 1223 491 1253 tidem
515 1233 529 1253 a
552 1224 674 1262 fuligine
704 1228 850 1262 extergat.

443 1281 501 1301 vni.
526 1272 660 1307 Qualibet
683 1272 860 1302 hebdomada
890 1272 1053 1310 catalogum
1075 1281 1144 1301 con-

403 1321 494 1359 ficiat,
512 1331 569 1360 quo
592 1321 654 1351 dies
672 1321 737 1351 festi
752 1331 785 1350 ac
800 1321 976 1351 ieiuniorum
995 1321 1143 1360 proximae

403 1369 602 1399 hebdomadae
615 1369 828 1406 describantur,
842 1375 870 1399 et
884 1370 972 1399 horae
986 1371 1141 1399 missarum

401 1418 478 1447 inter
500 1418 663 1447 sacerdotes
687 1418 916 1448 distribuantur:
934 1418 1011 1448 vices
1027 1428 1143 1457 quoque

402 1466 696 1496 hebdomadariorum
730 1467 991 1506 ministrorumque
1024 1471 1082 1496 tam
1111 1467 1142 1496 in

402 1515 511 1544 divinis
534 1516 637 1545 officiis
669 1525 755 1554 quam
777 1516 807 1545 in
830 1516 921 1545 missa
952 1516 1075 1545 solemni
1097 1526 1143 1545 ce—

401 1563 540 1593 lebranda
572 1568 720 1594 notentur.
744 1564 817 1594 Eum
846 1574 931 1603 porro
958 1565 1142 1602 catalogum,

402 1612 439 1641 ab
462 1612 566 1642 abbate
588 1623 639 1642 seu
661 1613 725 1643 eius
746 1614 854 1643 vicario
877 1613 1067 1653 approbatum
1082 1636 1089 1647 ,
1112 1613 1141 1642 in

404 1663 468 1691 loco
492 1662 600 1701 patenti
629 1662 747 1700 affigat,
771 1667 821 1693 aut
842 1663 871 1692 in
894 1663 1047 1692 refectorio
1071 1662 1143 1691 reci-

403 1712 523 1741 tandum
539 1716 621 1741 curet
643 1711 673 1740 in
696 1712 817 1750 prandio
836 1711 960 1741 sabbati.
979 1711 1030 1741 Det
1046 1716 1141 1741 autem

403 1770 541 1800 operam,
566 1771 602 1790 ne
625 1761 708 1800 plura
732 1761 818 1790 simul
841 1770 922 1790 sacra
945 1761 1140 1797 inchoentur,

402 1810 453 1839 sed
475 1810 625 1839 commode
640 1810 736 1839 omnia
758 1810 819 1839 suis
840 1810 944 1848 spatiis
961 1810 1142 1848 distinguan-

403 1863 461 1888 tur:
479 1868 636 1897 euramque
653 1863 733 1896 gerat
748 1859 902 1888 missarum
923 1863 1140 1898 perpetuarum,

403 1917 477 1947 quae
494 1918 546 1947 pro
564 1907 798 1937 benefactoribus
820 1908 972 1938 annuatim
995 1908 1142 1938 celebran-

402 1957 455 1987 dae
478 1961 557 1995 sunt,
581 1966 687 1996 easque
710 1957 818 1986 referat
840 1957 868 1986 in
893 1957 1040 1994 tabellam,
1068 1966 1142 1996 quae

402 2006 591 2045 appendenda
615 2006 670 2036 erit
692 2006 720 2035 in
745 2006 899 2044 sacristia,
920 2006 969 2036 ubi
992 2011 1019 2036 et
1040 2007 1070 2036 in
1086 2006 1142 2036 alia

403 2055 507 2085 tabella
530 2055 625 2085 notari
648 2055 754 2084 debent
776 2064 861 2084 casus
883 2055 1083 2094 superioribus
1099 2064 1144 2084 re-

403 2104 533 2139 servati,
559 2108 587 2133 et
609 2104 819 2142 indulgentiae,
844 2104 867 2134 si
890 2114 964 2143 quae
986 2109 1054 2134 sunt
1076 2114 1144 2135 con-

402 2163 512 2183 cessae.

443 2212 483 2233 ix.
508 2203 582 2233 Ante
601 2203 703 2232 missas
726 2207 755 2232 et
777 2203 968 2242 psalmodiam
995 2204 1087 2241 chori,
1106 2204 1144 2234 si-

403 2261 459 2291 gna
484 2253 546 2290 ipse
572 2251 711 2290 pulsabit:
736 2252 811 2289 quod
835 2252 921 2281 etiam
945 2253 1048 2291 faciet,
1077 2263 1143 2283 cum

403 2300 530 2340 primum
553 2301 618 2339 quis
640 2309 677 2329 ex
699 2299 837 2329 fratribus
860 2301 922 2330 vita
944 2301 1061 2331 functus
1083 2301 1144 2332 sue-

403 2349 462 2386 rit,
486 2353 517 2378 ut
540 2357 640 2378 omnes
673 2348 735 2378 eius
768 2349 894 2378 animam
917 2350 1142 2380 commendent:

402 2398 514 2427 lumina
537 2403 595 2427 tam
618 2398 647 2427 in
671 2397 759 2427 choro
791 2407 876 2437 quani
910 2398 939 2427 in
973 2399 1144 2430 dormitorio

402 2448 524 2476 fratrum
547 2446 696 2476 accendet.

444 2505 472 2525 x.
497 2496 552 2525 Per
575 2505 606 2526 se
627 2496 672 2525 vel
696 2505 747 2535 per
778 2496 868 2526 alium
884 2521 891 2530 ,
916 2495 951 2526 ab
974 2495 1076 2526 abbate
1098 2497 1146 2527 de-

403 2544 564 2583 signatum,
591 2544 805 2584 promovendos
828 2545 862 2574 ad
884 2545 1080 2574 sacerdotium
1103 2546 1146 2575 in-

403 2594 477 2623 strui
501 2598 605 2631 curet,
630 2598 658 2624 et
680 2594 776 2624 videat
798 2603 834 2623 an
857 2603 957 2624 omnes
989 2594 1146 2625 observent

402 2646 526 2672 statutas
550 2643 759 2673 caeremonias.
777 2643 807 2673 Si
820 2653 905 2684 quem
922 2644 1066 2674 defectum
1082 2644 1145 2674 ani-

975 247 1154 271 BULLARIUM
1182 246 1336 272 ROMANUM

1188 296 1375 326 madverterit
1392 319 1399 332 ,
1423 296 1458 326 ad
1481 295 1615 326 abbatem
1638 297 1766 335 referat,
1791 296 1834 326 vel
1862 297 1925 336 ipse

1188 344 1333 374 emendet.
1358 344 1442 374 Notet
1470 345 1557 374 etiam
1588 344 1717 384 qualibet
1738 345 1785 375 die
1806 346 1924 376 nomina

1187 393 1369 423 sacerdotum
1392 393 1624 431 celebrantium,
1647 398 1679 423 ut
1704 393 1730 423 id
1754 393 1852 424 abbati
1874 398 1925 425 aut

1188 441 1296 470 vicario
1317 442 1436 472 referat.

1228 499 1267 519 XI.
1291 490 1433 519 Externos
1452 490 1616 520 sacerdotes
1632 490 1666 520 ad
1683 499 1796 520 sacrum
1818 490 1925 520 sacien-

1188 538 1255 567 dum
1278 548 1336 568 non
1359 538 1514 577 admittat,
1538 539 1594 569 nisi
1617 539 1760 577 intelligat
1782 547 1830 568 eos
1852 548 1868 568 a
1886 539 1927 568 le-

1188 588 1298 625 gitimis
1320 588 1521 627 superioribus
1544 589 1650 618 habere
1672 589 1860 626 facultatem3
1877 597 1927 618 cu-

1188 637 1232 666 ius
1255 641 1341 667 testes
1363 637 1510 667 Ordinarii
1533 638 1645 667 litteras
1666 647 1731 668 cum
1751 638 1771 667 ii
1786 637 1927 668 exhibue-

1189 685 1258 722 rint,
1282 686 1494 716 humanissime
1517 686 1582 716 illos
1604 686 1749 725 excipiet,
1774 691 1801 716 et
1823 686 1927 716 distin-

1188 734 1242 764 ctis
1264 735 1353 765 etiam
1376 745 1427 774 pro
1457 735 1687 774 uniuscuiusque
1715 735 1855 773 dignitate
1877 744 1927 774 pa-

1188 784 1328 813 ramentis
1351 784 1432 814 indui
1454 788 1545 814 curet.
1569 784 1739 814 Saeculares
1761 793 1876 824 quoque
1890 784 1927 813 ad

1188 833 1340 863 ecclesiam
1363 838 1492 864 nostram
1516 834 1706 864 adventantes
1728 833 1853 872 benigne
1869 837 1927 863 tra-

1188 886 1255 911 etet.

1228 940 1275 960 x11.
1298 931 1408 961 Habeat
1429 931 1484 961 sibi
1507 931 1668 961 subiectum
1696 931 1843 960 aedituum
1866 939 1927 960 mo-

1188 979 1325 1016 nachum,
1349 981 1474 1009 maxime
1496 980 1524 1009 in
1545 979 1791 1020 frequentioribus
1814 988 1927 1008 monas-

1189 1029 1282 1065 teriis,
1300 1029 1346 1058 cui
1371 1029 1448 1058 vices
1471 1039 1537 1058 suas
1559 1029 1588 1058 in
1612 1029 1698 1058 rebus
1723 1029 1843 1058 minoris
1865 1037 1927 1058 mo-

1188 1078 1279 1106 menti
1303 1078 1489 1111 committet,
1514 1078 1582 1107 dum
1606 1078 1667 1117 ipse
1689 1078 1718 1108 in
1741 1077 1925 1116 gravioribus

1187 1131 1354 1165 occupatur.

1232 1175 1301 1205 CAP.
1324 1176 1395 1205 Xlll.
1423 1194 1453 1197 -
1478 1176 1518 1205 De
1536 1178 1676 1215 praefecto
1698 1175 1880 1204 bibliothecae.

1228 1234 1246 1254 1.
1272 1225 1303 1254 ln
1327 1224 1487 1254 maioribus
1521 1224 1707 1254 monasteriis
1730 1223 1927 1262 designandus

1187 1273 1243 1303 erit
1258 1274 1417 1303 monachus
1437 1274 1583 1310 sacerdos,
1600 1274 1649 1313 qui
1669 1273 1810 1303 librorum
1826 1281 1926 1303 curam

1188 1322 1302 1352 habeat.

1226 1380 1256 1401 11.
1280 1371 1416 1401 Omnium
1448 1372 1546 1410 itaque
1578 1371 1718 1401 librorum
1754 1371 1926 1401 monasterii

1187 1422 1349 1459 catalogum
1372 1421 1536 1458 describat,
1559 1425 1648 1460 utque
1670 1420 1737 1450 libri
1759 1420 1846 1450 unius
1865 1429 1926 1449 mo-

1186 1470 1305 1499 nasterii
1328 1469 1362 1499 ab
1386 1470 1452 1499 aliis
1470 1465 1698 1508 distinguantur,
1718 1469 1748 1498 in
1765 1469 1859 1508 primo
1875 1477 1924 1498 cu-

1186 1519 1277 1548 iusvis
1300 1518 1367 1548 libri
1390 1519 1458 1548 folio
1481 1518 1552 1548 haec
1585 1518 1671 1548 verba
1696 1521 1793 1547 notet:
1818 1517 1869 1547 Hie
1891 1517 1927 1547 tt-

1186 1567 1232 1596 bci·
1253 1572 1291 1596 est
1313 1569 1473 1597 monasterii
1505 1568 1540 1598 N.
1566 1567 1680 1597 Ordinis
1701 1567 1788 1596 sancii
1809 1565 1926 1595 Antonii

1187 1616 1408 1654 Coriyregmi‘ionis
1429 1617 1530 1646 Monlis
1552 1616 1660 1646 Libani.

1225 1674 1265 1694 111.
1290 1665 1407 1694 Nullum
1423 1665 1530 1695 librum
1549 1675 1582 1694 ex
1599 1664 1777 1694 bibliotheca
1797 1663 1925 1703 cuipiam

1186 1715 1394 1744 monachorum
1417 1714 1496 1743 dabit
1516 1714 1579 1743 sine
1594 1713 1706 1743 abbatis
1728 1712 1859 1749 licenti-a,
1875 1722 1926 1743 ne-

1185 1773 1240 1802 que
1263 1767 1384 1793 externo
1406 1763 1542 1802 cuiquam
1571 1763 1634 1792 sine
1660 1761 1780 1791 licentia
1805 1770 1926 1799 congre-

1185 1812 1310 1850 gationis
1333 1813 1561 1847 monachorum3
1585 1816 1613 1841 et
1635 1811 1777 1849 advertat,
1801 1819 1837 1840 ne
1859 1809 1925 1849 quis

1186 1861 1312 1899 librum,
1336 1862 1423 1891 etiam
1445 1870 1511 1891 cnm
1534 1860 1668 1899 licentia,
1685 1869 1715 1890 se
1736 1860 1828 1889 inscio
1850 1859 1926 1889 acci-

1188 1911 1256 1949 piat.
1281 1911 1396 1940 Fratres
1418 1914 1527 1948 autern,
1544 1909 1650 1949 quibus
1669 1909 1774 1940 librum
1798 1909 1925 1950 aliquem

1187 1959 1301 1997 tradet,
1325 1959 1446 1998 propria,
1478 1968 1566 1989 manu
1601 1958 1730 1988 scribant
1743 1959 1781 1997 *in
1804 1959 1924 1997 codice,

1187 2017 1243 2047 quo
1266 2007 1312 2037 die
1334 2011 1362 2037 et
1382 2017 1468 2046 quem
1496 2007 1603 2037 librum
1636 2007 1822 2046 acceperint3
1846 2016 1927 2037 cum-

1187 2067 1242 2096 que
1265 2057 1347 2087 illum
1370 2056 1563 2094 restituerint,
1586 2061 1684 2087 notam
1708 2057 1846 2095 deleant,
1876 2060 1926 2087 aut

1187 2115 1201 2134 e
1224 2105 1342 2144 regione
1371 2105 1518 2135 restitutio
1551 2105 1614 2135 eius
1645 2109 1773 2135 notetur.
1797 2105 1878 2141 Quod
1900 2105 1924 2135 si

1187 2155 1316 2185 externis
1338 2154 1444 2185 librum
1468 2163 1505 2184 ex
1526 2154 1666 2193 licentia„
1692 2159 1722 2184 ut
1744 2163 1830 2193 supra
1845 2177 1852 2189 ,
1876 2154 1926 2184 de-

1187 2204 1272 2240 derit⁷
1290 2204 1350 2243 ipse
1372 2203 1615 2233 bibliothecarius
1636 2203 1666 2232 in
1689 2203 1788 2233 codice
1811 2203 1924 2234 notabit

1187 2253 1276 2290 diem,
1296 2261 1449 2292 personam
1472 2257 1499 2282 et
1522 2256 1644 2291 tempus,
1661 2261 1717 2291 quo
1732 2251 1807 2282 liber
1828 2252 1866 2282 sit
1881 2261 1925 2282 re-

1186 2302 1360 2332 stituendus.

1226 2360 1264 2380 iv.
1288 2350 1443 2380 Monachos
1459 2350 1492 2379 ad
1507 2349 1714 2379 bibliothecam
1736 2359 1795 2380 non
1819 2350 1925 2380 admit-

1187 2403 1227 2429 tat
1249 2400 1312 2429 sine
1335 2399 1475 2436 licentia3
1499 2399 1591 2429 multo
1614 2400 1711 2429 minus
1732 2403 1878 2429 externos.

1226 2457 1253 2478 v.
1277 2448 1419 2478 Abbatem
1441 2452 1557 2478 moneat
1573 2471 1580 2485 ,
1604 2448 1628 2478 si
1656 2457 1727 2487 quos
1758 2447 1850 2478 libros
1873 2457 1926 2487 pro

1186 2497 1363 2527 monasterio
1394 2506 1512 2527 necesse
1538 2497 1575 2526 sit
1601 2506 1782 2536 comparare.
1805 2497 1925 2528 Nullum

1186 2550 1282 2576 autem
1304 2545 1413 2576 librum
1435 2546 1555 2584 donare,
1572 2546 1708 2584 vendere,
1724 2546 1862 2583 alienare,
1878 2545 1925 2575 vel

1186 2596 1379 2635 oppignorare
1401 2595 1510 2634 poterit
1530 2595 1594 2624 sine
1615 2596 1755 2634 expressa
1768 2603 1925 2633 congrega-

1186 2645 1275 2675 tionis
1298 2644 1507 2674 monachorum
1529 2643 1658 2674 licentia.
1924 2656 1927 2659 ¹

1927 249 1979 274 An.
1999 248 2030 275 G.

2047 248 2122 277 1732

1962 1382 2029 1409 ipsius
2040 1379 2121 1403 munia.
