2182 3137
19 1753 20 1762 i
47 1739 168 1765 derogatio.

53 255 236 295 tn.c.1734

246 315 387 349 cuiusvis
413 315 597 359 dignitatis,
635 314 755 358 gradus
782 318 813 347 et
831 312 992 347 conditio-

246 368 295 401 nis
315 369 440 410 existat,
461 368 576 402 Sedem
595 367 814 411 Apostolieam
834 366 991 400 adversus

245 433 340 456 suum
355 422 561 467 superiorem
577 421 666 455 adire
682 421 800 454 audeat
814 420 879 453 sive
898 430 992 463 prae-

245 482 369 516 sumat,
394 476 455 509 nisi
482 476 573 520 prius
599 475 638 508 ad
664 474 854 507 viciniorem
881 473 990 506 visita-

246 536 348 564 torem
374 529 584 573 provinciae,
610 539 646 562 ac
672 528 791 562 deinde
826 528 864 560 ad
896 538 990 571 prae-

244 583 406 617 sidentem
433 583 621 626 generalem
647 582 811 626 praet'atae
848 580 989 623 Congre-

244 636 384 679 gationis
409 635 609 669 Cassinensis
643 635 785 678 desuper
823 644 988 667 recursum

246 689 396 723 babuerit
416 717 423 730 ,
450 689 509 722 sub
535 688 649 731 poenis
675 688 704 720 in
731 688 817 721 dicto
855 688 987 721 decreto

245 743 391 785 generali
406 742 577 781 contentis,
596 742 787 775 auctoritate
800 741 987 784 apostolica,

247 802 360 830 tenore
379 795 614 839 praesentium,
633 794 852 838 probibemus
880 804 915 827 ac
942 794 987 826 in-

245 849 445 883 terdicitnus,

288 903 302 947 5
327 903 359 937 3.
386 903 614 943 Decernentcs,
637 903 768 936 easdem
797 907 986 945 praesentes

243 956 370 989 litteras
396 966 527 999 semper
552 955 679 996 sirmas,
706 956 826 988 validas
860 961 890 988 et
919 956 986 988 effi-

244 1019 338 1043 caces
357 1009 497 1042 existere
516 1015 547 1042 et
565 1010 644 1050 sore,
659 1020 799 1052 suosque
820 1009 984 1052 plenarios

244 1068 276 1096 et
296 1063 441 1106 integros
468 1061 598 1095 eti‘ectus
632 1062 738 1095 sortiri
769 1068 800 1095 et
825 1062 985 1103 obtinere,

244 1128 281 1150 ac
306 1116 390 1156 illis,
425 1116 463 1149 ad
490 1126 571 1160 quos
597 1121 722 1159 spectat
758 1120 788 1150 et
824 1126 881 1160 pro
909 1121 986 1149 tem-

244 1180 324 1213 pore
358 1169 632 1213 quandocumque
668 1170 844 1213 spectabit,
866 1169 987 1212 plenis-

243 1224 323 1257 sime
349 1223 528 1267 snut-agari,
556 1229 586 1256 et
611 1224 651 1256 ab
677 1224 723 1256 eis
750 1223 927 1266 respective
946 1224 986 1256 in-

243 1277 440 1310 violabiliter
468 1277 658 1316 observari,
686 1277 797 1320 sicque
829 1276 858 1308 in
894 1287 988 1320 prae-

241 1330 349 1363 missis
362 1340 419 1372 per
430 1340 655 1373 quoscumque
668 1330 790 1362 iudices
802 1330 987 1363 ordinarios

242 1389 274 1416 et
306 1383 499 1426 delegatos,
535 1383 631 1416 etiam
668 1393 839 1415 causarum
877 1383 986 1426 palatii

241 1437 416 1480 apostolici
443 1437 624 1477 auditores,
653 1437 789 1469 iudicari
810 1443 840 1469 et
859 1436 986 1469 definiri

242 1491 382 1530 debere,
409 1501 446 1523 ac
477 1490 601 1523 irritum
635 1495 666 1523 et
697 1491 791 1523 inane
832 1490 858 1523 si
895 1500 988 1523 secus

242 1554 339 1588 super
364 1544 415 1577 liis
442 1555 459 1577 a
485 1554 664 1588 quoquam,
704 1543 814 1587 quavis
851 1544 987 1577 auetori-

241 1602 315 1637 tate,
342 1597 484 1630 scienter
509 1598 557 1630 vel
584 1596 782 1640 ignoranter,
811 1597 987 1641 contigerit

241 1650 406 1684 attentari.

286 1704 301 1748 ξ
325 1704 357 1737 4.
386 1703 454 1737 Non
477 1703 682 1737 obstantibus
700 1704 985 1737 constitutionibus

242 1763 275 1791 et
310 1757 575 1791 ordinationibus
612 1758 823 1802 apostoliciS,
855 1769 983 1792 necnon

241 1811 511 1854 Congregationis
548 1811 749 1845 Cassinensis
787 1816 817 1844 ct
853 1812 983 1845 Ordinis

241 1865 478 1909 praefatorum,
505 1864 601 1897 etiam
629 1865 837 1905 iuramento,
866 1865 984 1898 contir-

240 1917 383 1951 matione
409 1917 600 1961 apostoliea,
617 1919 667 1951 vel
693 1919 806 1961 quavis
833 1918 983 1952 tirmitate

239 1971 301 2004 alia
325 1971 496 2009 roboratis,
524 1971 653 2003 statutis
682 1977 709 2004 et
737 1973 983 2005 consuetudini-

239 2024 310 2064 bus,
335 2023 513 2067 privilegiis
540 2035 689 2068 quoque,
718 2024 851 2058 indultis
877 2032 907 2059 et
933 2027 983 2060 lit—

239 2079 315 2111 teris
336 2078 521 2121 apostolicis
548 2077 580 2110 in
603 2078 801 2111 contrarium
824 2080 982 2123 praernis-

238 2142 347 2165 sorum
375 2131 623 2174 quomodolibet
648 2131 836 2172 concessis,
865 2133 982 2166 contir-

239 2185 333 2218 matis
359 2189 390 2218 et
416 2185 598 2225 innovatis,
627 2185 747 2228 quibus
773 2186 925 2219 omnibus
951 2193 982 2220 ct

239 2238 396 2282 singulis,
423 2238 554 2271 illorum
591 2244 722 2271 tenores
756 2241 982 2282 praesentibus

237 2302 297 2337 pro
330 2292 428 2335 plene
459 2296 487 2325 et
523 2291 720 2325 sufficienter
751 2293 914 2337 expressis
947 2305 982 2327 ac

238 2347 276 2380 ad
303 2346 436 2379 verbum
463 2346 595 2379 insertis
624 2346 794 2387 habentes,
820 2347 883 2380 illis
902 2345 980 2381 alias

238 2399 270 2432 in
308 2409 364 2432 suo
401 2399 519 2432 robore
556 2400 799 2443 permansuris,
823 2399 862 2433 ad
890 2412 982 2444 prae-

238 2453 412 2486 missorum
438 2452 597 2495 ellectum,
625 2454 685 2486 liae
709 2454 777 2486 vice
803 2454 980 2495 dumtaxat,

238 2506 428 2549 specialiter
454 2511 485 2539 et
511 2516 665 2550 expresse
691 2507 903 2549 derogamus3
931 2518 982 2540 ce-

238 2559 383 2603 terisque
409 2559 580 2592 contrariis
605 2559 878 2603 quibuscumque.

284 2613 395 2646 Datum
423 2613 565 2653 Rornae,
593 2614 677 2657 apud
704 2613 735 2646 S.
763 2613 895 2646 Mariam
921 2614 981 2647 Ma—

238 2665 364 2707 iorem,
391 2665 452 2699 sub
477 2667 599 2700 annulo
626 2666 800 2700 piscatoris
818 2694 826 2708 ‚
854 2667 904 2701 die
929 2678 980 2701 xix

75 913 197 934 cumulat».

73 1712 230 1735 Contrariorum

854 263 998 290 CLEMENS
1024 264 1040 289 X
1047 264 1070 289 11
1096 264 1145 290 PP.

1678 255 1742 290 567
1789 266 1973 294 tn.C.17st

1036 312 1174 347 ianuarii
1201 325 1379 349 nncuxxxtx
1399 314 1639 359 pontificatus
1675 315 1778 349 nostri

1036 378 1120 400 anno
1146 378 1187 401 tr.

1070 430 1130 456 Dat.
1153 430 1195 457 die
1221 430 1250 457 19
1270 430 1385 458 ianuarii
1409 431 1485 465 1731,
1508 431 1602 466 pontis.
1624 440 1694 459 auno
1715 439 1749 459 tv.

1365 486 1398 517 Γ.
1427 486 1516 519 eard.
1545 486 1730 521 Omemus.

1338 636 1466 670 cxxiv.

1034 716 1280 758 [affirmantur
1298 718 1541 751 constitutiones
1557 729 1615 762 pro
1635 720 1713 752 bono
1733 731 1778 753 re-

1073 769 1201 812 yi'mine
1224 770 1369 812 fratrum
1398 771 1501 803 Tertii
1519 771 1654 805 Ordinis
1671 774 1778 805 sancti

1074 823 1268 863 Franciscz',
1298 834 1337 856 ea?
1361 824 1438 856 aliis
1464 825 1751 858 constitutionibus
1766 854 1773 865 ,

1074 877 1206 909 statutis
1231 880 1259 909 et
1284 876 1418 910 decretis
1447 877 1527 910 dicti
1554 877 1690 911 Ordinis
1717 879 1777 911 col-

1075 930 1185 963 lectae.

1243 1002 1378 1030 Clemens
1401 1004 1480 1037 Papa
1498 1004 1562 1036 XII,

1174 1047 1210 1073 ad
1232 1047 1368 1074 futuram
1391 1049 1435 1075 rei
1459 1049 1645 1076 memoriam.

1073 1117 1115 1150 Ε(
1137 1118 1282 1152 iniuncto
1302 1119 1394 1153 nobis
1410 1120 1562 1153 divinitus
1578 1121 1775 1164 apostolicae
1815 1129 1956 1150 From-rmum·

1030 1172 1194 1205 servitutis
1213 1172 1331 1213 officio,
1347 1184 1393 1212 ea,
1414 1184 1496 1217 quae
1518 1185 1576 1217 pro
1597 1175 1681 1208 felici
1701 1186 1777 1218 pro-

1030 1235 1192 1268 speroque
1214 1226 1490 1266 christitidelitnn,
1513 1228 1565 1271 qui
1586 1238 1601 1260 e
1624 1229 1774 1262 fluctibus

1031 1279 1151 1311 saeculi
1190 1279 1220 1311 in
1248 1285 1361 1323 portus
1388 1280 1563 1323 religiosae
1589 1281 1672 1315 vitae
1699 1293 1776 1315 con-

1033 1332 1183 1373 sugerunt
1219 1338 1249 1364 et
1275 1339 1347 1365 vota
1374 1343 1431 1366 sua
1469 1334 1501 1366 in
1534 1334 1705 1368 sanctitate
1745 1341 1776 1368 et

1031 1385 1154 1417 iustitia
1188 1385 1324 1418 reddere
1358 1392 1530 1428 satagunt,
1559 1387 1716 1430 regimine
1744 1394 1776 1421 ct,

1032 1438 1190 1480 gubernio
1207 1465 1214 1477 ,
1256 1449 1292 1470 ac
1333 1439 1502 1481 religionis
1544 1440 1774 1482 incremento,

1032 1492 1218 1535 tuendaque
1245 1498 1274 1525 et
1300 1493 1468 1526 solidanda
1495 1494 1526 1526 in
1555 1494 1600 1527 eis
1627 1506 1707 1538 paee
1744 1501 1775 1528 et

1032 1545 1276 1589 tranquillitate,
1292 1546 1428 1590 provide
1443 1548 1686 1591 prudenterque
1702 1559 1774 1581 eon-

1030 1599 1141 1631 stituta
1168 1609 1203 1632 ac
1228 1599 1387 1644 disposita
1413 1611 1486 1633 esse
1513 1607 1713 1643 noscuntur,
1742 1608 1776 1635 ut

1031 1651 1121 1684 tirma
1146 1663 1274 1696 semper
1300 1659 1330 1685 et
1356 1653 1558 1687 inviolabilia
1584 1655 1771 1698 persistant,

1029 1705 1199 1748 apostolici
1227 1706 1415 1739 muniminis
1454 1707 1556 1740 nostri
1584 1708 1746 1751 praesidio
1765 1737 1772 1749 ,

1029 1769 1100 1791 cum
1127 1758 1157 1791 id
1185 1769 1201 1790 a
1228 1759 1321 1793 nobis
1346 1761 1482 1803 petitur,
1511 1761 1651 1795 libenter
1677 1763 1773 1796 robo-

1030 1822 1044 1844 ι
1047 1823 1150 1845 amus

1071 1866 1086 1909 ξ)
1111 1866 1141 1898 l.
1171 1866 1296 1909 Ex-poui
1334 1867 1496 1911 siquidem
1533 1870 1627 1902 nobis·
1667 1881 1772 1914 nuper
1783 1878 1937 1922 .v.1.«¹'¹'⁸''''‘
1931 1884 1968 1902 rm

1028 1919 1055 1952 se
1061 1919 1103 1952 cit
1128 1920 1263 1953 dilectus
1283 1910 1873 1957 titiusnotmannis-1communia-f

1027 1982 1156 2015 pr·.001u
1151 1978 1221 2005 ator
1246 1984 1285 2015 ge
1292 1984 1349 2005 ner
1354 1974 1411 2005 ilis
1440 1976 1573 2008 fratrum
1595 1976 1694 2009 Tertii
1717 1977 1772 2010 Or
1797 1963 1847 1976 'm

1027 2025 1109 2057 diuis
1136 2026 1237 2058 sancti
1264 2026 1303 2058 Fr
1307 2027 1426 2060 antimi
1455 2033 1515 2060 tam
1536 2040 1594 2062 suo
1613 2041 1708 2073 quam
1728 2031 1772 2063 di-

1027 2078 1098 2111 lecti
1127 2079 1222 2111 etiarn
1251 2080 1306 2112 tilii
1335 2080 1424 2113 Pauli
1452 2082 1596 2115 Bellamo
1630 2084 1769 2117 ministri

1026 2133 1198 2174 generalis,
1216 2133 1420 2177 aliorumque
1440 2135 1669 2177 religiosorum
1689 2137 1770 2170 eius-

1026 2186 1099 2218 dem
1126 2185 1255 2219 Ordinis
1290 2188 1447 2227 nomine,
1476 2189 1581 2232 quod,
1609 2191 1646 2223 ad
1673 2201 1769 2224 unam

1025 2245 1222 2283 certamque,
1250 2251 1331 2283 quae
1359 2240 1390 2273 in
1416 2241 1502 2274 dicto
1532 2242 1652 2276 Ordine
1679 2245 1770 2277 dein-

1025 2303 1103 2335 ceps
1127 2293 1248 2326 servari
1269 2304 1305 2326 ac
1324 2294 1458 2327 retineri
1478 2295 1621 2336 deberet,
1640 2297 1769 2331 vivendi

1026 2357 1170 2380 normam
1208 2352 1240 2380 et
1273 2347 1503 2391 disciplinam,
1531 2350 1657 2383 sublata
1682 2352 1768 2384 omni

1025 2400 1217 2433 contusione
1260 2412 1295 2433 ac
1336 2402 1442 2443 legum
1481 2412 1539 2434 seu
1578 2408 1769 2437 statutorum

1025 2454 1179 2487 varietate
1205 2461 1300 2498 atque
1328 2455 1570 2499 discrepantia,
1608 2458 1771 2491 constabi-

1025 2507 1166 2540 liendum
1202 2518 1237 2540 ac
1277 2508 1490 2549 firmandam,
1517 2511 1767 2545 constitutiones

1024 2560 1152 2594 Ordinis
1171 2560 1328 2604 praedicti
1348 2562 1435 2594 iussu
1461 2568 1575 2596 nostro
1600 2565 1768 2599 ordinatae

1024 2619 1055 2647 et
1080 2614 1111 2646 in
1137 2624 1237 2646 unum
1262 2615 1412 2648 volumen
1440 2617 1595 2650 collectae
1623 2618 1765 2661 suerunt,

1024 2672 1137 2711 utpote
1164 2667 1355 2712 desumptae
1378 2679 1413 2702 cx
1435 2670 1544 2703 multis
1563 2670 1765 2717 diversisque
