2182 3137
56 228 105 254 An.
127 227 156 253 (2.
182 227 248 252 ¹734

83 1357 188 1383 Spectans
205 1357 242 1376 oh-

56 1387 158 1404 stannum

57 1418 135 1431 iunium
152 1411 241 1436 deroga·

58 1441 94 1458 tiu.

873 227 1016 251 CLEMENS
1042 228 1084 251 x11
1109 228 1157 251 Pr.

251 275 474 318 gregationem
508 275 587 309 Boni
625 275 803 319 Regiminis
839 275 987 318 quando-

252 340 391 373 cumque
425 328 596 371 eligenda,
624 339 818 368 concessas,
855 328 990 370 illasque

251 383 373 416 validas
398 389 429 416 et
454 384 600 416 efficaces
618 384 683 416 sore
702 389 733 415 et
751 393 831 421 esse,
851 392 992 424 suosque

251 436 419 479 plenarios
444 442 475 469 et
499 436 645 479 integros
674 436 804 468 effeetus
830 435 863 467 in
889 434 991 468 omni-

251 490 311 522 bus
335 496 367 523 et
391 499 449 533 per
474 490 582 522 omnia
600 489 706 522 sortiri
726 494 756 522 et
776 488 937 526 obtinere,
958 499 992 520 ae

251 543 356 576 eidem
388 543 638 585 Congregationi
676 542 757 575 Boni
794 541 992 584 Regiminis,

251 596 408 640 aliisque,
436 597 473 630 ad
502 608 582 640 quos
618 607 703 629 nunc
728 600 852 640 spectat
878 600 908 627 et
933 606 991 638 pro

253 656 400 693 tempore
426 649 675 694 quomodolibet
702 648 863 692 spectabit
887 648 919 681 in
946 649 993 680 su-

253 709 370 745 turum,
391 704 422 736 in
449 704 601 737 omnibus
619 709 651 736 et
667 713 726 747 per
744 703 851 735 omnia
877 702 993 745 plenis-

251 757 331 790 sime
356 756 530 799 suffragari,
553 768 588 789 ac
614 767 631 789 a
652 756 919 790 communitatum
936 766 991 788 seu

251 810 500 843 universitatum
534 810 775 853 praedictarum
803 809 993 842 officialibus

252 870 284 896 et
308 862 463 896 ministris
488 863 694 906 supradictis,
720 863 913 906 illarumque
939 863 993 895 de-

252 915 410 948 bitoribus
437 916 534 948 etiam
556 921 589 948 ut
613 916 798 959 praefertur
833 915 993 958 qualifica-

253 969 291 1001 tis
317 969 493 1012 praedietis
518 968 751 1002 inviolabiliter
775 968 940 1002 observari
962 974 992 1001 ct

251 1021 443 1065 adimpleri,
471 1033 530 1055 nec
555 1023 594 1054 ab
620 1023 742 1056 eisdem
769 1022 994 1065 praesentibus

252 1076 342 1108 nullo
367 1086 510 1119 unquam
538 1080 685 1118 temporo
718 1075 834 1108 resilii-i
866 1081 921 1107 aut
945 1085 994 1107 re-

253 1129 323 1162 cedi
342 1139 456 1173 posse,
476 1134 518 1167 et,
536 1129 692 1172 quidquid
713 1139 807 1162 secus
825 1128 993 1172 superbis

253 1195 271 1216 a
296 1193 469 1226 quoquam,
496 1182 606 1226 quavis
630 1182 828 1223 auctoritate,
854 1182 995 1214 scienter

254 1238 304 1270 vel
330 1236 524 1279 ignoranter,
547 1236 723 1279 contigerit
741 1235 900 1275 attentari,
923 1235 994 1268 irri-

254 1296 320 1322 tum
349 1295 380 1322 et
404 1289 500 1322 inane
526 1290 746 1322 decernimus.

298 1346 312 1387 ᾗ
336 1343 351 1376 ‘l
365 1343 389 1376 l.
415 1342 484 1376 Non
503 1343 717 1383 obstantibus,
737 1349 895 1387 quatenus
914 1354 994 1385 opus

219 1392 312 1437 sit,
333 1402 464 1430 nostrae
491 1402 522 1430 ct
547 1397 764 1430 Cancellariae
790 1397 993 1441 Apostolicae

254 1451 378 1494 regula,
403 1462 440 1484 ae
465 1451 537 1494 piae
564 1451 742 1483 memoriae
761 1451 806 1483 l‘ii
829 1451 931 1494 Papae
948 1450 993 1490 lv,

253 1505 348 1538 etiam
374 1504 638 1548 praedecessoris
672 1505 790 1544 nostri,
815 1504 854 1537 de
885 1505 994 1546 gratiis

253 1559 414 1592 interesse
451 1559 602 1591 Gamerae
628 1558 833 1601 Apostolicae
860 1569 994 1601 quomo-

254 1612 379 1646 dolibet
396 1612 670 1645 concernentibus
695 1612 726 1644 in
753 1612 865 1645 cadem
883 1612 993 1645 Caino-

253 1669 287 1700 νή
312 1666 396 1699 infra
421 1671 543 1699 certum
565 1671 638 1698 tunc
655 1676 844 1708 expressum
868 1670 993 1708 tempus

253 1719 468 1761 registrandis
488 1730 523 1751 ac
541 1718 757 1758 insinuandis,
772 1719 907 1762 aliisque
922 1730 994 1751 eon-

253 1772 477 1806 stitutionibus
499 1777 531 1805 et
556 1772 820 1805 ordinationibus
842 1773 994 1815 apostoli·

253 1827 310 1866 eis,
333 1825 380 1859 et¹
395 1825 550 1859 dictarum
566 1826 835 1858 communitatum
852 1837 908 1859 seu
928 1826 994 1859 uni-

253 1880 441 1912 versitatum
459 1879 565 1912 Status
583 1879 802 1912 Ecclesiastiei
825 1880 993 1923 praedicti,

253 1933 349 1967 etiam
376 1933 568 1972 iuramento,
595 1933 841 1966 confirmatione
868 1939 995 1977 aposto-

253 1987 324 2027 liea,
346 1988 396 2020 vel
423 1986 533 2030 quavis
558 1986 709 2019 firmitate
736 1987 798 2019 alia
824 1987 994 2027 roboratis,

252 2040 378 2074 statutis
411 2046 442 2073 et
475 2040 789 2080 consuetudinibus,
815 2040 994 2084 privilegiis

253 2105 402 2138 quoque,
429 2093 564 2126 indultis
590 2099 621 2126 et
644 2093 762 2127 litteris
788 2094 994 2137 apostolicis,

253 2148 375 2182 eisdem
401 2146 687 2180 connnunitatibus
720 2158 776 2180 seu
803 2147 993 2180 universita-

254 2202 339 2235 tibus
375 2206 430 2234 aut
465 2200 591 2234 illarum
630 2199 821 2233 officialibus
848 2207 879 2233 et
903 2201 994 2233 inini-

253 2255 326 2289 stris
347 2254 556 2298 supradictis,
572 2264 698 2287 necnon
714 2255 904 2293 camerario,
925 2255 995 2287 the-

254 2309 396 2343 saurario
422 2307 567 2351 generali
600 2307 750 2340 Gamerae
776 2309 993 2351 Apostolicae,

254 2363 391 2407 eiusque
413 2362 526 2395 Curiae
552 2372 719 2394 causarum
739 2363 881 2403 generali
907 2362 996 2395 audi-

255 2417 327 2458 tori,
353 2421 408 2449 aut
431 2415 696 2459 praesidentibus
721 2415 858 2455 clericis,
873 2422 903 2449 et
927 2427 997 2449 cau-

255 2481 364 2504 sarum
386 2469 462 2502 dieti
488 2469 597 2512 palatii
619 2469 831 2509 auditoribus,
850 2475 881 2502 et
898 2469 995 2502 etiam

256 2524 288 2556 in
313 2523 376 2555 vim
401 2522 561 2555 dictarum
594 2523 777 2563 regularum
810 2523 995 2565 praedictae

255 2576 287 2610 S.
316 2576 353 2608 R.
380 2574 414 2608 E.
443 2574 682 2614 cardinalibus,
709 2575 804 2607 eliam
830 2575 869 2607 de
895 2576 994 2607 latere

292 2640 302 2666 1
327 2638 426 2665 Vocem
446 2640 471 2664 et
492 2645 540 2664 nos
559 2636 685 2664 addimus
703 2639 742 2670 (a.
759 2645 808 2668 ix).

346 2693 428 2722 Butt.
444 2694 527 2723 Rom.
546 2708 580 2714 —
602 2693 663 2721 Vol.
680 2692 789 2721 XXIII.
936 2692 969 2719 76

1673 217 1731 251 601

1037 275 1160 318 legatis,
1183 276 1456 320 competentibus,
1477 276 1615 319 aliisque
1633 275 1780 309 cardina-

1037 328 1113 361 lium
1131 329 1445 372 Congregationibus
1464 329 1647 374 praedietiS,
1664 335 1696 363 et
1713 329 1780 373 qui-

1037 382 1144 414 busvis
1169 383 1241 415 aliis
1267 383 1437 426 personis,
1464 395 1500 417 ac
1526 384 1621 417 etiam
1646 384 1779 418 societa-

1039 435 1134 476 tibus,
1161 436 1330 478 collegiis,
1359 437 1573 480 hospitalibus
1607 437 1778 482 utriusque

1038 500 1141 530 sexus,
1166 491 1552 531 monasteriis,ecclesiis,
1573 497 1604 524 et
1621 492 1682 534 piis
1699 493 1778 525 locis

1039 543 1311 587 (piibuseumque,
1331 544 1409 577 alias
1428 545 1458 577 in
1477 545 1674 578 contrarium
1688 551 1781 589 prac³

1038 597 1207 629 missorum
1233 598 1480 640 quomodolibet
1500 599 1664 631 concessis
1682 611 1688 638 ;
1708 599 1779 642 qui-

1038 649 1097 683 bus
1115 650 1263 684 omnibus
1290 657 1321 683 et
1346 651 1493 693 singulis,
1511 652 1634 684 etiamsi
1657 653 1695 686 de
1715 652 1777 685 illis

1039 714 1215 747 corumque
1235 704 1312 737 totis
1332 705 1503 738 tenoribus
1528 706 1687 749 specialis,
1707 717 1779 749 spe-

1038 756 1139 795 cifica,
1158 768 1308 800 expressa
1326 763 1357 790 et
1376 757 1550 800 individua,
1570 769 1604 790 ae
1623 759 1662 792 de
1681 760 1778 793 verbo

1038 811 1076 843 ad
1095 811 1240 850 verbum,
1260 822 1325 844 non
1348 817 1454 844 autem
1473 822 1530 854 per
1548 813 1706 845 clausulas
1727 823 1780 855 ge-

1038 864 1176 903 nerales,
1194 864 1316 897 mentio
1343 876 1398 898 seu
1425 864 1554 908 quaevis
1569 865 1630 898 alia
1648 876 1779 909 expres-

1037 917 1084 949 sio
1111 916 1256 950 l'aeienda
1281 923 1312 950 et
1337 917 1498 959 habenda,
1517 923 1571 950 aut
1591 918 1699 961 aliqua
1716 918 1780 951 alia

1039 970 1197 1013 exquisita
1222 971 1324 1003 forma
1350 971 1388 1003 ad
1414 971 1476 1004 hoc
1502 971 1660 1004 servanda
1685 971 1779 1011 soret,

1038 1035 1151 1057 corum
1176 1024 1319 1057 omnium
1352 1029 1384 1057 et
1417 1025 1622 1067 singulorum
1649 1030 1778 1058 tenores

1039 1077 1159 1111 eisdem
1185 1078 1415 1120 praesentibus
1441 1078 1536 1111 etiam
1558 1090 1615 1122 pro
1633 1080 1730 1122 plene
1749 1084 1781 1112 et

1039 1131 1238 1164 sussicienter
1253 1133 1414 1175 expressis
1433 1132 1601 1171 habentes,
1622 1133 1684 1166 illis
1702 1133 1779 1166 alias

1038 1184 1070 1217 in
1096 1195 1153 1217 suo
1179 1184 1297 1217 robore
1324 1185 1553 1228 permansuris,
1575 1185 1729 1219 latissime
1748 1192 1781 1219 et

1039 1238 1227 1281 plenissime
1263 1250 1299 1271 ac
1335 1239 1521 1282 specialiter
1556 1245 1586 1272 et
1623 1250 1779 1283 expresse

1040 1298 1137 1331 motu,
1165 1292 1299 1326 scientia
1326 1299 1358 1326 et
1381 1293 1551 1336 potestatis
1576 1293 1779 1336 plenitudine

1039 1346 1196 1380 similibus
1222 1347 1435 1388 derogamus,
1457 1347 1639 1390 ceterisque
1658 1352 1780 1380 contra-

1040 1400 1094 1432 riis
1109 1400 1365 1442 quibuscumque
1380 1411 1387 1439 ·,
1410 1405 1463 1432 aut
1480 1400 1505 1432 si
1520 1400 1682 1443 aliquibus
1700 1411 1780 1433 com·

1040 1453 1178 1485 munitet·
1202 1458 1255 1485 aut
1279 1453 1405 1486 divisim
1431 1453 1471 1485 ab
1497 1453 1609 1485 eadem
1634 1453 1675 1485 sit
1696 1453 1779 1486 Sede

1040 1507 1218 1546 indultum,
1248 1507 1334 1549 quod
1360 1506 1520 1544 interdici,
1547 1506 1703 1550 suspendi
1728 1508 1777 1539 vel

1039 1560 1313 1594 excommunicari
1339 1571 1405 1593 non
1432 1560 1557 1603 possint
1577 1571 1634 1603 per
1654 1560 1777 1593 litteras

1039 1613 1236 1657 apostolicas
1261 1624 1328 1646 non
1355 1613 1508 1646 facientes
1534 1614 1662 1655 plenam
1682 1618 1713 1645 et
1731 1623 1780 1645 ex-

1040 1677 1183 1710 pressam
1208 1677 1244 1699 ae
1269 1667 1308 1699 de
1330 1667 1429 1699 verbo
1448 1667 1485 1699 ad
1505 1666 1639 1698 verbum
1666 1666 1705 1699 de
1731 1666 1779 1698 in-

1040 1720 1129 1753 dulto
1155 1719 1342 1752 huiusmodi
1368 1719 1581 1752 mentionem.

1083 1773 1097 1816 g
1124 1772 1176 1805 102.
1204 1772 1355 1805 Volumus
1387 1778 1494 1805 autem
1531 1777 1564 1804 ut
1597 1771 1780 1804 earuindem

1039 1826 1260 1869 praesentium
1286 1826 1466 1858 litterarum
1494 1825 1715 1868 transumptis,
1741 1830 1782 1857 et-

1039 1879 1100 1912 iam
1127 1879 1209 1923 typis
1234 1879 1419 1922 impressis,
1457 1885 1487 1912 et
1512 1878 1618 1921 sigillo
1644 1878 1781 1911 alieuius

1040 1933 1247 1975 indignitate
1272 1933 1491 1966 ecclesiastica
1517 1932 1680 1965 constituti
1714 1942 1781 1963 mu-

1040 1987 1127 2026 nitis,
1148 1986 1261 2019 eadem
1284 1996 1416 2029 prorsus
1447 1986 1525 2019 tides
1552 1986 1584 2018 in
1611 1985 1732 2018 iudicio
1750 1991 1782 2017 et

1039 2046 1129 2073 extra
1147 2040 1227 2073 illud
1253 2040 1460 2079 adhibeatur,
1482 2050 1563 2082 quae
1590 2039 1666 2083 ipsis
1688 2050 1781 2082 prac-

1039 2093 1185 2127 sentibus
1218 2093 1433 2126 adhiberetur
1465 2092 1489 2125 si
1516 2093 1589 2126 illae
1617 2091 1780 2125 exhibitae

1040 2150 1148 2180 forent
1173 2148 1220 2179 vel
1247 2152 1408 2179 ostensae.

1084 2201 1176 2245 g‘lss.
1204 2200 1288 2233 Nulli
1325 2210 1402 2242 ergo
1441 2200 1573 2233 omnino
1611 2199 1781 2233 hominnm

1041 2256 1137 2288 liceat
1167 2255 1250 2287 hanc
1276 2253 1427 2297 paginam
1453 2259 1583 2286 nostrae
1609 2254 1780 2286 eontirma-

1042 2308 1161 2347 tionis,
1187 2307 1451 2351 approbationis,
1478 2307 1603 2340 roboris
1630 2307 1782 2340 adieetio-

1041 2363 1101 2402 nis,
1123 2362 1307 2394 defectuum
1333 2360 1565 2403 suppletionis,
1592 2361 1782 2393 declaratio-

1042 2416 1098 2455 nis,
1125 2413 1355 2454 concessionis,
1378 2414 1504 2453 indulti‚
1531 2414 1664 2454 decreti,
1686 2415 1782 2448 dero-

1041 2467 1179 2510 gationis
1206 2472 1237 2499 et
1262 2467 1434 2499 voluntatis
1460 2467 1648 2510 infringere,
1675 2470 1725 2502 vel
1751 2469 1781 2502 ei

1041 2532 1119 2554 ausu
1143 2520 1317 2553 temerario
1339 2520 1518 2559 contrait-03
1541 2521 1565 2553 si
1585 2521 1656 2564 quis
1675 2528 1781 2555 autem

1043 2574 1103 2607 hoe
1121 2579 1280 2606 attentare
1300 2574 1565 2616 praesumpserit,
1583 2575 1781 2618 indignatio-

1041 2639 1116 2662 nem
1141 2627 1377 2671 omnipotentis
1395 2628 1451 2662 Dei
1470 2639 1506 2662 ac
1531 2630 1701 2665 beatorum
1720 2630 1780 2664 l‘e-

1784 227 1836 253 An.
1854 227 1882 254 C.
1908 227 1972 254 ¹73t

1826 1784 1976 1809 ‘l'rausuniptm

1793 1816 1836 1831 rum
1853 1812 1863 1830 h
1875 1811 1912 1830 les.

1818 2210 1905 2230 Sancum
1924 2217 1975 2237 pae-

1791 2238 1856 2258 uahs.
