2182 3137
492 290 774 381 lNDEX
856 287 1480 379 RUBRICARUM

740 502 1262 551 CONSTITUTIONUM

401 651 956 713 CLEMENTIS

1031 650 1352 708 PAPAE
1428 651 1572 708 XII

587 807 638 834 AB
663 805 774 834 ANNO
798 804 924 833 PRIMO
948 804 1078 837 USQL‘E
1102 804 1155 833 AD
1180 804 1386 839 QUARTUM.

218 1348 237 1380 l.
262 1348 414 1391 Regulae,
431 1347 644 1381 ordinationes
670 1353 699 1381 et
723 1348 962 1382 constitutiones

305 1401 515 1435 Caneellariae
540 1401 741 1445 Apostolieae
773 1401 962 1434 sanctissimi

304 1454 423 1488 domini
447 1454 547 1488 nostri
572 1455 740 1488 Clementis
765 1454 820 1487 ΓΡ.
842 1454 906 1494 XII,
936 1453 960 1486 1.

216 1509 250 1541 ll.
277 1508 401 1543 Gratiae
433 1513 463 1540 et
488 1508 653 1552 privilegia
685 1507 882 1540 conclavistis
908 1517 963 1551 po-

305 1561 413 1596 stremi
435 1561 590 1595 conclavis·
615 1561 841 1602 conceduntur,
868 1560 919 1594 ⁴19.

217 1616 266 1650 ΙΙΙ.
285 1615 464 1658 privilegia,
478 1615 693 1660 exemptiones
711 1620 740 1649 et
757 1615 877 1648 indulta
894 1625 965 1648 eon-

305 1680 391 1703 eossa
415 1669 574 1713 dapiferis,
591 1670 644 1713 qui
670 1671 700 1703 in
726 1668 867 1703 conclavi
888 1679 963 1702 suae

307 1723 534 1767 assumptionis
558 1724 587 1757 S,
620 1724 654 1756 ss.
688 1724 720 1756 E.
751 1722 964 1757 cardinalibus

309 1776 529 1818 inservierunt,
553 1776 606 1810 31.

218 1831 265 1864 lv.
303 1829 509 1865 Confirmatio
545 1830 664 1864 decreti
705 1829 966 1873 Congregationis

307 1884 434 1917 Rittium
459 1894 519 1927 pro
544 1883 661 1917 Ordine
692 1884 825 1918 fratrum
852 1884 883 1916 B.
910 1884 966 1917 Ma-

308 1937 373 1970 riae
403 1937 440 1970 de
466 1937 607 1970 Mercede
643 1937 881 1981 Repemptionis
905 1937 965 1971 Ca-

308 1990 470 2034 ptivorum
505 1991 589 2024 circa
621 1991 838 2025 recitationem
871 1991 966 2025 officii

310 2044 342 2078 B.
363 2045 401 2078 M.
423 2045 456 2078 V.
471 2045 529 2078 sub
555 2045 645 2078 titulo
671 2046 708 2078 de
728 2045 888 2086 Remedio,
910 2045 965 2079 40.

222 2098 254 2131 V.
280 2098 368 2133 Circa
393 2098 661 2132 continuationem
688 2098 875 2132 visitationis
891 2109 966 2143 apo-

310 2151 440 2186 stolicae
465 2152 670 2185 ecelesiarum
692 2156 721 2185 et
738 2152 882 2185 locorum
900 2152 966 2197 pio-

310 2216 381 2239 rum
409 2204 511 2247 Urbis,
536 2205 588 2238 41.

220 2259 268 2294 VI.
296 2258 500 2294 Confirmatio
517 2259 629 2292 indulti
648 2264 676 2292 et
694 2269 769 2292 usus
787 2258 966 2292 celebrandi

310 2312 419 2346 missas
445 2317 475 2345 et
499 2312 602 2346 officia
634 2317 815 2346 sanctorum
842 2312 967 2346 Ordinis

310 2366 536 2400 canonicorum
573 2366 768 2410 regularium
803 2366 831 2400 S.
862 2367 995 2444 Augu-l

311 2419 383 2452 stini
415 2430 475 2463 pro
509 2420 759 2463 Congregatione
785 2420 813 2453 S.
841 2419 967 2453 Antonii

310 2473 494 2506 Viennensis
519 2473 660 2507 eiusdem
685 2473 821 2514 Ordinis,
846 2473 898 2506 43.

223 2527 282 2561 vll.
309 2526 514 2561 Confirmatio
541 2527 751 2571 quorumdam
767 2528 966 2561 decretorum

310 2591 392 2614 anno
417 2590 565 2615 thcxxv
583 2592 599 2613 a
616 2581 813 2615 sanctissimo
839 2581 967 2615 domino

311 2639 441 2677 nostro,
466 2634 510 2667 uti
542 2634 680 2667 eiusdem
712 2635 836 2668 Ordinis
862 2641 967 2679 prote-

366 2697 447 2725 Buta.
464 2697 548 2726 Rom.
567 2714 598 2717 -
621 2697 677 2725 Vol.
694 2698 799 2726 A'A'm.
910 2697 944 2725 84

1102 1352 1188 1380 etore
1214 1352 1244 1380 et
1267 1357 1285 1379 a
1305 1346 1473 1380 Benedieto
1491 1346 1561 1381 Xlll
1578 1348 1758 1392 specialiter

1102 1400 1140 1433 ad
1165 1400 1226 1434 hoc
1250 1400 1405 1443 delegato,
1426 1400 1581 1434 editorum
1600 1412 1658 1444 pro
1675 1402 1759 1435 bono

1102 1454 1199 1487 Tertii
1232 1453 1357 1487 Ordinis
1386 1454 1415 1486 S.
1444 1454 1602 1487 Francisei
1632 1455 1759 1498 provin-

1103 1508 1169 1541 ciae
1193 1508 1352 1540 Romanae
1377 1506 1522 1550 illiusque
1546 1507 1684 1551 ,si-airum
1710 1518 1758 1541 re-

1104 1560 1233 1604 gimine,
1261 1560 1312 1592 44.

1016 1614 1091 1648 VIIl.
1118 1613 1293 1648 Iubilaeusn
1319 1612 1497 1646 universale
1523 1613 1561 1647 ad
1587 1613 1757 1657 imploran-

1104 1668 1178 1701 dum
1194 1667 1334 1701 divinum
1353 1667 1503 1701 auxilium
1520 1667 1611 1701 initio
1624 1667 1671 1701 sui
1685 1678 1759 1712 pon-

1105 1721 1239 1756 tificatus
1263 1732 1321 1766 pro
1346 1721 1476 1755 salutari
1508 1725 1632 1755 sanetae
1656 1721 1760 1756 Eccle-

1104 1775 1168 1808 siae
1194 1774 1367 1808 eatholieae
1392 1774 1557 1817 regimine,
1582 1774 1635 1807 47.

1016 1830 1064 1863 lx.
1082 1829 1290 1864 Confirmatio
1306 1832 1496 1862 statutorum
1513 1833 1543 1861 et
1558 1828 1758 1861 decretorum

1105 1893 1163 1928 pro
1179 1882 1430 1926 Congregatione
1444 1881 1612 1925 Hispaniae
1626 1881 1759 1914 fratrum

1105 1937 1369 1970 Disealeeatorum
1389 1934 1513 1969 Ordinis
1531 1934 1581 1968 SS.
1599 1934 1760 1968 Trinitatis

1106 1990 1343 2034 Redemptionis
1367 1988 1568 2033 Captivorum
1585 2016 1592 2029 ,
1619 1988 1650 2021 in
1675 1988 1758 2032 capi-

1106 2045 1171 2078 tulo
1197 2048 1226 2077 et
1245 2043 1426 2076 definitorio
1445 2042 1646 2085 generalibus
1659 2042 1761 2076 dictae

1105 2096 1361 2141 Congregationis
1379 2096 1548 2136 sactorum,
1574 2095 1624 2129 51.

1018 2152 1052 2185 X.
1079 2151 1283 2186 Confirmatio
1308 2150 1415 2184 Brevis
1438 2149 1555 2183 Urbani
1577 2149 1639 2182 x'lll
1665 2159 1759 2193 super

1106 2205 1299 2238 subiectione
1324 2203 1505 2248 provinciae
1529 2204 1688 2237 Romanae
1704 2204 1760 2237 Or-

1106 2259 1186 2292 dinis
1211 2258 1367 2291 Minorum
1399 2257 1428 2291 S.
1454 2256 1613 2291 Francisei
1645 2257 1761 2302 Capue-

1106 2313 1250 2346 cimorum
1268 2316 1522 2356 nuncupatorum
1540 2322 1599 2355 pro
1620 2316 1761 2356 ternpore

1106 2366 1250 2400 existenti
1276 2365 1420 2398 ministro
1452 2364 1614 2407 generali,
1647 2370 1697 2406 et,
1730 2365 1784 2415 in.

1107 2420 1173 2453 eius
1190 2419 1342 2460 absentia,
1359 2417 1559 2463 procuratori
1573 2421 1603 2451 et
1619 2418 1762 2451 commis-

1107 2474 1190 2506 sario
1215 2472 1355 2516 generali
1380 2471 1520 2505 eiusdem
1546 2471 1681 2512 Ordinis,
1705 2472 1758 2505 59.

1020 2527 1069 2561 xl,
1105 2525 1310 2561 Confirmatio
1342 2525 1603 2558 constitutionum
1639 2524 1763 2558 Ordinis

1107 2579 1336 2613 monachorum
1354 2579 1382 2613 S.
1402 2578 1582 2622 Hieronymi
1602 2578 1633 2611 in
1651 2578 1762 2623 Hispa-

1107 2634 1169 2675 nia,
1196 2632 1246 2667 62.
