2182 3137
214 176 264 204 An.
284 175 399 204 c.1730
444 167 485 202 68

408 225 496 255 ceteri
519 225 552 255 ad
576 224 705 254 habitum
723 223 903 263 praedictum
923 222 1070 253 admissus
1087 222 1148 252 sue-

409 273 457 310 rit,
482 273 676 310 adiungatur:
706 276 736 301 ut
758 272 861 301 deinde
885 272 914 301 in
938 275 1021 301 sexto
1043 271 1148 300 scruti-

409 322 468 359 nio,
487 321 580 360 primo
602 321 720 359 quidem
743 329 811 349 casu
834 320 863 349 in
887 320 960 349 duos
982 329 1016 349 ex
1039 319 1074 349 iis
1098 319 1147 358 qui

408 369 486 408 paria
510 369 646 405 suffragia
670 368 871 404 obtinuerunt,
890 368 964 398 sicut
987 368 1148 407 praemitti-

409 422 464 453 tur,
483 417 653 455 eligendos-3
677 417 804 446 secundo
821 426 889 446 vero
911 416 941 445 in
964 416 1145 455 superiorem

407 465 565 503 suffragiis,
582 465 694 504 illique,
713 469 743 494 ut
763 464 956 504 praemissum
973 468 1026 499 est,
1045 464 1147 494 adiun-

406 513 542 551 gendum,
561 513 657 542 omnia
674 513 833 542 electorum
853 512 990 550 suffragia
1007 512 1147 550 restringi

406 566 434 591 et
456 562 582 591 conferri
605 561 740 590 debeant.
758 560 836 596 Quae
854 561 965 599 pariter
987 561 1022 590 ab
1046 561 1145 591 eadem

406 612 489 640 sacra
506 609 736 647 Congregatione
759 610 962 649 episcoporum
981 613 1009 639 et
1030 610 1147 648 regula-

406 658 483 687 rium
506 657 676 697 approbata,
697 661 725 687 et
746 659 911 688 successivo
926 658 1012 688 Brevi
1034 662 1146 698 aposto-

406 707 461 736 lico
484 707 632 746 praedicto
654 707 828 736 confirmata
851 711 931 737 sunt.

255 775 394 795 &mmmm
445 765 485 785 111.
510 756 593 785 Pater
614 755 759 793 generalis
782 765 833 795 per
848 756 1010 786 triennium
1033 759 1145 786 tantum

214 802 305 822 ⁰ffi·'¹¹¹'''
349 804 392 826 '¹⁴¹⁴'
405 805 489 834 duret
512 804 540 833 in
564 804 660 833 officio
682 813 697 833 a
721 808 851 843 tempore
875 805 1005 835 eiusdem
1029 805 1146 835 electio-

212 831 324 848 lt·t·3nniuin
337 834 393 852 expi-

211 858 255 900 lrffik:
272 853 461 900 ‘li'3111³'.3.323.'¹¹55>
479 853 599 891 eiusque
618 852 732 892 expiret
754 853 893 891 officium,
912 854 1010 884 statim
1033 863 1066 884 ac
1088 854 1146 884 ele-

212 902 442 933 ¹·s=110nr0s›¹¹-cti
464 907 491 932 et
517 903 659 932 nominati
688 902 796 933 suerint
830 903 1003 934 definitores
1036 904 1066 934 in
1099 914 1146 934 ca-

404 952 497 991 pitulo
521 952 662 990 generali.
686 952 842 983 Praeterea
866 953 1037 984 ordinamus
1066 954 1144 993 quod

402 1001 548 1038 generalis
569 1000 720 1031 absolutus
738 1001 906 1032 immediate
929 1007 958 1032 et
981 1003 1146 1033 successive

402 1050 504 1087 reeligi
522 1059 580 1080 non
604 1050 705 1090 possit,
729 1050 787 1080 nisi
810 1055 874 1090 post
896 1052 1076 1081 novennium
1099 1061 1147 1082 va-

403 1099 526 1129 cationis
549 1099 584 1129 ab
607 1099 709 1129 eodem
732 1099 828 1129 officio
844 1099 1013 1138 absoluto²;
1031 1101 1146 1131 etiamsi

403 1148 511 1177 electus
534 1148 621 1178 suerit
645 1148 723 1178 inter
745 1148 907 1188 capitulum
926 1153 954 1179 et
970 1149 1144 1189 capitulum,

402 1200 431 1226 et
453 1197 583 1236 quolibet
605 1197 688 1228 brevi
711 1202 842 1238 tempore
863 1199 1011 1237 generalis
1035 1199 1143 1229 suerit:

402 1255 476 1284 quae
498 1246 704 1285 dispositiones
727 1256 762 1276 ex
784 1247 957 1278 auctoritate
986 1248 1146 1287 apostolica

403 1294 570 1324 firmitatem
593 1300 620 1325 et
642 1295 731 1326 robur
750 1295 870 1326 habent.

207 1353 252 1375 nno
267 1355 390 1375 successive
440 1352 480 1373 ιν.
505 1344 567 1374 Non
591 1345 682 1383 possit
704 1345 773 1383 eligi
795 1345 825 1374 in
849 1345 1016 1383 generalem
1047 1354 1146 1375 mona-

208 1383 392 1428 {fissssssssd‘funnss
402 1392 474 1422 chus
497 1393 603 1432 aliquis
626 1394 774 1432 professus
797 1394 927 1424 eiusdem
960 1395 1143 1433 monasterii,

208 1436 329 1486 kfflghm
354 1436 485 1471 ⁰¹¹'cuius
515 1447 578 1472 erat
612 1443 762 1482 professus
794 1443 941 1481 generalis
975 1444 1145 1474 immediate

401 1491 551 1522 absolutus
574 1496 602 1522 et
625 1502 742 1531 vacans,
773 1493 830 1523 nisi
861 1493 1062 1523 intercesserit
1094 1503 1145 1523 no-

402 1541 541 1571 vennium
565 1541 642 1571 inter
664 1542 833 1572 huiusmodi
850 1542 1030 1572 vacationem
1053 1547 1081 1572 et
1103 1543 1145 1573 di-

402 1593 477 1619 ctam
512 1590 705 1620 electionem:
739 1590 816 1629 quod
848 1590 936 1620 etiam
970 1591 1144 1621 auctoritate

403 1639 564 1678 apostolica
586 1640 789 1669 confirmatum
808 1644 862 1670 est.

442 1697 469 1717 v.
494 1688 525 1717 ln
542 1689 684 1718 scrutinio
704 1689 738 1718 ad
755 1689 913 1727 regulanda
931 1689 1069 1727 suffragia
1086 1689 1144 1719 ele-

402 1737 508 1767 ctionis
531 1742 612 1777 pater
633 1738 778 1776 generalis
806 1738 837 1768 in
861 1738 989 1777 capitulo
1012 1738 1143 1776 generali

401 1786 487 1816 simul
512 1796 577 1816 cum
602 1786 733 1826 patribus
767 1786 972 1816 definitoribus
1005 1787 1143 1816 assistant

400 1840 548 1875 tamquam
572 1839 760 1873 scrutatores²
785 1836 893 1873 singuli
922 1845 956 1865 ex
985 1835 1142 1865 visitatori-

400 1884 454 1913 bus
476 1884 664 1923 generatibus
686 1885 898 1923 cuiuscumque
927 1884 1070 1914 territorii
1093 1893 1143 1913 an-

400 1933 542 1972 tiquiores
564 1934 676 1967 habitu,
701 1938 726 1963 et
752 1934 781 1963 in
798 1934 903 1963 horum
919 1933 1054 1963 absentia
1069 1933 1143 1962 alter

399 1983 496 2012 socius
518 1983 717 2012 convisitator.
742 1984 781 2012 At
803 1991 872 2012 vero
895 1982 924 2011 iu
949 1982 1078 2021 capitulo
1099 1981 1142 2010 in-

400 2031 541 2061 termedio
560 2032 616 2061 duo
639 2035 818 2061 scrutatores
842 2040 877 2060 ex
899 2030 1049 2060 vocalibus
1072 2030 1141 2059 dicti

400 2079 520 2118 capituli
543 2080 700 2118 eligantur,
721 2080 769 2119 qui
793 2080 880 2109 simul
905 2089 971 2109 cum
994 2078 1140 2118 patribus,

400 2129 505 2166 privati
528 2129 647 2167 capituli
671 2129 827 2168 deputatis,
844 2128 987 2158 scrutinio
1009 2132 1036 2157 et
1058 2137 1142 2165 regu-

400 2176 500 2206 lationi
525 2178 727 2215 suffragiorum
751 2178 900 2215 intersint,
919 2186 1045 2216 quorum
1069 2176 1143 2206 anti-

401 2226 487 2264 quior
508 2226 680 2256 electionem
705 2228 810 2256 factam
835 2226 984 2265 publicare
1007 2225 1120 2255 debeat.

441 2283 478 2304 vi.
503 2275 615 2313 Patres,
640 2276 745 2314 privati
765 2276 885 2315 capituli
908 2275 1051 2314 deputati,
1075 2284 1143 2304 con—

402 2323 520 2353 veniant
535 2324 569 2353 ad
590 2323 816 2363 praesidendum
838 2324 925 2354 simul
948 2333 1000 2363 per
1024 2323 1142 2352 modum

402 2372 488 2401 unius
512 2382 576 2401 cum
600 2377 681 2412 patre
711 2373 821 2402 vicario
849 2372 979 2410 generali
1008 2371 1143 2411 capitulis

402 2420 587 2457 generalibus
619 2421 804 2450 intermediis
837 2430 902 2450 cum
939 2419 1144 2450 iurisdictione

402 2468 580 2506 praesidum,
605 2469 714 2508 absque
738 2473 833 2499 tamen
868 2469 1007 2507 suffragio
1040 2477 1145 2507 appro-

401 2515 489 2547 bandi
522 2518 565 2547 vel
594 2518 784 2557 reprobandi,
810 2522 837 2548 et
870 2518 941 2557 quin
969 2517 1004 2548 ob
1032 2517 1143 2547 dictum

435 2572 448 2599 1
472 2572 566 2601 Potius
585 2572 644 2607 lege
663 2573 826 2603 absolutum
849 2572 948 2609 (mr.)e

227 1701 356 1731 Assislentes
372 1702 391 1722 in

206 1731 331 1750 scrutiniis,
355 1730 390 1754 qui

207 1757 246 1774 sunt
263 1755 362 1780 cingendi.

223 2279 261 2303 Qui
278 2280 390 2305 praesides

205 2306 226 2326 in
243 2308 345 2332 capitulis
361 2309 390 2328 iu-

205 2333 325 2354 termediis.

990 174 1173 200 BULLARIUM
1196 173 1355 198 ROMANUM

1943 175 1993 204 An.
2014 175 2043 204 C.
2057 176 2128 206 1730

1190 222 1359 261 praesidum
1385 222 1501 253 titulum
1525 231 1625 253 vocem
1649 222 1773 253 activam
1805 222 1930 254 habeant

1190 270 1219 300 in
1243 270 1330 300 dictis
1349 271 1496 311 capitulis.

1230 328 1278 348 vn.
1302 319 1334 349 In
1357 329 1438 359 casu,
1456 330 1513 360 quo
1536 321 1660 359 eligatur
1675 320 1705 350 in
1721 320 1799 351 dicto
1818 321 1930 360 capitu·
1971 329 2004 360 no⁴
2022 330 2126 362 niueum

1190 367 1216 397 lo
1239 367 1414 398 intermedio
1443 369 1589 407 generalis
1613 370 1759 409 professus
1790 357 2127 410 monaste-{3³23{0‡R?53¹¹⁵

1190 416 1226 446 rii
1260 417 1344 447 valde
1377 418 1535 457 distantis,
1569 419 1712 449 electores
1744 428 1803 449 non
1838 418 1933 449 disce-

1189 465 1260 496 dant
1283 475 1298 495 a
1322 467 1498 497 monasterio
1516 467 1544 498 S.
1563 468 1778 498 Bartholomaei
1801 467 1846 498 vel
1869 467 1932 498 eius

1190 513 1337 553 circuitu,
1363 515 1437 545 ultra
1472 525 1520 546 sex
1554 516 1704 547 leucarum
1737 516 1904 546 distantiam
1923 539 1931 554 ,

1189 563 1300 599 donec,
1321 564 1518 603 compulsoria
1552 566 1725 595 transmissa
1747 565 1783 595 ad
1805 565 1932 596 electum

1189 611 1336 642 citandum
1361 622 1412 652 per
1428 613 1583 653 deputatos
1606 614 1711 654 privati
1733 614 1866 654 capituli,
1883 614 1933 645 ha-

1189 660 1293 691 beatur
1325 661 1429 691 notitia
1461 663 1641 700 authentica,
1662 663 1773 693 dietum
1804 663 1930 693 electum

1189 719 1274 739 suum
1298 710 1433 740 electioni
1458 711 1638 750 praestitisse
1660 721 1850 742 consensum.
1869 712 1930 748 Qua

1189 757 1308 797 habita,
1337 763 1474 798 poterunt
1497 760 1638 790 electores
1667 760 1702 790 ad
1729 759 1849 800 propria
1872 769 1932 790 mo-

1188 808 1315 837 nasteria
1338 809 1446 847 redire,
1464 808 1570 839 ibidem
1587 809 1740 839 dumtaxat
1757 818 1932 849 permanen-

1190 855 1267 885 tibus
1290 856 1374 886 dictis
1398 857 1504 896 privati
1526 858 1646 897 capituli
1664 857 1823 897 deputatis,
1841 862 1873 888 ut
1896 857 1931 888 ad

1188 904 1317 934 debitum
1341 905 1475 935 effectum
1499 906 1672 936 electionem
1696 907 1801 936 saetam
1824 906 1932 946 perdu-

1189 957 1266 992 cant,
1291 957 1319 983 et
1341 953 1538 984 obedientiam
1562 955 1679 985 nomine
1702 955 1790 985 totius
1812 955 1931 994 religio-

1189 1002 1234 1032 nis
1257 1003 1372 1033 noviter
1404 1004 1497 1033 electo
1529 1004 1659 1042 generali
1692 1004 1931 1044 praesentialiter

1189 1054 1349 1090 praestent.
1372 1051 1402 1082 Si
1424 1055 1521 1082 tamen
1545 1052 1655 1083 electus
1682 1063 1740 1083 non
1763 1057 1932 1092 acceptave-

1189 1100 1238 1138 rit,
1262 1100 1443 1139 impotensve
1465 1101 1553 1131 suerit
1575 1111 1627 1140 pro
1656 1101 1733 1132 dieto
1765 1102 1861 1132 officio
1883 1111 1932 1140 ge-

1189 1148 1298 1178 neralis
1320 1150 1485 1179 exercendo
1508 1150 1677 1189 procedant,
1700 1150 1770 1180 dicti
1789 1150 1932 1181 electores

1189 1197 1223 1227 ad
1239 1207 1343 1227 novam
1361 1198 1535 1228 electionem
1554 1199 1638 1229 modo
1654 1203 1683 1229 et
1698 1199 1793 1229 forma
1810 1199 1929 1229 debitis.

1228 1256 1290 1276 vni.
1314 1247 1352 1277 De
1375 1248 1467 1286 gratia
1490 1247 1610 1287 speciali
1626 1248 1719 1278 libere
1743 1248 1931 1278 concedimus
1965 1270 2024 1290 „fior
2038 1269 2127 1291 stau-

1190 1295 1281 1334 priori
1323 1305 1375 1335 pro
1411 1300 1542 1336 tempore
1578 1296 1718 1327 existenti
1760 1296 1930 1327 monasterii
1942 1297 2004 1316 “mm
2032 1297 2125 1322 R‘f-fflfi‘u

1190 1345 1218 1373 S.
1242 1344 1391 1374 Laurentii
1411 1345 1540 1383 Regalis,
1575 1355 1694 1376 suarum
1728 1323 2130 1384 magnitudine{briigfflfffiifrfffiffi

1189 1392 1416 1431 occupationum
1440 1395 1562 1431 attenta,
1580 1394 1657 1433 quod
1674 1394 1698 1424 si
1714 1394 1803 1424 suerit
1818 1394 1930 1424 electus
1941 1377 2041 1429 {argeio
2091 1382 2128 1398 Μ’

1188 1441 1218 1471 in
1241 1442 1406 1480 generalem
1429 1443 1521 1472 nostri
1544 1442 1681 1481 Ordinis,
1711 1443 1746 1473 ad
1777 1446 1932 1483 acceptan-

1188 1490 1257 1520 dum
1280 1490 1447 1520 nullatenus
1469 1491 1605 1530 compelli
1628 1491 1729 1531 possit.

1227 1548 1266 1568 ix.
1288 1539 1369 1569 Adsit
1384 1539 1513 1569 vicarius
1529 1539 1687 1578 generalis,
1702 1540 1762 1579 qui,
1774 1539 1930 1570 deficiente
1993 1563 2025 1584 ne
2044 1563 2126 1585 vicario

1188 1589 1314 1627 persona
1346 1588 1438 1627 patris
1473 1589 1618 1627 generalis
1646 1598 1697 1628 per
1720 1592 1855 1627 mortem,
1879 1598 1930 1619 seu
1941 1590 2046 1615 generali.

1187 1637 1283 1675 aliter,
1307 1637 1410 1667 Ordini
1435 1642 1536 1668 nostro
1557 1638 1742 1676 praesideat3
1766 1641 1794 1668 et
1817 1638 1864 1668 hic
1888 1638 1930 1668 vi-

1187 1686 1283 1715 carius
1305 1686 1450 1724 generalis
1473 1686 1511 1716 sit
1532 1686 1561 1716 in
1585 1690 1749 1726 posterum,
1774 1696 1830 1716 non
1854 1686 1930 1716 vica-

1187 1735 1247 1764 rius
1270 1736 1325 1773 (nt
1348 1735 1490 1765 hactenus
1502 1736 1523 1774 ),
1548 1735 1597 1765 sed
1622 1735 1702 1774 prior
1724 1745 1776 1775 pro
1798 1739 1930 1775 tempore

1186 1783 1318 1813 existens
1343 1784 1512 1814 monasterii
1535 1783 1563 1813 S.
1581 1784 1796 1814 Bartholomaei
1818 1785 1853 1814 de
1877 1784 1932 1814 Lu-

1187 1832 1294 1871 piana:
1330 1833 1407 1871 quod
1441 1832 1571 1862 decrevit
1605 1837 1633 1862 et
1665 1832 1826 1863 declaravit
1847 1842 1929 1863 sacra

1186 1881 1378 1919 Congregatio
1401 1882 1607 1920 episcoporum
1630 1885 1657 1911 et
1678 1882 1878 1920 regularium,
1902 1885 1930 1912 et

1185 1931 1347 1969 apostolica
1365 1931 1541 1960 auctoritate
1561 1935 1604 1960 est
1622 1931 1840 1961 confirmatum.

1226 1990 1253 2009 x.
1278 1980 1365 2009 Sacra
1389 1980 1582 2018 Congregatio
1599 1981 1705 2010 S.R.E.
1723 1979 1929 2017 cardinalium,
1968 2000 1998 2020 „0
2014 2004 2065 2020 casu
2083 2004 2125 2026 qno

1185 2028 1310 2066 negotiis
1343 2029 1547 2068 episcoporum
1577 2033 1604 2058 et
1633 2029 1812 2067 regularium
1845 2028 2126 2074 prae-g{⁰⁶2g;{fgg¹¹¹g{

1185 2077 1300 2115 posita,
1324 2077 1424 2106 statuit
1447 2081 1475 2106 et
1497 2077 1644 2112 decrevit,
1669 2076 1746 2115 quod
1769 2076 1793 2106 si
1816 2076 1930 2106 contin·
1941 2079 2004 2100 maei-

1185 2130 1233 2163 gat
1266 2126 1429 2164 prioratum
1463 2125 1633 2155 monasterii
1661 2125 1691 2155 S.
1715 2124 1929 2154 Bartholomaei

1185 2174 1406 2213 quomodolibet
1430 2183 1543 2211 vacare,
1561 2174 1629 2203 dum
1653 2174 1733 2212 prior
1754 2173 1847 2213 ipsius
1869 2182 1930 2203 mo-

1187 2223 1318 2260 nasterii,
1342 2227 1463 2253 vacante
1486 2223 1674 2262 generalatn,
1698 2231 1805 2252 munus
1827 2222 1929 2252 vicarii

1185 2272 1330 2311 generalis
1364 2276 1495 2310 exercet,
1527 2276 1595 2301 tune
1629 2272 1792 2311 praesideat
1826 2270 1929 2301 Ordini

1185 2321 1342 2360 deputatus
1365 2321 1486 2360 capituli
1509 2320 1613 2359 privati
1629 2344 1636 2358 ,
1661 2320 1710 2359 qui
1734 2320 1797 2349 loco
1820 2323 1849 2349 et
1870 2327 1931 2349 ses-

1186 2369 1268 2399 sione
1290 2373 1403 2399 retcros
1426 2369 1580 2408 deputatos
1603 2368 1769 2408 praecedit,
1797 2377 1862 2398 cum
1885 2367 1932 2397 iu-

1185 2417 1357 2447 risdictione
1380 2418 1480 2447 vicarii
1503 2417 1661 2455 generalis,
1679 2417 1773 2446 donec
1795 2416 1832 2446 sit
1855 2416 1928 2446 sacta

1186 2470 1214 2495 et
1253 2466 1424 2495 confirmata
1465 2465 1568 2496 electio
1609 2465 1717 2504 prioris
1758 2463 1930 2494 monasterii

1186 2514 1214 2545 S.
1239 2514 1451 2544 Bartholomaei
1467 2539 1474 2553 ‚
1499 2516 1549 2553 qui
1572 2523 1677 2545 munus
1712 2512 1813 2544 vicarii
1840 2520 1930 2551 gene—

1187 2564 1256 2596 ralis
1278 2572 1413 2596 exercere
1436 2563 1537 2594 debet.
