2182 3137
35 222 87 248 An.
107 221 136 247 C.
154 220 223 246 1730

61 729 90 749 [to
104 728 219 749 nosocomii

38 755 221 782 presbyteroeius-

39 788 79 808 que
94 781 176 802 anicio.

74 2235 102 2255 tte
118 2236 225 2261 praesecto

47 2264 67 2281 et
84 2263 197 2283 visuatnre.

872 218 1014 241 CLEMENS
1041 219 1084 241 xl!
1111 220 1159 242 l'l’.

232 269 345 301 branda
366 273 395 298 et
411 267 598 298 enuncianda.
613 266 810 303 decorabitur,
834 271 862 296 et
884 266 978 296 omni-

232 319 286 348 bus
310 327 385 357 quae
407 318 436 346 in
459 317 608 346 academia
638 315 729 345 moris
760 319 851 349 sunt,
876 324 977 354 supre-
998 341 1000 347 ,

231 367 287 396 mis
303 367 419 396 officiis.
437 366 493 395 Pro
515 364 697 404 quibuslibet
719 364 785 393 aliis
808 363 976 393 doctoribus
998 382 1000 395 2

231 425 281 446 seu
305 415 463 453 magistris,
481 423 553 453 quos
570 413 630 442 vita
655 413 769 442 functos
791 413 974 450 constiterit,

231 463 382 494 duodecim
408 463 439 492 in
468 462 571 492 eodem
605 461 715 491 sacello
746 461 852 490 missae
882 460 975 499 appli-

232 516 347 541 centur.

500 635 702 663 universitatis.

274 706 431 745 Hospitalis
454 705 590 743 regimini
615 705 766 746 presbyter
793 706 916 736 idoneus
939 706 975 735 ab

232 755 398 784 academiae
421 754 545 783 concilio
568 754 767 793 praeficiatur,
801 755 848 784 cui
873 764 907 784 ex
930 755 976 784 in-

234 803 366 833 ventario
388 803 589 832 committatur
612 803 766 832 universae
782 803 974 842 supellectilis

232 862 314 888 cura,
339 852 448 891 quique
469 851 571 881 sedulo
594 853 825 882 animadvertere
858 853 972 888 debeat,
997 851 999 860 '

232 906 263 930 ut
285 901 434 930 scholares
457 900 566 929 infirmi
590 910 647 930 non
671 901 768 938 aliter,
798 910 886 941 quam
909 911 975 931 san-

231 949 378 979 ctionibus
400 953 518 978 cautum
541 953 596 986 est,
613 949 819 988 recipiantur,
841 954 873 979 ut
888 950 975 979 nimi-

231 1008 297 1028 rum
321 998 522 1027 testimonium
544 999 716 1028 matriculae
743 1004 771 1028 et
793 1000 974 1038 paupertatis

231 1046 401 1083 exhibeant,
419 1047 596 1085 eosdemque
619 1047 792 1085 contagione
814 1058 873 1077 non
895 1047 975 1077 labo·
997 1064 998 1071 κ

232 1105 297 1125 rare
322 1095 480 1134 primarius
502 1096 666 1125 medicinae
689 1097 836 1135 professor
859 1100 975 1126 atteste-

233 1247 330 1272 autem
348 1243 580 1280 ingravescente,
599 1243 643 1272 sui
661 1243 791 1272 muneris
808 1243 873 1279 erit,
889 1244 975 1279 nihil,

233 1291 310 1330 quod
334 1291 362 1320 in
386 1300 525 1329 supremo
548 1291 597 1320 illo
620 1291 790 1321 discrimine
814 1292 975 1321 christiana

232 1340 379 1369 institutio
412 1339 566 1379 praecipit,
590 1340 624 1369 ad
658 1340 823 1369 animarum
851 1340 976 1370 salutem

232 1389 391 1427 negligere.

273 1438 463 1475 Singulorum
487 1439 616 1474 nomina,
638 1438 760 1477 patriam
777 1438 914 1478 diemque
933 1449 979 1468 re-

234 1487 379 1525 ceptionis
402 1487 431 1516 in
455 1487 583 1516 codicem
603 1487 638 1516 ad
654 1487 682 1515 id
700 1492 832 1525 paratum
856 1488 975 1524 referat,

234 1535 402 1574 ibidemque
438 1535 584 1565 describat
605 1559 612 1573 ,
650 1536 792 1574 quidquid
829 1536 859 1565 in
897 1541 977 1566 veste

236 1585 279 1614 vel
302 1585 361 1614 alia
383 1584 487 1623 quavis
508 1594 540 1614 re
559 1594 659 1614 secum
676 1585 841 1622 attulerint,
859 1590 890 1614 ut
905 1585 977 1624 ipsis
999 1617 1001 1621 ¹

235 1634 389 1672 pristinam
425 1633 622 1663 valetudinem
656 1634 767 1672 adeptis
790 1634 974 1663 restituatur.
999 1624 1001 1658 l

233 1683 315 1718 Quod
338 1683 362 1712 si
385 1682 525 1720 obierint,
545 1682 580 1711 de
604 1691 635 1712 re
657 1682 826 1712 huiusmodi
849 1683 885 1712 ad
909 1692 978 1712 can-
1000 1702 1001 1716 ;

235 1731 345 1761 cellarii
370 1731 522 1770 placitum,
540 1731 595 1760 nisi
620 1732 700 1770 prius
724 1731 751 1760 id
774 1731 885 1770 aegroti
909 1741 978 1761 con-

234 1780 397 1817 stituerint,
421 1780 604 1819 disponatur.
775 1775 779 1779 ”

274 1829 386 1859 Medico
409 1834 437 1859 et
459 1829 597 1867 chirurgo
627 1829 759 1858 infirmos
790 1829 976 1858 visitantibus
999 1863 1000 1873 ἵ

999 1877 1117 1905 *studio
1153 1876 1197 1905 vel
1231 1876 1308 1911 odio,
1343 1880 1392 1905 aut
1423 1877 1533 1914 proprii
1569 1876 1761 1905 emolumenti

236 1878 386 1918 presbyter
410 1878 562 1918 hospitalis
585 1878 750 1917 praefectus
773 1878 905 1913 intersit3
933 1878 977 1907 iti-

235 1927 360 1966 demque
376 1937 441 1956 cum
458 1927 541 1956 cibus
557 1927 628 1965 ipsis
645 1927 840 1956 ministratur.

276 1975 316 2004 Ex
333 1985 430 2005 annuo
446 1975 613 2005 academiae
632 1984 733 2010 censu,
750 1979 867 2005 centum
892 1976 977 2014 quin-

236 2025 375 2063 quaginta
401 2024 542 2054 librarum
566 2025 744 2063 stipendium
768 2025 822 2064 ipsi
847 2025 977 2063 assigna-

236 2073 333 2108 bitnr;
363 2078 390 2103 et
418 2074 560 2112 quidquid
589 2078 741 2112 praeterea
772 2084 823 2113 pro
850 2075 978 2112 aegrotis

235 2123 383 2152 salubrius
405 2123 536 2160 alendiS,
560 2123 699 2152 curandis
721 2127 749 2152 et
777 2124 977 2153 sustentandis

235 2182 306 2211 opus
330 2173 427 2207 fuerit,
451 2172 665 2210 suppeditetur.

275 2221 430 2250 Praeterea
469 2221 627 2250 concilium
663 2221 861 2251 academicum
895 2226 978 2260 quot-

235 2269 321 2298 annis
344 2273 408 2308 post
430 2269 535 2298 festum
558 2269 587 2298 S.
616 2269 709 2298 Lucae
732 2274 903 2308 perpetuum
927 2270 979 2299 eli-

236 2321 284 2355 gat
318 2318 534 2356 professorem,
568 2318 618 2356 qui
650 2317 773 2351 crebro,
807 2323 857 2348 aut
888 2318 1001 2351 semel,

238 2366 266 2395 in
291 2366 511 2402 hebdomadam,
528 2366 695 2396 academiae
718 2367 917 2396 nosocomium
934 2368 979 2397 in—

238 2414 326 2450 viset,
351 2417 398 2448 ut,
423 2423 497 2453 quae
519 2414 553 2443 ad
578 2414 708 2444 eiusdem
732 2415 862 2453 regimen
886 2415 978 2455 ipsius

238 2462 440 2491 univcrsitatis
471 2461 583 2500 legibus
616 2468 782 2502 comparata
811 2468 891 2501 sunt,
915 2464 979 2494 dili-

237 2511 352 2549 gentius
375 2515 568 2550 exequantur.
604 2511 667 2550 lpse
695 2521 763 2541 vero
786 2513 978 2542 scholasticus

237 2560 361 2598 singulis
383 2561 469 2589 annis
491 2569 557 2589 rum
581 2560 694 2590 duobus
725 2561 887 2591 medicinae
914 2572 980 2601 pro-

238 2609 398 2639 fessoribus
421 2609 522 2639 eodem
545 2610 680 2647 accedat,
706 2614 737 2639 ut
761 2611 907 2648 praefecto
930 2621 979 2650 pa-

329 2668 405 2694 ltutl.
430 2669 514 2693 [tom.
533 2683 565 2686 —
588 2668 647 2693 Vnt.
672 2667 780 2695 XXIII.
925 2668 960 2693 25

1661 210 1722 242 itis}

1021 266 1092 295 riter
1127 271 1154 296 et
1192 268 1340 297 visitatore
1377 267 1579 307 praesentibus
1622 268 1759 297 universa

1020 315 1191 352 singillatim
1215 316 1352 346 discutiat
1367 322 1395 346 et
1411 317 1512 346 sedulo
1535 317 1677 355 exploret.

1062 363 1231 393 Praefectus
1247 370 1275 394 et
1293 366 1424 395 visitator
1441 375 1596 405 personam
1612 366 1758 403 idoneam,

1020 416 1070 441 aut
1092 412 1176 449 duas,
1201 414 1224 442 si
1248 419 1350 452 urgeat
1369 417 1537 451 necessitas,
1554 415 1589 444 ad
1605 415 1759 453 hospitalis

998 460 1216 499 ,ministerium
1252 463 1451 501 constituant,
1486 473 1559 502 quae
1592 463 1760 493 reficiendis

1019 510 1146 547 aegrotis
1169 509 1250 539 cibos
1273 516 1442 550 praeparet,
1473 517 1628 551 ceteraque
1661 512 1760 542 huius-

250 586 302 616 TIT
331 585 412 615 XLVI
510 585 549 614 De
571 586 720 615 nosocomio
747 586 805 614 sice
827 585 956 624 hospitali
998 577 999 598 ³
1021 558 1098 587 modi
1132 568 1253 588 munera
1285 559 1443 598 diligenter
1466 560 1635 600 adimpleat,
1666 571 1680 590 a
1704 571 1759 600 qua

1020 607 1172 646 presbyter
1194 607 1223 636 in
1253 608 1316 637 dies
1345 609 1478 647 singulos
1501 610 1535 639 de
1558 611 1694 649 expensis
1717 620 1763 641 ra-

1020 656 1127 686 tionem
1146 661 1269 695 repetat,
1284 666 1370 695 quam
1386 658 1447 697 ipse
1464 659 1492 688 in
1509 659 1639 697 singulas
1655 660 1763 690 hebdo-

997 710 999 730 ἐ
1019 705 1118 734 madas
1142 705 1285 735 visitatori
1309 706 1433 744 reddat,
1458 717 1544 746 quem
1567 708 1655 737 etiam
1679 718 1761 747 prae-

1019 755 1103 794 cipue
1126 755 1160 783 de
1183 755 1427 785 extraordinariis
1444 760 1471 785 et
1488 766 1544 786 non
1568 757 1689 786 modicis
1708 757 1763 786 im-

1020 804 1118 843 pensis
1140 804 1298 833 consultet.

1059 852 1208 891 Hospitale
1231 857 1297 882 octo
1320 853 1422 882 saltem
1453 854 1580 891 aegrotis
1613 854 1763 883 commode

1019 901 1131 931 alendis
1160 906 1188 931 et
1209 902 1410 931 sustentandis
1438 906 1568 941 paratam
1592 902 1696 932 habeat
1718 912 1765 932 su-

1019 950 1208 988 pellectilem,
1244 951 1287 979 vel
1322 950 1409 980 etiam
1442 951 1596 980 duodecim
1620 951 1644 981 si
1668 952 1705 980 ita
1728 951 1764 980 ab

1018 999 1185 1028 academiae
1208 999 1332 1029 consilio
1355 999 1542 1029 decernatur.

1060 1047 1209 1078 Visitatori
1248 1048 1402 1087 hospitalis
1438 1049 1588 1078 ordinario
1625 1048 1654 1078 in
1691 1049 1765 1078 festo

997 1104 999 1133 ζ
1018 1097 1129 1126 Natalis
1148 1097 1264 1126 Domini
1288 1097 1390 1135 viginti
1415 1103 1544 1137 quatuor
1567 1098 1692 1136 gallinae
1716 1099 1766 1127 tri-

234 1149 291 1174 tur.
316 1144 384 1174 Post
416 1144 493 1174 diem
529 1145 694 1174 naturalem
727 1150 858 1184 receptos
880 1139 999 1175 sacra-l

232 1193 353 1222 mentali
371 1193 553 1235 poenitentia
569 1193 731 1231 expiandos
746 1199 849 1230 curet,
875 1193 976 1223 morbo
998 1219 1000 1235 ,

1021 1146 1096 1175 buan
1103 1151 1160 1175 tur.

1059 1221 1122 1250 ΤιΤ.
1139 1221 1246 1250 XLVII.
1266 1237 1301 1242 --
1326 1221 1365 1250 De
1387 1221 1510 1250 domibus
1532 1222 1724 1258 conducendis,

1194 1275 1218 1299 et
1240 1272 1424 1300 convictorum
1446 1273 1592 1308 reyitnine.

1062 1340 1115 1376 Qui
1140 1341 1304 1370 studiorum
1328 1342 1418 1369 causa
1442 1341 1477 1370 ad
1500 1340 1574 1370 hanc
1597 1340 1767 1371 Cervarien—

1022 1399 1081 1419 sem
1105 1389 1284 1419 academiam
1312 1389 1485 1427 adveniunt,
1516 1390 1617 1419 domos
1645 1390 1765 1428 oppida-

1022 1448 1125 1468 norum
1149 1438 1325 1475 conducere,
1350 1439 1394 1468 vel
1419 1439 1541 1477 privatis
1565 1439 1819 1479 pactionibnst

1000 1474 1066 1514 *vel
1099 1487 1180 1514 certa
1209 1485 1359 1523 pensionis
1388 1485 1453 1522 lege
1485 1494 1551 1514 cum
1585 1485 1764 1516 locatoribus

1022 1534 1180 1563 convenire
1204 1543 1261 1562 non
1286 1533 1388 1571 possit,
1413 1534 1463 1563 sed
1492 1543 1538 1563 res
1568 1535 1688 1563 omnino
1711 1543 1764 1573 per

1021 1584 1221 1618 aestimatores
1253 1582 1288 1611 ad
1320 1582 1349 1611 id
1383 1582 1569 1621 peculiariter
1602 1583 1764 1613 destinatos

1023 1632 1213 1669 transigatur.

1061 1680 1258 1710 Scliolasticus
1291 1679 1382 1718 igitur
1415 1680 1572 1719 quotannis
1599 1686 1764 1719 opportuno

1021 1734 1151 1768 tempore
1174 1729 1247 1758 duos
1269 1729 1357 1766 eligat
1380 1729 1517 1758 honestos
1540 1729 1763 1767 etintegritate

999 1783 1001 1820 ξ,
1021 1778 1196 1817 conspicuos
1213 1778 1291 1807 viros
1314 1788 1347 1807 ex
1368 1779 1420 1807 linc
1444 1778 1561 1807 civitate
1585 1788 1641 1808 non
1665 1779 1764 1808 oriun-

1021 1828 1083 1865 dos,
1109 1828 1157 1865 qui
1188 1836 1245 1855 non
1274 1827 1398 1856 alicuius
1427 1828 1535 1865 gratia,
1561 1837 1618 1856 non
1650 1828 1763 1866 privato

1021 1925 1181 1964 cupiditate
1204 1924 1334 1963 impulsi,
1369 1924 1418 1953 sed
1448 1925 1577 1954 iustitiae
1611 1925 1761 1954 dumtaxat

1021 1979 1047 2003 et
1081 1973 1282 2003 conscientiae
1315 1982 1347 2001 ac
1380 1973 1512 2002 veritatis
1545 1973 1601 2002 sihi
1629 1982 1761 2003 normam

999 2023 1001 2033 ¹
1023 2022 1392 2061 proponentes,domorum
1406 2022 1506 2057 situm,
1517 2022 1761 2059 magnitudinem,

1021 2072 1191 2110 qualitatem
1211 2072 1266 2100 ritc
1288 2080 1321 2099 ac
1344 2070 1469 2100 fideliter
1492 2071 1660 2109 inspiciant,
1685 2072 1763 2100 etde

1022 2121 1189 2150 huiusmodi
1214 2120 1407 2149 locationibus
1431 2120 1570 2149 iudicium
1595 2130 1680 2149 suum
1698 2130 1764 2159 pro-

1021 2171 1172 2205 nuncient,
1197 2180 1229 2199 ac
1255 2179 1304 2208 per
1323 2170 1470 2199 notarium
1495 2170 1523 2198 in
1546 2174 1609 2199 acta
1634 2170 1764 2199 referen-

1021 2219 1090 2248 dum
1119 2222 1234 2248 curent.
1258 2218 1338 2253 Quod
1361 2218 1385 2246 si
1409 2218 1557 2247 discordes
1591 2218 1620 2247 in
1654 2218 1762 2247 iudicio

1023 2268 1067 2297 vel
1089 2267 1293 2297 aestimatione
1317 2266 1436 2299 fuerint,
1461 2266 1496 2295 iis
1519 2266 1695 2303 adiungatur
1718 2276 1764 2296 re-

1022 2321 1084 2347 ctor
1103 2316 1217 2354 collegii
1241 2315 1394 2345 Societatis
1418 2315 1494 2351 Iesu,
1513 2315 1557 2343 vel
1582 2314 1762 2352 guardianus

1022 2366 1265 2405 Capuccinorum,
1284 2369 1314 2394 ut
1331 2365 1384 2393 hoc
1408 2363 1605 2393 moderamine
1628 2363 1761 2394 adhibito

1022 2415 1142 2444 maioris
1166 2414 1256 2453 partis
1279 2413 1418 2442 iudicium
1441 2412 1624 2442 observetur.
1643 2412 1672 2441 Si
1695 2421 1762 2442 vero

1022 2464 1066 2493 vel
1089 2463 1211 2499 locator,
1233 2461 1275 2490 vel
1292 2461 1356 2490 cius
1378 2461 1496 2490 nomine
1512 2460 1586 2489 alius
1603 2461 1761 2499 quispiam.

1022 2516 1137 2552 praeter
1160 2510 1392 2540 aestimationem
1417 2509 1502 2538 modo
1531 2509 1761 2548 praescriptam,

1023 2561 1116 2590 maius
1137 2559 1254 2598 aliquod
1278 2558 1402 2596 pretium
1427 2568 1441 2586 a
1464 2557 1694 2587 conductoribus
1717 2567 1763 2587 ac-

1023 2609 1135 2648 cepisse
1151 2607 1398 2646 deprehendatur,
1415 2606 1613 2645 quadruplum
1632 2607 1659 2634 in
1677 2615 1762 2635 usum

1770 220 1818 243 An.
1841 218 1868 243 tl.
1888 217 1956 242 1730

1803 869 1831 888 lte
1847 869 1960 894 hospitatis

1775 896 1909 921 supellectili.

1801 1354 1814 1372 ti
1826 1359 1876 1373 »mus
1890 1353 1961 1374 locan-

1778 1380 1816 1399 dae
1833 1387 1869 1406 per
1881 1384 1960 1400 aaesti-

1777 1410 1868 1427 111.iv.irc<
1878 1413 1889 1426 a
1899 1407 1961 1426 scho-

1776 1434 1851 1453 taxum
1878 1434 1961 1457 cligvn·
