2182 3137
117 196 166 223 An.
188 195 217 223 C.
238 196 302 223 1731

133 2227 242 2248 praetuaz
258 2225 296 2246 Πε-

113 2254 192 2274 naemu
208 2253 252 2274 xut
263 2254 296 2273 lit-

114 2283 170 2300 teras
207 2282 242 2300 uta

113 2310 173 2334 parto
188 2310 281 2328 rotocah

954 198 1093 222 CLEMENS
1120 200 1164 222 XM
1189 200 1238 222 PF.

311 245 386 279 dine
411 245 527 288 gestari
554 245 686 278 solitum
713 255 840 278 sumere
867 245 1047 288 praecipie-

309 299 414 337 batur,
433 299 606 332 utilitatem
621 299 720 336 illam,
740 309 833 341 quam
848 304 1047 331 memoratus
1068 310 1070 340 ζ

309 352 504 385 Benedictus
540 353 678 384 futuram
713 352 774 384 sibi
811 357 1046 394 proposuerat,

308 416 375 438 non
409 405 595 445 attulerint·,
623 405 679 437 sed
712 405 818 448 potius
851 415 867 437 e
892 414 1047 437 converso

308 469 374 491 non
401 458 560 490 modicam
597 457 876 500 perturbationem
902 456 933 488 in
960 467 1048 499 prae-

309 511 380 544 fatis
406 511 599 553 provinciis,
627 516 657 543 et
681 511 857 554 praecipue
891 510 922 541 in
949 510 1048 550 parti-

308 565 368 596 bus
392 564 586 597 Hollandiae
605 564 742 606 aliisque
758 564 948 606 plerumque
971 563 1048 596 liae-

307 617 484 649 reticorum
509 617 708 660 regionibus,
727 617 781 648 ubi
807 627 876 648 mos
902 615 1049 649 denomi-

308 670 450 703 nationis
468 675 500 702 et
519 680 594 703 usus
620 669 749 702 habitus
775 669 960 702 huiusmodi
983 670 1048 701 ino-

308 723 398 763 levit,
426 723 624 763 induxerint,
652 728 682 755 et
708 723 738 754 in
765 728 929 765 posterum
957 722 1050 755 iudu-

309 787 382 809 cere
405 776 548 820 possint:
575 781 751 819 propterea
777 786 845 815 nos,
873 776 946 818 qui,
974 776 1049 808 dum

309 829 527 862 cardinalatus
553 829 679 862 honore
710 829 945 871 fungebamur,
973 828 1047 862 dieti

308 882 437 915 Ordinis
470 882 668 925 protectoris
702 893 818 914 munus
849 892 908 924 per
940 883 1050 925 plures

309 945 413 968 annos
439 935 664 975 sustinuimus,
683 941 714 967 ct
738 935 777 967 ad
795 935 826 968 S.
849 936 883 968 tt.
904 935 939 968 E.
967 936 1050 978 regi-

308 999 394 1027 men,
418 988 484 1022 Deo
510 989 647 1029 favente,
671 989 785 1029 evecti,
812 989 891 1022 illud
918 989 1050 1022 minime

309 1042 538 1075 dimittendum
564 1042 762 1084 putavimus,
790 1042 936 1075 eiusdem
963 1043 1050 1076 Ordi-

306 1095 365 1135 nis,
385 1106 481 1138 quem
504 1095 656 1138 peculiari
679 1095 860 1128 directione
879 1097 1051 1139 prosequi-

307 1160 388 1189 mur,
415 1160 523 1182 curam
548 1150 759 1193 praeeipuam
785 1146 918 1190 babere,
947 1156 979 1183 et
1002 1151 1050 1182 in-

308 1204 463 1238 teriorem
491 1204 530 1236 ab
547 1203 698 1236 universo
723 1203 843 1236 Ordine
870 1204 1049 1236 animorum

307 1259 475 1297 unionem,
496 1268 577 1300 quae
597 1257 692 1289 etiam
712 1258 868 1300 neglectis
888 1258 1050 1301 aliquibus

309 1310 527 1344 exterioribus
546 1311 646 1353 signis
674 1311 771 1344 foveri
787 1316 903 1354 potest,
922 1322 1048 1344 necnon

309 1364 496 1398 eorumdem
523 1364 657 1396 fratrum
683 1364 785 1397 dictae
811 1364 974 1404 nationis,
1007 1365 1049 1397 ita

308 1424 342 1451 ut
368 1417 439 1461 ipsi,
456 1423 490 1449 ut
515 1423 621 1457 antea,
642 1419 807 1450 consuetis
833 1418 994 1451 exercitiis
1020 1424 1050 1450 et

307 1471 516 1505 missionibus
542 1471 573 1503 in
593 1471 836 1504 haereticorum
861 1471 1049 1514 regionibus

308 1525 496 1558 incumbere
521 1526 667 1564 valeant,
695 1525 962 1567 tranquillitatem
988 1536 1050 1558 ser-

307 1589 399 1619 vare,
426 1589 462 1610 ac
486 1578 563 1611 alias
595 1578 627 1610 in
653 1578 840 1620 praemissis
865 1585 1049 1621 opportune
1071 1597 1072 1602 =

306 1632 480 1676 providere
507 1632 689 1674 cupientes,
713 1642 841 1664 necnon
867 1633 1050 1664 commissa-

306 1685 388 1719 rium
417 1686 614 1728 generalem,
642 1685 808 1718 ministros
833 1686 1071 1728 provinciales}

307 1744 340 1772 et
364 1739 517 1772 custodes
542 1739 646 1772 dictae
683 1738 825 1771 nationis
851 1739 1048 1781 specialibus

306 1793 472 1826 favoribus
499 1798 531 1825 et
556 1792 665 1835 gratiis
697 1793 853 1836 prosequi
879 1793 1048 1832 volentes,

308 1856 428 1889 eosque
463 1851 494 1878 et
526 1856 637 1878 eorum
663 1845 842 1889 quemlibet
866 1856 882 1878 a
908 1846 1047 1889 quibus—

306 1899 353 1932 vis
392 1900 742 1940 excommunicationis,
770 1900 996 1943 suspensionis
1017 1905 1047 1932 et

306 1952 495 1993 interdicti,
535 1953 671 1995 aliisque
705 1953 930 1986 ecelesiasticis
967 1964 1044 1986 sen-

307 2007 440 2047 tentiis,
473 2006 619 2039 censuris
645 2011 676 2039 et
702 2006 842 2049 poenis,
870 2006 894 2039 si
931 2007 1047 2050 quibus

307 2060 552 2104 quomodolibet
577 2059 722 2092 innodati
749 2060 898 2100 existant,
916 2061 955 2093 ad
975 2060 1046 2093 ell'e-

307 2119 392 2147 ctum
418 2113 638 2156 praesentium
674 2113 935 2156 consequendum
973 2119 1043 2146 tan-

307 2173 393 2208 tum,
419 2167 534 2199 harum
559 2166 643 2199 serie
669 2167 875 2200 absolventes
901 2172 932 2199 et
957 2167 1047 2201 abso-

307 2222 391 2255 lutos
417 2221 486 2254 fore
510 2225 688 2260 censentes,
710 2220 933 2264 dicturumque
958 2221 1045 2254 litte-

276 2280 280 2299 ἰ
307 2285 415 2307 rarum
447 2273 613 2307 Benedicti
648 2274 911 2316 praedecessoris
944 2275 1044 2308 nostri

307 2332 458 2367 tenores,
488 2327 583 2360 etiam
609 2327 754 2360 veriores
773 2354 780 2367 ,
808 2338 866 2371 pro
891 2328 988 2371 plene
1015 2334 1046 2362 et

307 2381 504 2415 sufficienter
527 2380 654 2413 insertis
680 2386 712 2413 et
736 2380 896 2424 expressis
923 2381 1046 2414 liaben-

308 2439 372 2474 tcs,
397 2439 483 2466 motu
522 2432 656 2476 proprio
682 2438 714 2466 ct
739 2444 775 2466 ex
801 2436 887 2467 certa
912 2435 1045 2468 scientia

307 2487 438 2526 nostris,
456 2486 560 2530 dcquc
579 2486 776 2529 apostolicae
793 2488 964 2530 potestatis
980 2489 1046 2532 ple·

307 2540 463 2580 nitudinc,
479 2539 602 2572 litteras
618 2539 759 2573 eiusdem
777 2540 940 2576 Benedicti
956 2552 1047 2584 prae-

307 2593 504 2634 decessoris,
531 2593 562 2626 in
589 2606 623 2625 oa
651 2598 738 2635 parti,—
768 2599 890 2627 tantum
916 2605 979 2638 qua
1003 2595 1046 2628 di·

399 2656 479 2686 Butl.
500 2656 588 2686 Rom.
607 2673 639 2678 -——
663 2658 721 2686 i'ul.
744 2656 854 2686 AMH.
997 2656 1030 2684 37

1731 188 1796 223 ⁶280

1092 246 1150 278 ctis
1168 247 1321 279 fratribus
1338 247 1478 280 eiusdem
1500 247 1833 290 Germano-Belgicae,

1092 298 1204 341 illique
1231 310 1426 333 annexarum
1453 300 1711 343 provinciarum,
1739 301 1834 333 deno-

1091 350 1304 384 minationem
1331 353 1592 387 Recollectorum
1614 359 1645 386 et
1669 354 1832 397 caputium

1091 403 1312 436 acuminatum
1340 411 1371 437 et
1395 407 1623 438 mantellorum
1656 406 1832 448 ligamenta

1091 456 1200 498 lignea
1225 457 1289 489 sive
1323 458 1486 496 eburnea,
1512 465 1567 491 aut
1600 460 1679 492 alias
1704 460 1742 492 ab
1768 461 1833 492 uni.

1091 519 1187 542 verso
1214 520 1304 543 more
1330 510 1461 543 fratrum
1488 512 1643 545 Minorum
1663 513 1702 545 de
1720 513 1833 545 Obser-

1092 561 1199 594 vantia
1224 562 1399 602 discordia,
1425 564 1571 603 reiicere,
1597 571 1693 608 atque
1720 565 1750 597 in
1778 566 1833 599 de-

1092 615 1315 649 nominatione
1335 622 1365 647 et
1384 616 1512 649 habitus
1532 618 1695 651 delatione
1716 619 1833 652 ceteris

1094 668 1246 700 fratribus
1265 668 1339 701 dicti
1357 668 1486 702 Ordinis
1510 680 1581 702 sese
1607 671 1739 703 omnino
1758 682 1833 704 con-

1093 721 1244 760 formare,
1259 727 1290 754 et
1307 732 1371 754 non
1390 723 1526 765 amplius
1539 723 1741 756 Recoll‹=ctos
1757 735 1833 756 nun-

1094 774 1203 817 cupari
1229 774 1446 818 praecipitur,
1470 775 1658 818 eisdemque
1684 776 1833 808 fratribus

1095 827 1396 860 denominationem
1412 833 1443 860 et
1456 827 1631 870 ligamenta
1647 828 1831 862 huiusmodi

1095 881 1374 921 detrectantibus,
1407 881 1587 914 litterarum
1622 881 1830 922 huiusmodi,

1096 940 1128 966 et
1145 934 1251 966 statim
1277 940 1308 967 et
1332 935 1404 978 ipso
1423 936 1505 967 facto
1526 940 1557 967 et
1576 934 1698 978 absque
1720 934 1833 968 iudicis

1094 987 1294 1026 ministerio,
1322 987 1482 1020 fruitionis
1516 988 1666 1031 privatio,
1696 987 1834 1020 illarum·

1096 1051 1159 1084 que
1186 1042 1354 1084 abrogatio
1381 1046 1414 1073 ut
1439 1043 1632 1085 praefertur,
1657 1041 1832 1082 statuitur,

1096 1103 1128 1129 et
1160 1095 1382 1128 denominatio
1418 1101 1449 1128 et
1476 1095 1641 1138 caputium
1677 1093 1835 1127 acumina-

1096 1154 1161 1181 tum
1198 1159 1234 1182 ac
1265 1149 1443 1191 ligamenta
1468 1149 1609 1192 praefata
1628 1154 1662 1181 ut
1687 1150 1834 1192 praefer-

1095 1208 1146 1235 tur
1164 1203 1427 1245 supprimuntur,
1452 1203 1628 1245 apostolica
1645 1203 1833 1236 auctoritate

1094 1257 1238 1300 praefata
1263 1262 1417 1300 perpetuo
1443 1267 1651 1299 revocamus,
1677 1258 1834 1291 rescindi-

1094 1321 1163 1343 mus
1182 1314 1211 1343 el
1229 1311 1436 1353 abrogamus.
1453 1310 1590 1343 Eosdem
1606 1311 1719 1344 fratres
1733 1312 1836 1345 natio·

1094 1363 1144 1396 nis
1170 1363 1508 1406 Germano-Belgicae,
1530 1369 1561 1396 et
1587 1364 1615 1396 ei
1637 1375 1832 1397 annexarum

1095 1417 1355 1460 provinciarum,
1380 1418 1533 1450 adversus
1559 1417 1832 1451 denominationis

1094 1482 1131 1503 ac
1162 1470 1293 1503 habitus
1330 1470 1504 1504 delatIOnis
1541 1470 1728 1504 huiusmodi
1759 1482 1834 1515 sup·

1094 1524 1335 1566 presssionem,
1372 1534 1429 1566 per
1469 1524 1588 1556 dietum
1626 1524 1833 1558 Benedictum

1096 1578 1384 1620 praedecessorem
1416 1584 1505 1610 motu
1543 1577 1611 1611 eius
1640 1579 1774 1622 proprio
1800 1585 1834 1612 ut

1095 1631 1275 1673 praefertur
1311 1631 1449 1670 factam,
1476 1642 1512 1663 ae
1549 1631 1763 1674 privationem
1802 1638 1833 1666 et

1094 1684 1281 1717 fruitionem
1296 1685 1480 1717 earumdem
1496 1684 1677 1717 litterarum
1694 1685 1726 1717 in
1742 1696 1834 1719 even-

1095 1743 1180 1778 tum,
1206 1737 1237 1769 in
1264 1748 1358 1780 quem
1386 1738 1498 1770 fratres
1524 1737 1668 1770 eiusdem
1694 1738 1833 1772 nationis

1094 1791 1393 1824 denominationem
1420 1791 1682 1824 Recollectorum
1718 1799 1749 1825 et
1781 1804 1832 1826 ca-

1093 1844 1172 1887 putii
1209 1844 1382 1877 acuminati
1419 1855 1455 1877 ac
1491 1844 1740 1888 ligamentorum
1773 1846 1833 1878 hu-

1093 1897 1232 1931 iusmodi
1257 1909 1347 1930 usum
1374 1898 1510 1930 reiiccre
1538 1898 1830 1941 detrectavissent,

1092 1962 1151 1994 per
1168 1951 1288 1984 dictum
1308 1952 1515 1985 Benedictum
1537 1953 1830 1995 praedecessorem,

1087 2012 1125 2038 ut
1150 2006 1345 2049 praefertur,
1370 2006 1525 2038 inflictam
1544 2012 1574 2039 et
1593 2006 1773 2047 incussam,
1798 2007 1830 2040 in

1091 2059 1273 2102 pristinum,
1292 2064 1325 2091 ct
1349 2059 1380 2090 in
1406 2070 1488 2099 cum,
1507 2059 1539 2091 in
1557 2070 1620 2102 quo
1646 2066 1719 2093 ante
1738 2071 1831 2103 prae-

1091 2113 1188 2145 missa
1215 2119 1317 2153 eraut,
1342 2118 1477 2153 statum,
1504 2113 1592 2155 itaut,
1618 2115 1704 2147 velut
1728 2115 1752 2147 si
1779 2115 1831 2148 de-

1091 2166 1325 2199 nominationis
1351 2177 1387 2199 ae
1412 2167 1585 2200 delationis
1616 2168 1746 2201 babitus
1771 2168 1830 2201 hu-

1090 2220 1226 2252 iusmodi
1253 2220 1422 2262 abrogatio
1441 2221 1572 2253 minime
1597 2221 1690 2261 sacta,
1711 2232 1748 2254 ae
1765 2222 1830 2264 pri-

1089 2273 1228 2306 vationis
1246 2273 1407 2306 fruitionis
1426 2274 1588 2316 praefatae
1608 2274 1754 2308 incursus
1773 2286 1831 2308 un-

1090 2326 1204 2370 quam¹
1232 2327 1369 2359 inflictus
1391 2326 1541 2367 fuissent,
1570 2327 1829 2362 Recollectorum

1090 2380 1355 2413 denominatione
1373 2384 1469 2422 atque
1494 2380 1621 2422 caputio
1646 2381 1828 2415 acuminato

1090 2444 1126 2466 ae
1151 2432 1334 2476 ligamentis
1360 2432 1476 2474 ligneis
1504 2432 1567 2465 sive
1593 2433 1765 2474 eburneis,
1795 2440 1829 2468 ut

1090 2487 1196 2530 prius,
1221 2486 1341 2529 absque
1369 2486 1498 2518 incursu
1523 2486 1662 2520 cuiusvis
1687 2497 1825 2531 poenae,

1089 2540 1133 2572 uti
1159 2539 1259 2572 libere
1286 2543 1317 2571 et
1342 2538 1426 2571 licite
1463 2539 1590 2582 possint
1621 2543 1650 2574 et
1680 2541 1827 2583 valeant,

1126 2604 1136 2630 1
1158 2601 1254 2631 Potius
1271 2600 1330 2638 tege
1348 2609 1501 2639 nunquam
1522 2602 1560 2639 (a.
1575 2601 1625 2639 ππ).

1843 199 1891 224 Au.
1915 197 1941 224 C.
1963 197 2025 224 1731
