2182 3137
159 232 197 257 Λη
231 230 342 259 (zu-tat
393 220 456 254 976

328 752 331 755 “
351 754 497 797 aliaeque
519 753 662 786 civitates
680 759 711 786 et
729 755 908 793 dioeceses,
927 764 961 787 ac
980 764 1091 787 corum

187 1246 285 1271 mummi
306 1250 342 1264 no-

159 1277 247 1293 ntumtiu
279 1272 343 1292 Fran-

173 1307 198 1319 ta<
215 1300 300 1324 regilius
309 1305 341 1319 as·

159 1329 245 1347 seittur.

191 2038 314 2060 clausulae.

350 278 474 311 nonieis
500 277 646 310 eiusdem
672 276 828 309 ecelesiae
845 303 852 316 ,
880 275 1016 318 aliisque
1043 280 1115 308 oa-'

350 331 441 374 pituli
474 336 504 363 et
530 329 684 363 eeclesiae
719 329 907 362 liuiusmodi
943 329 1091 372 personis

351 389 377 414 et
407 382 563 415 ministris
597 393 654 425 pro
692 387 836 425 tempore
863 381 1090 420 existentibus,

351 443 383 467 ut
409 437 559 469 omuibus
585 442 616 468 ct
647 436 783 477 singulis
808 435 1002 478 privilegiis,
1036 435 1092 467 im-

351 489 571 528 munitatibus,
585 489 859 532 exemptionibus,
879 488 1091 527 libertatibus,

350 542 594 585 praerogativis,
620 542 905 582 concessionibus,
934 542 1115 574 facultati-u

351 595 425 633 bus,
445 595 588 633 indultis,
616 595 780 628 favoribus
807 600 839 627 et
864 595 974 637 gratiis
991 622 998 633 ,
1025 595 1093 638 qui-

351 648 410 679 bus
429 648 480 680 alii
502 648 742 691 praedictarum
764 648 973 681 eeclesiarum
993 648 1094 690 digni-

353 706 432 733 tates
458 701 663 741 obtinentes,
697 701 834 744 capitula
867 706 896 734 et
923 701 1091 740 canonici,

351 806 428 839 cleri
445 833 453 847 ‚
480 806 606 840 incolae
623 834 630 847 ,
658 807 858 840 habitatores
879 834 886 847 ,
915 817 1093 850 eorumque

352 870 403 892 res
422 865 453 892 et
477 860 561 892 bona
589 860 746 899 fruuntur,
767 861 936 904 potiuntur
961 866 992 893 et
1017 870 1094 902 gau-

352 913 449 952 dent,
475 924 531 945 seu
558 913 623 953 uti,
651 913 731 952 frui,
759 913 856 956 potiri
890 919 921 946 et
953 913 1093 955 gaudere

351 972 488 1008 possunt
524 971 555 999 et
591 971 744 1009 poterunt
780 966 1025 1009 quomodolibet
1062 965 1092 998 in

353 1021 517 1059 luturun‘i,
547 1021 642 1051 etiam
670 1020 776 1063 quoad
804 1019 933 1052 babitus
960 1020 1096 1052 delatio-

351 1083 434 1112 nem,
460 1078 495 1104 ut
519 1073 711 1115 praefertur,
739 1073 783 1105 uti
801 1099 808 1112 ,
836 1072 913 1112 frui,
942 1073 1040 1116 potiri
1064 1078 1094 1105 et

353 1126 494 1167 gaudere
508 1125 609 1158 libere
625 1131 655 1158 et
669 1125 755 1158 licite
771 1126 895 1168 possint
910 1131 941 1158 et
958 1126 1092 1166 valeant,

353 1178 565 1211 concedimus
591 1183 622 1210 et
647 1178 867 1220 indulgemus.

398 1231 412 1273 ἓ
443 1231 474 1263 O.
515 1232 557 1263 Ac
594 1231 699 1264 eidem
738 1231 923 1271 Ludovico,
958 1231 1094 1274 eiusque

353 1285 593 1317 successoribus
619 1284 771 1318 Franciae
796 1285 950 1327 regibus,
975 1286 1096 1318 attenta

354 1338 586 1380 suppressione
619 1342 652 1370 et
684 1337 881 1370 extinctione
914 1337 1096 1380 praedicta-

354 1400 425 1422 rum
452 1401 638 1423 mensarum
663 1390 889 1431 abbatialium,
916 1395 947 1423 et
982 1401 1094 1423 eorum

355 1443 524 1484 fructuum,
543 1454 601 1487 pro
623 1444 698 1476 dote
716 1444 790 1477 dicti
817 1444 1021 1487 episcopatus
1046 1443 1097 1477 Di-

355 1497 530 1538 vienensis,
548 1497 667 1531 unione
690 1508 821 1531 mensae
847 1498 1023 1541 episcopali
1050 1498 1098 1530 Di-

356 1551 503 1583 vionensi
542 1551 725 1594 praedictae
759 1551 797 1583 de
823 1562 983 1584 consensu
1020 1551 1095 1583 dicti

356 1603 507 1637 Ludovici
535 1604 619 1646 regis
646 1610 681 1636 ut
705 1614 803 1647 supra
828 1604 939 1644 saetis,
964 1604 1013 1636 ius
1039 1615 1098 1637 no-

357 1657 500 1690 minandi
520 1658 559 1690 ad
586 1657 702 1690 dictam
729 1658 900 1690 ecelesiam
926 1657 1098 1690 Divionen-

357 1721 441 1752 sem,
467 1711 739 1754 quandocumque
766 1716 797 1744 et
830 1711 1096 1755 quotiescumque

356 1764 410 1797 illa
423 1765 561 1808 pastoris
575 1764 690 1797 solatio
706 1765 858 1798 destituta
875 1765 983 1805 suerit,
1002 1765 1097 1797 ctiam

357 1818 396 1850 ab
423 1818 481 1850 hac
506 1819 669 1861 primaeva
703 1819 888 1858 erectione,
915 1818 1002 1851 iuxta
1035 1818 1099 1851 sor-

357 1881 441 1903 mam
478 1876 509 1904 et
545 1871 789 1915 dispositionem
827 1872 1098 1904 concordatorum

357 1924 617 1966 praedictorum,
644 1924 739 1957 etiam
773 1924 933 1968 perpetuo
959 1934 1100 1957 reserva-

358 1986 450 2017 mus,
479 1976 689 2010 concedimus
714 1982 746 2010 et
771 1977 986 2020 assignamus.

403 2028 494 2071 ξ’ῙΟ.
521 2029 712 2063 Praesentes
749 2040 880 2073 quoque
918 2030 1009 2063 nullo
1042 2039 1099 2062 un-

360 2092 456 2126 quam
483 2087 627 2126 tempore
655 2084 693 2116 de
719 2083 941 2127 subreptionis
966 2083 1015 2116 vel
1042 2083 1098 2116 ob-

359 2135 518 2179 reptionis
555 2141 610 2168 aut
644 2136 800 2170 nullitatis
831 2136 932 2177 vitio,
959 2146 1014 2169 seu
1052 2136 1102 2171 in-v

359 2188 516 2222 tentionis
554 2194 687 2222 nostrae
725 2190 773 2223 vel
808 2189 921 2233 quovis
954 2188 1017 2222 alio
1043 2189 1099 2221 de-

359 2242 454 2283 sectu,
481 2242 577 2275 etiam
598 2253 635 2275 ex
654 2253 692 2276 eo
711 2243 796 2287 quod
818 2253 941 2282 causae,
964 2246 1100 2286 propter

360 2306 438 2340 quas
463 2296 645 2339 praemissa
663 2302 862 2337 emanarunt,
878 2306 986 2329 coram
1005 2295 1100 2328 nobis

358 2351 407 2383 vel
445 2350 520 2383 alibi
547 2349 728 2384 verificatae
754 2362 791 2384 ac
816 2351 1014 2394 approbatae
1031 2377 1038 2391 ‚
1064 2361 1101 2384 ac

360 2403 554 2447 quicumque
579 2404 612 2436 in
637 2404 825 2447 praemissis
850 2404 1009 2437 interesse
1043 2405 1100 2437 lia-

359 2456 473 2491 bentes
499 2468 554 2490 seu
581 2458 704 2490 habere
730 2457 982 2502 praetendentes
1009 2458 1047 2491 ad
1070 2458 1099 2491 id

360 2510 489 2551 vocati,
515 2510 602 2544 citati
628 2516 659 2545 et
687 2511 785 2544 auditi
813 2521 878 2544 non
904 2511 1045 2552 suerint,
1071 2517 1101 2544 et

361 2563 548 2605 praemissis
573 2574 636 2597 non
674 2565 921 2605 consenserint,
948 2569 1004 2597 aut
1038 2564 1101 2598 alio

362 2615 475 2662 quovis
500 2615 626 2650 defectu
652 2617 768 2660 notari,
793 2617 991 2662 impugnari,
1014 2617 1102 2651 inva-

942 226 1123 251 nritAntnM
1147 226 1165 250 R
1171 226 1304 250 OMANUM

1136 275 1239 315 lidan-i,
1267 274 1454 314 retractari,
1480 273 1511 306 iu
1538 273 1587 306 ius
1613 273 1661 306 vel
1688 278 1873 306 controver-

1135 329 1213 360 siam
1241 328 1358 367 vocari,
1386 327 1423 359 ad
1451 327 1533 360 viam
1560 333 1591 358 et
1617 327 1771 359 terminos
1797 325 1875 358 iuris

1137 382 1266 420 reduci,
1305 392 1359 414 scu
1388 381 1539 413 adversus
1566 391 1618 413 eas
1644 380 1874 423 quodcumque

1136 434 1222 467 aliutl
1250 434 1394 476 gratiae,
1421 433 1559 465 iustitiae
1597 434 1645 466 vel
1673 433 1744 465 sacti
1772 443 1875 465 reme-

1137 488 1223 519 dium
1262 487 1455 530 impetrari‚
1480 487 1528 519 vel
1556 486 1615 519 sub
1642 485 1807 528 quibusvis
1834 485 1876 517 si-

1136 540 1259 572 milium
1285 541 1334 572 vel
1363 539 1566 572 dissimilium
1593 539 1767 581 gratiarum
1790 548 1876 571 revo-

1136 592 1325 631 cationibus,
1353 592 1638 636 suspensionibus,
1666 592 1874 625 limitationi-

1136 647 1206 686 bus,
1233 646 1509 688 derogationibus,
1536 652 1592 678 aut
1610 645 1682 678 aliis
1703 645 1875 679 contrariis

1137 698 1415 742 dispositionibus,
1439 699 1534 731 etiam
1555 709 1613 742 per
1627 698 1876 731 constitutiones

1137 751 1333 795 apostolicas
1352 757 1406 784 aut
1427 752 1645 785 Cancellariae
1668 751 1875 796 Apostolicae

1138 806 1277 847 regulas,
1297 805 1580 848 quandocumque,
1598 805 1693 838 etiam
1715 805 1745 837 in
1766 805 1877 838 crasti-

1138 868 1214 890 num
1241 858 1473 901 assumptionis
1500 868 1724 892 successorum
1747 863 1878 891 nostro-

1139 920 1206 943 rum
1232 910 1449 943 Romanorum
1477 910 1668 944 Pontificum
1697 911 1735 944 ad
1761 911 1877 943 summi

1138 964 1340 1006 apostolatus
1376 964 1521 1007 apicem,
1546 965 1594 997 vel
1620 964 1698 997 alias
1733 964 1877 1007 quando-

1138 1027 1277 1060 cumque
1303 1017 1420 1056 cditas,
1447 1018 1495 1050 rel
1522 1018 1581 1050 sub
1618 1017 1786 1060 quibusvis
1815 1017 1879 1050 sor-

1139 1069 1199 1101 mis
1220 1075 1383 1102 emanatas
1401 1075 1431 1102 et
1451 1070 1664 1113 imposterum
1685 1071 1829 1103 edendas
1848 1075 1880 1103 et

1140 1123 1360 1162 emanandas,
1400 1124 1584 1157 nullatenus
1613 1123 1875 1166 eompreltendi·,

1139 1176 1193 1208 sed
1220 1186 1350 1219 semper
1367 1177 1404 1209 ab
1425 1177 1486 1209 illis
1502 1182 1661 1220 exceptas,
1682 1182 1726 1216 et,
1749 1176 1878 1220 quoties

1140 1228 1213 1261 illae
1240 1230 1455 1268 emanabunt,
1477 1230 1570 1263 toties
1596 1230 1627 1262 in
1651 1229 1822 1272 pristinum
1849 1234 1881 1262 et

1139 1282 1373 1314 vaIIdissimum
1395 1288 1523 1323 statum,
1539 1283 1634 1315 etiam
1651 1283 1710 1315 sub
1725 1293 1879 1326 quacum-

1140 1345 1200 1378 que
1226 1336 1398 1378 posteriori
1437 1336 1508 1369 data
1544 1347 1606 1380 per
1641 1346 1698 1379 pro
1732 1341 1878 1379 tempore

1141 1388 1316 1421 existentes
1340 1388 1528 1432 episcopum
1555 1395 1586 1422 et
1611 1389 1804 1432 dignitates,
1829 1399 1879 1422 ca-

1140 1442 1276 1484 pitulum
1314 1447 1344 1474 et
1370 1443 1542 1476 canonicos
1566 1443 1782 1476 Divionenses
1820 1443 1881 1475 liu-

1141 1493 1278 1528 iusmodi
1307 1495 1466 1538 eligenda,
1493 1495 1676 1537 restitutas,
1703 1496 1878 1539 repositas,

1142 1551 1174 1578 et
1193 1547 1338 1591 plenarie
1357 1548 1590 1590 reintegratas,
1603 1559 1638 1581 ac
1653 1549 1691 1581 de
1707 1559 1789 1582 novo
1803 1559 1882 1582 con-

1142 1610 1272 1639 cessas,
1300 1611 1492 1644 semperque
1527 1602 1648 1634 validas
1676 1607 1706 1635 et
1732 1602 1879 1634 efficaces

1142 1663 1211 1685 esse
1237 1659 1267 1685 ct
1294 1653 1371 1693 sore,
1398 1665 1537 1698 suosque
1555 1655 1722 1698 plenarios
1748 1660 1779 1687 et
1797 1655 1882 1687 inte-

1143 1716 1216 1748 gros
1241 1705 1372 1739 effectus
1397 1708 1506 1740 sortiri
1546 1714 1574 1740 et
1608 1708 1775 1748 obtinere,
1806 1718 1881 1741 nec-

1142 1770 1205 1792 non
1232 1760 1396 1803 episeopo,
1424 1761 1654 1803 dignitatibus,
1681 1761 1824 1805 capitulo
1850 1767 1882 1795 et

1143 1813 1307 1846 canonicis
1333 1813 1582 1846 Divionensibus
1607 1814 1794 1847 huiusmodi
1821 1825 1881 1857 pro

1144 1869 1287 1909 tempore
1314 1867 1542 1900 existentibus¹
1569 1867 1727 1911 perpetuo
1761 1866 1878 1900 suli'ra-

1144 1919 1231 1962 gari,
1259 1919 1390 1963 sicque,
1416 1925 1447 1952 et
1472 1930 1537 1953 non
1568 1917 1670 1961 alias,
1697 1931 1757 1963 per
1790 1931 1882 1964 quos-

1143 1983 1279 2017 cumque
1316 1974 1438 2007 iudiccs
1468 1974 1649 2007 ordinarios
1674 1974 1725 2007 vel
1752 1974 1882 2018 delega-

1144 2032 1193 2060 tos
1220 2027 1330 2070 quavis
1355 2028 1547 2060 auctoritate
1574 2028 1744 2070 fungentes
1762 2038 1798 2061 ae
1824 2028 1882 2061 bo-

1144 2091 1223 2113 nore
1249 2085 1281 2113 et
1309 2080 1564 2124 praeeminentia
1597 2081 1779 2124 fulgentes,
1808 2081 1882 2113 snb-

1143 2135 1207 2167 lata
1232 2134 1277 2167 eis
1313 2138 1345 2166 et
1380 2144 1491 2167 eorum
1529 2134 1664 2167 cuilibet
1688 2133 1798 2177 quavis
1824 2133 1882 2166 ali-

1145 2193 1193 2220 ter
1218 2186 1382 2220 iudicandi
1412 2192 1441 2219 et
1466 2186 1702 2230 interpretandi
1730 2187 1881 2220 facultate

1144 2246 1174 2273 et
1199 2240 1413 2281 auctoritate,
1439 2239 1572 2272 iudicari
1611 2246 1642 2272 et
1674 2239 1799 2273 definiri
1827 2240 1882 2273 de-

1144 2295 1237 2335 bere,
1259 2299 1301 2335 et,
1322 2294 1347 2326 si
1374 2304 1467 2327 secus
1493 2304 1592 2337 super
1612 2293 1882 2337 hisaquoquam,

1145 2348 1255 2391 quavis
1273 2347 1478 2388 auctoritate,
1498 2346 1638 2380 scienter
1653 2347 1703 2380 vel
1730 2347 1883 2389 ignoran-

1145 2407 1204 2441 ter,
1221 2400 1395 2443 contigerit
1413 2399 1575 2441 attentari,
1595 2399 1721 2433 irritum
1735 2405 1766 2433 et
1784 2399 1882 2433 inane

1145 2454 1362 2487 decernimus.

1189 2508 1203 2552 ξ
1228 2507 1282 2541 Μ.
1309 2507 1378 2541 Non
1397 2507 1601 2541 obstantibus
1619 2507 1738 2541 nostris
1756 2513 1786 2541 et
1804 2507 1883 2541 Can·
1921 2512 2078 2543 ⁰0n¹‘÷¹·i⁰r⁰¹¹¹

1144 2561 1295 2594 cellariae
1320 2561 1530 2605 Apostolieae
1555 2561 1741 2604 praedictae
1759 2560 1879 2604 regulis

1182 2625 1190 2652 l
1214 2623 1285 2651 Edit.
1307 2623 1387 2652 Main-
1408 2623 1474 2659 legit
1494 2623 1647 2653 existentes
1666 2623 1705 2658 (n.
1721 2623 1769 2660 T.).

1877 223 1928 249 An.
1953 222 1982 250 C.
2002 223 2064 251 1731

1894 2539 2014 2566 derogatio.

2155 2776 2159 2795 ¹,
2168 2781 2182 2804 ,2-

2151 2829 2156 2836 v
2166 2817 2182 2842 ’ζ

2150 2848 2172 2867 s‘.

2152 2871 2171 2888 .-

2160 2889 2171 2907 ,Α

2152 2916 2154 2918 ,
2166 2911 2170 2918 .
