2182 3137
182 220 230 247 An.
249 220 276 247 c.
302 218 370 246 1732
414 209 477 245 308

208 970 327 993 Clausulas.

250 1767 363 1792 ncrngauo

181 1798 343 1816 contrariorum.

374 269 404 301 S.
432 268 558 310 Georgii
597 267 627 300 in
664 267 843 309 Lunigiana
879 267 1047 305 Etruriae,
1081 271 1111 298 et

375 321 408 353 Β.
421 321 535 353 Mariae
551 320 688 362 Virginis
706 320 766 353 loci
782 319 939 358 Ciboriae,
953 330 990 351 ac
1007 318 1038 352 S.
1055 319 1109 351 Bo-

376 381 569 408 naventurae
598 373 785 412 Monterani‚
805 384 863 416 pro
886 379 1031 416 tempore
1049 372 1112 405 exi-

375 428 527 460 stentium
571 427 736 460 Romanae
773 426 959 469 provinciae
996 436 1112 468 respe-

374 482 453 514 ctive
473 481 617 523 priorum
636 480 881 524 provincialium
901 479 1112 514 iurisdictioni

374 534 497 573 subiici,
521 540 553 567 et
579 535 617 567 al)
643 534 764 566 eisdem
790 532 927 576 singulis
952 533 1044 565 annis
1071 532 1113 565 vi-

374 588 462 620 sitari
490 588 623 620 omnino
642 586 804 625 debeant,
823 586 904 618 itaut
921 585 1016 618 iidem
1039 596 1113 629 pro-

374 641 529 674 vinciales
557 641 704 673 eamdem
730 640 922 672 habeantet
942 645 1114 672 exerceant

374 693 642 734 iurisdictionem,
659 694 754 726 etiam
769 693 801 726 in
819 693 1003 731 iudicando,
1019 703 1112 736 quam

375 747 473 780 habet
497 752 528 780 et
546 752 674 780 exercet
698 746 880 789 praedictus
904 745 1112 789 provincialis

374 800 404 832 in
426 811 536 833 eremo
554 800 670 833 Montis
695 799 819 833 Senarii
842 798 1041 839 huiusmodi,
1061 809 1113 831 au-

374 854 521 887 ctoritate
540 854 730 898 apostolica,
750 859 862 886 tenore
882 852 1112 896 praesentium,

375 908 580 941 decernimus
606 913 638 940 et
663 907 866 940 mandamus.

420 962 434 1004 ἓ
460 961 489 995 3.
516 961 735 993 Decernentes
762 959 898 1002 pariter,
921 963 1113 1002 praesentes

377 1015 499 1047 litteras
527 1024 655 1057 semper
677 1013 796 1053 firmas,
815 1012 933 1045 validas
959 1018 989 1045 et
1010 1012 1110 1044 effica-

373 1074 466 1101 cac'es
489 1068 632 1100 existere
658 1072 690 1099 et
719 1066 810 1106 sore,
835 1076 976 1108 suosque
1001 1065 1114 1108 plena-

372 1121 439 1154 rios
482 1127 515 1154 et
555 1121 704 1163 integros
750 1119 886 1152 effeetus
928 1118 1041 1152 sortiri
1083 1122 1116 1151 et

372 1175 533 1215 obtinere,
561 1174 619 1207 ac'
649 1174 731 1214 illis,
757 1174 796 1207 ad
823 1184 903 1217 quos
928 1177 1052 1216 spectat
1085 1177 1115 1204 et

374 1240 434 1273 pro
459 1235 608 1272 tempore
634 1228 904 1272 quandocumque
930 1226 1112 1269 spectabit,

374 1283 405 1316 in
426 1283 578 1316 omuibus
596 1289 627 1316 et
645 1293 703 1326 per
721 1282 826 1315 omnia
843 1281 1030 1324 plenissime
1049 1280 1115 1312 sus-

376 1336 492 1379 sragari
520 1341 551 1368 et
577 1336 617 1368 ab
643 1335 688 1368 eis
714 1334 894 1378 respective
920 1332 1114 1366 inviolabili-

374 1395 423 1422 ter
444 1389 625 1429 observari,
647 1389 760 1431 sicque
785 1388 817 1420 in
844 1386 1031 1431 praemissis
1057 1396 1116 1429 por

374 1453 599 1486 quoscumque
625 1442 750 1475 iudices
776 1441 958 1475 ordinarios
977 1446 1008 1473 et
1028 1441 1114 1473 ‹lele-

374 1502 481 1539 gatos,
502 1496 598 1529 etiam
617 1506 786 1528 causarum
806 1494 918 1538 palatii
943 1493 1114 1537 apostolici

373 1550 537 1583 auditores
556 1577 563 1590 ,
593 1549 729 1581 iudicari
757 1553 790 1581 et
813 1547 941 1580 definiri
968 1547 1088 1580 debere
1108 1573 1114 1586 ‚

374 1613 410 1635 ac
435 1602 561 1635 irritum
581 1607 612 1634 et
641 1603 738 1635 inane
765 1601 791 1633 si
818 1611 913 1633 secus
938 1610 1037 1643 super
1063 1599 1113 1631 his

374 1666 391 1688 a
416 1667 586 1699 quoquam⁷
614 1654 724 1698 quav1s
751 1654 951 1693 auctoritate,
969 1653 1115 1686 scienter

374 1711 421 1742 vel
447 1709 648 1751 ignoranter,
673 1708 851 1751 contigerit
875 1707 1037 1740 attentari.

418 1764 432 1805 ἓ
457 1764 488 1795 [ι.
516 1763 584 1795 Non
610 1763 818 1795 obstantibus
844 1760 1054 1804 praemissis,
1080 1771 1114 1792 ac

375 1816 663 1849 constitutionibus
688 1816 889 1859 apostolicis,
907 1825 1033 1848 necnon
1059 1814 1115 1847 Or-

375 1870 458 1902 dinis
474 1875 505 1902 et
522 1869 728 1902 eremitarum
746 1869 998 1912 praedictorum,
1018 1868 1113 1901 etiam

374 1923 567 1963 iuramento,
586 1922 830 1955 confirmatione
853 1921 1043 1966 apostolIca,
1066 1923 1113 1955 vel

376 1977 485 2019 quavis
518 1976 671 2009 firmitate
696 1976 756 2008 alia
781 1976 957 2015 roboratis,
986 1975 1113 2008 statutis

376 2035 408 2062 et
433 2029 741 2065 consuctudinibus.
768 2029 945 2073 privilegiis
972 2039 1113 2072 quoque,

375 2082 509 2116 indultis
528 2088 559 2116 et
575 2083 693 2116 litteris
719 2082 906 2126 apostolicis
932 2082 963 2115 in
989 2088 1115 2115 contra-

375 2135 458 2168 rium
485 2136 740 2179 praemissorum
767 2135 1115 2180 quomodolibetjcon-

375 2188 488 2228 cessis,
507 2189 704 2222 confirmatis
731 2194 762 2222 et
787 2189 973 2230 innovatis3
996 2189 1114 2233 quibus

375 2242 525 2275 omnibus
562 2248 594 2275 et
630 2243 790 2285 singulis,
817 2243 947 2276 illorum
986 2248 1115 2275 tenores

374 2296 602 2339 praesentibus
634 2307 694 2340 pro
729 2297 826 2340 plene
853 2302 884 2330 et
914 2296 1115 2330 sufficienter

374 2350 535 2393 expressis
568 2361 604 2383 ae
637 2351 676 2383 de
701 2350 799 2384 verbo
829 2351 868 2383 ad
900 2350 1037 2383 verbum
1065 2350 1114 2383 in-

374 2404 467 2436 sertis
492 2404 662 2444 hahentes,
682 2404 746 2437 illis
763 2403 841 2437 alias
866 2403 899 2436 in
920 2415 977 2437 suo
996 2405 1114 2437 robore

373 2456 605 2498 permansuris,
627 2457 665 2490 ad
684 2457 937 2501 praemissorum
955 2456 1114 2497 ellectum,

375 2508 436 2541 hac
462 2509 529 2542 vice
566 2510 755 2552 dumtaxat,
780 2510 967 2554 specialiter
999 2516 1028 2543 et
1055 2521 1113 2543 ex-

413 2625 422 2653 1
447 2624 595 2661 Praeposit.
617 2626 650 2655 ab
671 2626 794 2655 delemus
813 2627 850 2663 (a.
868 2626 918 2663 ⁷12).

959 217 1141 241 BULLARIUM
1167 217 1323 242 ROMANUM

1154 277 1265 309 prosse
1284 267 1497 309 derogamus,
1520 266 1702 309 ceterisque
1722 265 1895 299 contrariis

1155 320 1427 363 quilmscumque.

1199 373 1311 404 Datum
1337 372 1479 411 Romae,
1509 371 1595 416 apud
1621 371 1652 404 S.
1680 371 1809 404 Mariam
1834 371 1896 404 Ma-

1156 426 1255 458 iorem
1277 452 1283 463 ,
1307 425 1365 457 sub
1391 426 1513 458 annulo
1539 425 1714 458 Pis-catoris
1733 452 1740 464 ‚
1766 425 1817 458 die
1844 435 1896 458 xiv

1156 479 1292 512 ianuarii
1330 488 1503 512 Moccxxxn
1521 505 1528 519 ‚
1558 478 1766 522 pontificatus
1793 478 1896 511 nostri

1157 542 1243 565 anno
1271 543 1304 565 11.

1193 595 1241 621 bat
1260 593 1304 621 die
1327 595 1357 621 14
1377 594 1491 622 ianuarii
1514 595 1592 629 1732,
1614 594 1711 630 pontif.
1733 602 1802 621 anno
1822 601 1850 621 11.

1491 649 1527 682 F.
1555 648 1640 682 card.
1668 648 1849 682 OmvEmUS.

1501 801 1549 834 Lt.

1157 872 1345 904 Nonnullae
1373 871 1593 904 ordinalioncs
1617 882 1675 914 pro
1700 869 1897 904 restituendo

1200 927 1337 968 antiquo
1354 925 1444 957 cultu
1461 925 1495 956 in
1512 925 1708 957 monasterio
1722 925 1815 958 Sacri
1827 925 1898 966 Spe-

1202 989 1255 1011 cus
1292 989 1390 1021 prope
1424 977 1596 1011 Sublacum
1634 979 1899 1022 Conyreyalionis

1204 1032 1405 1066 Cassinensis
1424 1031 1558 1065 Ordinis
1575 1033 1682 1064 sancti
1695 1031 1894 1065 Benedicti¹.

1370 1112 1503 1138 Clemens
1524 1112 1603 1145 Papa
1621 1111 1685 1143 XII,

1274 1156 1312 1182 ad
1333 1159 1510 1189 perpetuam
1533 1155 1578 1182 rei
1602 1155 1788 1182 memoriam,

1202 1228 1235 1260 In
1278 1229 1429 1271 suprema
1473 1226 1630 1270 Principis
1669 1227 1898 1270 Apostolorum

1158 1281 1250 1320 Sede,
1270 1280 1392 1313 meritis
1411 1280 1485 1313 licet
1501 1279 1690 1323 imparibus,
1708 1280 1814 1312 divina
1835 1280 1898 1313 dis-

1158 1334 1320 1378 positione
1357 1333 1538 1374 constituti,
1569 1333 1607 1365 ad
1642 1343 1698 1372 ea,
1733 1343 1791 1376 per
1816 1343 1897 1376 quae

1158 1393 1342 1420 sanctorum
1367 1386 1399 1418 in
1426 1386 1524 1419 caelis
1559 1385 1765 1428 regnantium
1791 1387 1896 1419 cultus

1158 1440 1190 1473 in
1218 1440 1311 1472 terris
1337 1444 1563 1483 promoveatur
1588 1449 1623 1471 ae
1646 1438 1679 1471 in
1697 1439 1764 1471 dies
1782 1448 1899 1481 augea-

1160 1499 1221 1534 tur,
1247 1493 1333 1525 iuxta
1358 1492 1516 1525 creditum
1543 1491 1636 1525 nobis
1661 1492 1801 1535 desuper
1826 1502 1899 1535 apo-

1158 1547 1287 1580 stolicae
1313 1545 1474 1579 servitutis
1510 1545 1651 1578 officium
1684 1546 1826 1579 libenter
1850 1545 1898 1578 in-

1159 1600 1333 1640 tendimus,
1360 1606 1391 1632 et
1416 1599 1476 1642 piis
1502 1598 1779 1641 christifidelium,
1804 1609 1898 1643 prae-

1158 1654 1268 1687 sertim
1294 1653 1410 1686 divinis
1439 1653 1603 1696 obsequiis
1628 1654 1686 1686 sub
1712 1653 1800 1686 suavi
1827 1653 1898 1686 reli-

1158 1707 1264 1750 gionis
1289 1707 1365 1749 iugo
1391 1706 1660 1749 mancipatorum,
1686 1706 1717 1739 id
1744 1711 1898 1750 exoptan-

1159 1762 1249 1801 tium,
1268 1762 1346 1794 votis
1366 1761 1584 1794 favorabiliter
1601 1761 1784 1803 annuimus,
1801 1766 1898 1804 prout

1158 1815 1189 1847 in
1221 1814 1357 1847 Domino
1393 1813 1609 1857 conspicimus
1646 1814 1820 1847 salubriter
1845 1824 1896 1847 ex-

1158 1868 1281 1912 pedire.

1202 1923 1217 1965 g
1243 1922 1274 1954 1.
1302 1921 1410 1965 Nuper
1433 1921 1594 1965 siquidem
1619 1932 1679 1965 pro
1704 1927 1794 1965 parte
1822 1921 1897 1955 dite-

1158 1982 1282 2009 ctornm
1309 1975 1448 2009 filiorum
1474 1976 1635 2018 praesidis
1671 1976 1833 2018 generalis
1862 1987 1897 2010 ac

1160 2029 1256 2062 totius
1274 2029 1538 2072 Congregationis
1556 2029 1752 2062 Cassinensis
1770 2029 1897 2063 Ordinis

1158 2083 1258 2115 sancti
1295 2083 1460 2116 Benedicti
1487 2083 1581 2116 nobis
1606 2083 1785 2126 expositum
1812 2083 1894 2124 suit,

1159 2137 1255 2180 quod,
1271 2136 1378 2169 statim
1393 2147 1429 2169 ac
1443 2147 1479 2170 cx
1494 2136 1555 2169 hac
1569 2136 1694 2169 mortali
1710 2136 1771 2170 vita
1789 2137 1827 2170 ad
1842 2136 1895 2170 im·

1159 2190 1416 2223 marcescibilem
1445 2190 1582 2233 gloriam
1606 2190 1743 2224 feliciter
1770 2191 1897 2224 transiit

1196 2271 1206 2296 1
1230 2271 1344 2297 Praeter
1365 2270 1561 2305 quamplurima
1579 2270 1719 2306 privilegia
1733 2270 1897 2298 monasterio

1159 2314 1221 2341 huic
1240 2323 1255 2341 a
1274 2315 1389 2341 Summis
1409 2313 1587 2341 Pontificibus
1609 2323 1747 2348 concessa,
1763 2323 1834 2350 quae
1852 2323 1896 2343 re-

1157 2359 1229 2387 ferre
1248 2359 1357 2395 longum
1377 2361 1430 2386 una
1450 2363 1521 2386 esset
1541 2364 1622 2396 atque
1636 2360 1740 2393 inutile,
1762 2360 1896 2388 Innocen—

1158 2404 1210 2431 tius
1225 2404 1270 2436 XI,
1288 2413 1360 2431 anno
1381 2411 1529 2439 moctxxvt‚
1551 2405 1594 2431 (lie
1612 2405 1641 2431 17
1659 2404 1823 2440 novembris,
1839 2409 1896 2432 sta-

1158 2448 1218 2482 tuit,
1236 2449 1268 2475 ad
1284 2449 1408 2476 abbatem
1426 2450 1688 2476 commendatarum]
1704 2450 1894 2476 Sublacensem

1157 2493 1294 2528 pertinere
1323 2493 1474 2529 approbare
1501 2494 1678 2521 confessarios
1705 2502 1751 2530 pro
1780 2494 1896 2521 ecelesia

1158 2538 1234 2565 Sacri
1253 2538 1356 2574 Specus
1370 2548 1375 2565 :
1396 2538 1521 2565 Clemens
1535 2542 1625 2566 autem
1642 2539 1674 2566 xl
1687 2561 1694 2574 ,
1711 2546 1782 2566 anno
1796 2545 1893 2573 mucci,

1157 2581 1200 2609 die
1214 2582 1248 2609 22
1268 2582 1435 2618 novembris,
1452 2583 1484 2610 ad
1499 2591 1560 2610 eum
1583 2583 1820 2620 peregrinantibus
1833 2584 1894 2619 ple·

1157 2627 1260 2656 nariam
1280 2626 1475 2664 indulgentiam
1495 2628 1636 2657 concessit.

1904 216 1953 244 An.
1968 215 1998 244 C.
2019 216 2086 245 1732

1935 1237 2075 1260 Prooemium.

1934 1930 1995 1952 Sacri
2015 1936 2090 1957 spei-us

1908 1957 2045 1979 Sublacensis
2055 1957 2091 1978 de-

1906 1989 1965 2006 cora.
