2182 3137
416 280 477 315 XII.
495 277 664 313 Moderatio
681 273 889 319 quarumdam
907 272 1081 306 litterarum
1099 272 1155 304 Be-

504 330 618 364 nedicti
643 328 713 362 XIII
738 337 796 372 pro
820 325 934 361 Ordine
955 325 1087 358 fratrum
1103 324 1154 357 Mi—

503 392 616 416 norum
634 380 732 414 saneti
751 378 908 414 Francisci
929 377 967 410 de
986 377 1156 411 Observan-

505 437 557 477 tia,
581 434 655 468 «1:36.

417 491 494 524 XIII.
520 487 705 527 nectat-atio,
729 485 813 530 quod
839 484 1006 528 collegium
1033 483 1070 516 dc
1094 483 1153 517 Oz-

504 544 567 577 zier
591 543 723 575 fratrum
756 539 1029 573 missionariorum
1059 537 1155 570 sancti

504 595 661 630 Francisci
694 594 732 627 de
764 592 968 627 Observantia
1002 592 1033 624 in
1058 601 1156 634 regno

504 648 665 684 Sardiniae
690 651 848 680 remaneat
867 645 924 678 sub
941 644 1157 677 iurisdictione

504 701 678 746 superioris
723 699 879 743 generalis
923 698 1018 731 totius
1061 697 1157 731 Ordi—

504 755 561 796 nis,
580 760 650 795 ctc„
676 752 748 786 138.

518 807 668 841 Moderno
693 811 722 839 et
747 816 805 849 pro
832 810 974 848 tempore
1001 802 1158 836 existenti-

505 861 563 895 bus
588 859 723 894 Aretinis
747 859 904 903 episeopis
929 857 1014 901 pallii
1039 866 1112 889 usus
1129 861 1157 888 et

506 911 609 946 crucis
634 910 786 954 praelatio
811 908 966 953 perpetuo
984 906 1159 940 concedun-

418 809 492 843 XIV.

506 970 567 1005 tur,
593 964 666 997 140.

415 1020 475 1053 XV.
502 1018 668 1052 Concessio
693 1016 932 1061 privilegiorum
950 1025 1008 1058 pro
1025 1013 1159 1047 nonnul-

506 1071 543 1104 lis
567 1071 631 1104 suis
656 1068 971 1109 familiai-iliusttt.

417 1124 493 1158 XVI.
530 1123 655 1157 Creatio
691 1121 945 1165 vigintiquinque
986 1130 1157 1164 puerorum

505 1176 750 1210 honorariorum
784 1175 815 1208 in
847 1175 978 1208 comites
1005 1173 1159 1218 palatinos

507 1235 537 1263 et
561 1234 688 1262 auratae
707 1228 836 1261 militiae
857 1227 976 1271 equites
994 1227 1159 1260 occasione

505 1283 652 1317 solemnis
677 1282 878 1326 equitationis
905 1292 921 1314 a
951 1280 1097 1314 Vaticano
1122 1280 1159 1313 ad

505 1338 704 1377 Lateranum,
725 1342 794 1378 etc.,
820 1334 893 1368 1154.

421 1389 510 1425 XVII.
535 1391 634 1433 Leges
658 1389 804 1433 publicae
825 1388 1028 1422 scientiarum
1046 1387 1160 1421 Acade-

509 1443 589 1476 miae
615 1442 778 1476 Cervariae
811 1441 842 1475 in
866 1441 1026 1475 Catalonia
1050 1451 1067 1474 a
1092 1441 1161 1474 Phi-

508 1497 593 1540 lippo
626 1496 648 1528 V
680 1506 754 1539 rege
790 1495 946 1529 catholico
981 1495 1160 1535 institutae,

506 1549 691 1583 auctoritate
715 1549 886 1593 apostolica
912 1548 1157 1590 confirmantur,

506 1603 664 1638 concessis
678 1602 864 1636 Academiae
880 1602 1062 1635 huiusmodi
1080 1612 1159 1636 non-

507 1656 600 1689 nullis
625 1655 808 1700 privilegiis,
834 1655 906 1688 1155.

419 1710 520 1743 XVIII.
557 1709 700 1743 Gener-ali
737 1708 998 1752 Congregationis
1035 1708 1159 1741 Schola-

507 1773 576 1795 rum
603 1761 728 1795 Piarum
760 1762 889 1795 facultas
922 1762 1013 1794 datur
1045 1761 1159 1795 consti-

506 1815 609 1848 tuendi
636 1816 714 1849 duos
739 1816 978 1849 concionatores
1004 1815 1034 1848 in
1059 1816 1160 1859 quali-

507 1868 559 1902 bet
583 1868 757 1912 provincia,
776 1874 839 1902 tres
859 1879 931 1902 vero
956 1869 986 1901 in
1011 1869 1159 1912 grandio-

505 1922 602 1963 ribus,
628 1922 702 1955 ⁶21¹.

419 1976 493 2010 XIX.
520 1975 666 2009 Extensio
692 1975 905 2018 indulgentiae
931 1981 1101 2020 perpetuae
1129 1975 1160 2008 in

505 2029 614 2062 diebus
639 2029 859 2063 Conversionis
876 2033 906 2063 et
929 2029 1160 2063 Commemora-

507 2083 600 2116 tionis
625 2083 656 2116 S.
677 2083 763 2116 Pauli
780 2083 911 2127 apostoli
937 2094 995 2126 pro
1021 2083 1160 2116 ecelesiis

506 2136 692 2169 monialium
714 2136 935 2179 Angelicarum
957 2142 1156 2180 nuncupata-

506 2200 575 2222 rum
601 2189 859 2232 Congregationis
877 2190 907 2223 S.
927 2189 1021 2229 Pauli,
1036 2189 1159 2222 Ordinis

505 2242 532 2275 S.
560 2242 745 2284 Augustini,
772 2247 829 2277 etc.
849 2270 856 2283 ,
894 2242 1158 2284 Barnabitaruiu,

505 2296 743 2329 Mediolanensis
768 2296 911 2337 civitatis,
936 2296 1011 2329 214.

509 2349 714 2384 Confirmatio
731 2351 837 2384 Brevis
855 2351 968 2384 Leonis
987 2351 1011 2383 X
1031 2361 1093 2394 quo
1109 2361 1160 2384 ca-

505 2402 610 2436 nonici
636 2403 898 2447 metropolitanae
919 2403 1071 2437 eeclesiae
1091 2404 1160 2437 Flo-

506 2456 646 2489 rentinae
671 2457 702 2490 in
726 2457 866 2490 notarios
894 2457 982 2491 Sedis
1007 2458 1159 2501 Apostoli-

505 2520 558 2542 cae
584 2515 741 2552 creantur,
767 2510 840 2543 ο216.

421 2561 499 2594 XXI.
533 2562 744 2595 Contirrnatur
778 2564 938 2596 concessio
964 2574 980 2596 a
1006 2564 1108 2596 Leone
1134 2564 1156 2596 X

507 2625 588 2648 anno
613 2626 699 2650 ,unxr
722 2617 801 2651 sacta
832 2617 955 2651 notario
981 2623 1010 2651 et
1035 2618 1156 2651 cancel-

419 2350 483 2383 XX.

1005 218 1181 242 nt‘LLAmt‘M
1207 218 1358 242 ROMANUM

1296 270 1374 304 lario
1409 270 1544 304 nationis
1568 270 1766 304 Florentinae
1792 271 1830 304 de
1855 271 1946 314 Urbe,

1296 329 1329 357 ut
1366 333 1583 368 quaecumque
1619 329 1687 357 acta
1725 323 1883 358 iudicialia
1917 330 1948 358 et

1296 377 1490 411 contentiosa
1514 376 1612 410 libere
1632 382 1662 410 et
1681 376 1765 411 licite
1789 377 1948 411 conficere

1295 430 1410 474 possit:
1438 429 1522 472 quod
1547 429 1685 463 officium
1704 430 1736 464 in
1754 430 1836 464 Urbe
1859 431 1948 464 resti-

1296 484 1403 525 tuitur⁷
1429 483 1502 516 2⁹21.

1207 537 1298 570 XXII.
1325 536 1521 578 Constitutio,
1548 546 1619 580 qua,
1632 537 1758 580 praevia
1783 537 1949 570 confirma-

1298 591 1383 624 tione
1407 596 1437 623 et
1463 590 1660 623 innovatione
1684 590 1813 624 alterius
1838 591 1949 624 consti-

1297 644 1424 677 tutionis
1448 648 1573 676 sanctae
1598 643 1768 676 memoriae
1790 643 1876 676 Pauli
1893 644 1949 677 Pa-

1297 708 1353 740 pae
1379 696 1415 729 IV
1440 706 1521 729 anno
1546 706 1642 737 ΜΒΝ,
1660 696 1840 729 decernitur
1859 697 1950 730 deca-

1296 756 1403 782 natum
1421 751 1449 782 S.
1476 750 1509 782 R.
1540 750 1571 783 E.
1594 749 1800 782 cardinalium
1825 750 1949 793 collegii

1297 804 1364 847 ipso
1390 804 1457 836 iure
1482 803 1685 837 deserendum
1707 813 1775 836 essc
1799 803 1948 837 cardinali

1297 856 1468 900 antiquiori
1509 856 1684 900 episcopo,
1720 856 1773 900 qui
1809 861 1950 901 tempore

1299 910 1467 943 vacationis
1492 910 1592 956 ipsius
1626 910 1795 943 decanatus
1820 910 1851 943 in
1882 911 1947 944 Ro-

1298 964 1390 995 mana
1414 963 1507 996 Curia
1531 973 1696 1006 praesens,
1722 963 1769 996 vel
1794 973 1831 997 ex
1857 965 1950 997 causa

1298 1016 1425 1059 publiea
1449 1025 1484 1049 ac
1508 1016 1639 1049 Romani
1672 1015 1833 1049 Pontificis
1856 1016 1951 1050 desti-

1297 1068 1423 1101 natione
1441 1068 1610 1109 dumtaxat,
1628 1078 1690 1102 uon
1713 1072 1813 1103 tamen
1829 1070 1950 1103 ratione

1299 1121 1485 1155 residentiae
1499 1121 1581 1166 apud
1598 1122 1690 1155 aliam
1710 1122 1874 1155 ecelesiam
1892 1123 1950 1156 sibi

1300 1175 1526 1217 commissam,
1552 1185 1569 1207 a
1593 1174 1677 1208 dicta
1712 1175 1806 1209 Curia
1840 1176 1951 1209 absens

1299 1227 1392 1261 suerit
1408 1240 1415 1268 ·,
1443 1228 1566 1272 aliaque
1581 1229 1709 1272 insuper
1725 1234 1906 1263 statuuntur
1922 1233 1952 1264 et

1300 1281 1486 1315 ordinantur
1511 1287 1573 1314 tam
1604 1282 1688 1315 circa
1713 1282 1866 1316 eiusmodi
1892 1282 1948 1316 de-

1300 1339 1444 1367 canatum
1463 1344 1558 1378 quam
1577 1334 1662 1368 circa
1681 1344 1734 1369 sex
1751 1334 1951 1379 episcopatus

1300 1387 1537 1421 suburbicarios
1579 1387 1697 1421 eisdem
1740 1388 1951 1422 cardinalibus

1299 1440 1452 1484 assignari
1477 1440 1586 1473 solitos
1614 1451 1671 1484 pro
1698 1440 1787 1474 titulo
1813 1441 1859 1474 sui
1887 1452 1951 1474 car-

1300 1493 1466 1534 dinalatus,
1491 1493 1567 1526 2024.

1212 1547 1315 1582 XXIII.
1341 1547 1555 1581 Immunitates
1580 1553 1609 1580 et
1634 1548 1857 1592 exemptiones,
1884 1549 1953 1592 qui-

1301 1601 1496 1644 buscumque
1521 1606 1551 1633 et
1576 1601 1887 1645 quomodocumque,
1913 1608 1954 1636 et-

1299 1654 1359 1687 iam
1386 1653 1554 1688 Ordinibus
1571 1655 1770 1697 regularibus
1788 1655 1952 1690 Societatis

1302 1708 1381 1748 Iesu,
1398 1707 1522 1740 Ordinis
1547 1707 1803 1741 Praedicatorum
1829 1714 1858 1741 et
1882 1710 1953 1742 Ere-

1300 1760 1446 1793 mitarum
1472 1760 1500 1793 S.
1526 1760 1691 1804 Augustini
1709 1770 1809 1805 nuper
1828 1772 1954 1795 eonces-

1300 1824 1351 1847 sae
1370 1813 1399 1846 in
1418 1813 1566 1846 damnum
1582 1813 1729 1848 Gamerae
1746 1815 1952 1858 Apostolicae,

1300 1872 1512 1906 revocantur,
1540 1868 1586 1900 rel
1621 1867 1660 1900 ad
1697 1868 1848 1902 terminos
1873 1868 1952 1902 iuris

1300 1922 1504 1964 reducuntur,
1522 1927 1616 1966 atque
1641 1921 1700 1955 alia
1725 1932 1784 1966 pro
1801 1933 1902 1966 aequo
1922 1927 1953 1956 et

1300 1986 1441 2018 congruo
1466 1975 1676 2017 stabiliuntur,
1702 1975 1775 2009 0229.

1212 2029 1314 2062 XXIV.
1342 2029 1465 2062 Vicario
1490 2033 1520 2061 et
1544 2028 1731 2062 officialibus
1752 2029 1952 2071 generalibus

1300 2082 1561 2125 Congregationis
1574 2082 1743 2116 Galliarum
1758 2082 1882 2116 Ordinis
1895 2083 1954 2116 sra-

1300 2141 1384 2168 trum
1410 2135 1621 2168 Eremitarum
1646 2135 1676 2169 S.
1704 2135 1870 2179 Augustini
1896 2137 1952 2170 Ex-

1300 2189 1510 2223 calceatoruin
1535 2194 1787 2233 nuncupatorum
1810 2189 1952 2233 indulge-

1300 2249 1360 2284 tur,
1378 2249 1420 2284 ut,
1440 2248 1510 2286 post
1526 2243 1719 2276 vacationem
1736 2243 1951 2277 novemdecim

1299 2301 1352 2329 aut
1376 2295 1484 2339 viginti
1510 2296 1637 2330 circiter
1662 2296 1816 2329 mensium
1838 2297 1877 2330 ab
1902 2308 1952 2331 eo-

1299 2360 1370 2382 rum
1386 2349 1506 2391 officiis,
1521 2349 1558 2382 ad
1572 2349 1632 2382 alia
1647 2349 1720 2393 eligi
1733 2350 1864 2394 possint,
1876 2349 1950 2384 ⁶236.

1213 2403 1303 2436 XXV.
1333 2402 1516 2437 Votantibus
1533 2402 1712 2446 signaturae
1730 2403 1864 2437 iustitiae
1879 2414 1951 2437 con-

1299 2456 1420 2490 ceditur
1445 2468 1519 2490 usus
1543 2457 1685 2490 mantelli
1710 2457 1827 2500 magni,
1854 2461 1884 2490 ct
1907 2457 1951 2500 pi·
1998 2483 2002 2487 .

1298 2510 1336 2543 lci
1362 2510 1572 2554 pontificalis,
1598 2522 1668 2544 cum
1700 2510 1826 2544 illorum
1851 2520 1947 2544 orna-

1299 2563 1412 2597 mentis
1451 2564 1480 2596 in
1516 2564 1710 2598 solemnibus
1749 2564 1949 2608 equitationi·

1297 2617 1365 2662 hus,
1390 2622 1446 2652 etc.
1471 2616 1544 2652 0238.
