2182 3137
197 227 246 253 An.
267 225 296 252 C.
314 226 381 253 1732
427 217 491 250 3214

239 1162 264 1183 Et
279 1162 305 1182 ad
321 1163 386 1187 magi-

201 1190 289 1209 sterium
311 1195 385 1209 sarran

202 1216 325 1240 theologiae
338 1222 384 1235 cuni

202 1242 249 1263 loco
265 1245 287 1263 et
301 1248 365 1263 roco.

241 1994 302 2015 Aliud
326 1994 391 2019 privi-

207 2021 284 2045 legium
298 2022 391 2041 auctori-

205 2050 249 2068 tate
296 2048 390 2073 magistri

207 2074 293 2094 Ordinis
305 2080 391 2095 conces-

207 2106 260 2121 sum.

394 274 522 304 lauream
540 274 681 313 praedicti
704 275 865 312 magisterii
887 274 1029 313 simplicis
1045 283 1059 302 a
1077 283 1133 303 ma-

393 323 484 361 gistro
514 322 632 353 Ordinis
665 323 699 352 ad
731 332 795 352 eam
829 328 1001 362 promotus,
1025 323 1070 352 vel
1097 322 1133 352 ab

394 374 426 401 ea
450 372 637 410 suscipienda
659 372 860 411 dispensatus,
893 381 1007 401 necnon
1030 382 1045 401 a
1069 381 1134 410 pro-

394 420 493 450 vincia
514 421 549 449 ad
572 421 776 458 magisterium
800 421 981 450 studentium
1006 421 1134 459 postula-

395 473 463 506 tm,
487 478 502 498 a
526 469 595 498 filiis
616 469 794 508 supradictis
826 470 937 499 electus
960 474 988 498 et
1010 479 1024 498 a
1048 469 1133 499 nobis

395 518 439 547 vel
461 517 681 547 successoribus
703 518 830 556 nostris,
855 523 886 547 ut
919 528 1024 558 supra,
1049 519 1133 548 datus

394 567 493 603 fuerit,
508 567 551 596 vel
568 566 758 596 confirmatus
771 567 801 596 in
819 569 1022 606 professorem,
1039 572 1068 597 et
1083 577 1134 606 per

394 616 544 645 biennium
562 616 729 646 cathedram
745 617 913 646 moderatus
929 617 1028 654 suerit,
1046 621 1133 656 atque

394 666 596 695 attestationes
619 666 653 695 de
676 665 795 695 biennio
818 665 980 704 completo,
1003 666 1048 695 vel
1072 675 1134 704 pro-

395 714 472 743 xime
494 714 685 753 complendo,
709 714 836 752 capitulo
860 714 1031 752 provinciali
1054 714 1135 743 exbi-

398 762 515 797 buerit,
541 763 665 792 servatis
688 762 823 792 omnibus
845 767 873 792 et
895 763 1020 799 singulis
1042 772 1135 802 nuper

396 811 493 848 dictis,
518 821 532 840 a
556 811 683 850 capitulo
706 811 768 850 ipso
791 811 964 850 provinciali
982 811 1011 840 in
1034 821 1136 849 regen-

397 863 454 888 tem
477 859 522 889 vel
545 859 786 896 baccalmreum,
812 864 897 897 prout
918 859 975 888 sibi
997 860 1135 898 spectatis

396 909 510 938 meritis
533 909 756 938 convenientius
779 908 937 942 videbitur,
962 908 1081 947 perinde
1103 918 1136 937 ac

396 958 420 987 si
443 967 531 995 vere,
557 958 676 987 realiter
708 963 736 987 et
770 967 828 987 non
862 967 913 996 per
935 957 1137 996 aequipollens

396 1007 598 1044 magisterium
623 1006 802 1045 praedictum
831 1006 1012 1035 studentium
1044 1006 1136 1035 Bono-

397 1056 462 1085 niae
479 1056 696 1094 complevisset,
714 1055 856 1094 postulari
877 1055 1013 1085 similiter
1036 1056 1136 1094 possit,

396 1114 428 1133 ac
451 1104 564 1134 debeat.

436 1162 475 1182 lx.
501 1152 555 1182 l'bi
577 1152 703 1191 denique
734 1152 841 1191 aliquis
874 1153 984 1182 electus
1006 1158 1034 1183 et
1056 1153 1139 1182 datus

397 1201 458 1231 sive
481 1202 672 1230 confirmatus
695 1201 803 1238 suerit,
828 1206 859 1231 ut
883 1201 1062 1240 praedictum
1085 1208 1138 1237 est,

398 1251 428 1280 in
463 1252 655 1289 professorem
671 1272 678 1285 ‚
704 1255 856 1289 postquam
882 1250 1033 1279 biennium
1059 1261 1141 1290 prae-

397 1299 532 1336 missum,
559 1299 603 1328 vel
625 1299 712 1328 etiam
735 1299 935 1336 magisterium
959 1300 1140 1330 studentium

398 1348 545 1378 Bononiae
588 1357 654 1377 cum
688 1348 886 1386 postulatione
921 1349 1071 1379 antedicta
1106 1350 1141 1379 ad

397 1401 583 1435 regentatum
599 1397 644 1426 vel
664 1396 917 1426 baccalaureatum
935 1398 1100 1436 perfecerit,
1115 1403 1143 1428 et

398 1455 452 1485 per
474 1445 554 1475 aliud
571 1445 797 1485 quadriennium
813 1446 843 1475 in
863 1447 1002 1476 cathedra
1019 1447 1047 1477 S.
1066 1447 1140 1477 Tho-

400 1504 463 1524 mae
495 1495 676 1534 praestiterit
708 1495 873 1534 supradicta
908 1496 1027 1533 omnia,
1056 1496 1142 1526 modo

402 1544 511 1583 pariter
533 1544 624 1581 dicto,
647 1548 733 1582 atque
766 1544 966 1574 attestationes
999 1546 1143 1584 praefatas

401 1593 436 1623 de
459 1602 493 1622 eo
517 1597 646 1631 peracto,
671 1593 714 1622 vel
738 1593 868 1631 proxime
891 1594 1062 1632 complendo
1077 1617 1084 1631 ,
1108 1595 1143 1624 ad

402 1641 563 1679 capitulum
598 1641 778 1680 provinciale
807 1642 968 1676 detulerit,
992 1643 1021 1672 in
1055 1644 1145 1680 magi-

402 1695 494 1719 strum
518 1690 686 1728 provinciae
710 1699 775 1719 cum
799 1690 861 1719 loco
890 1695 917 1720 et
940 1700 1009 1720 voce
1031 1701 1046 1720 a
1070 1692 1144 1731 capi-

401 1738 462 1768 tulo
484 1739 547 1778 ipso
570 1739 715 1777 acceptari
739 1739 828 1777 possit
853 1749 885 1768 ac
914 1739 1038 1777 debeat,
1062 1740 1091 1769 in
1114 1750 1144 1770 o-

400 1787 519 1816 mnibus
552 1792 579 1816 et
611 1796 663 1826 per
695 1787 813 1825 onmia,
845 1798 877 1817 ac
906 1789 929 1817 si
958 1793 1144 1826 regentatum

400 1836 497 1875 ipsum
522 1841 571 1865 aut
598 1835 851 1866 baccalaureatum
881 1837 910 1866 in
938 1837 1032 1866 studio
1059 1847 1145 1875 gene—

401 1885 456 1914 rali
478 1885 655 1915 Bononiensi
682 1885 800 1914 realiter
823 1890 851 1915 et
873 1895 938 1915 cum
967 1887 1072 1916 effectu
1094 1886 1145 1916 ab·

400 1935 545 1964 solvisset.

441 1994 470 2014 x.
494 1984 535 2013 Ne
559 1992 626 2013 vero
649 1983 810 2021 contingat,
836 1983 999 2022 praedictas
1022 1994 1036 2012 a
1061 1983 1145 2013 nobis

402 2034 615 2074 postulationes
647 2033 681 2062 ad
712 2033 912 2071 magisterium
946 2033 1143 2071 studentium,

402 2083 658 2113 baccalaureatum
675 2082 718 2111 vel
735 2087 920 2120 regentatum
939 2083 1096 2121 professori
1111 2092 1146 2112 ex

404 2142 438 2162 eo
460 2132 597 2170 denegari
624 2141 639 2161 a
669 2132 821 2170 provincia
850 2132 926 2170 quod
961 2142 1011 2170 per
1044 2141 1095 2161 nos
1117 2137 1146 2162 et

403 2190 588 2211 successores
610 2180 774 2219 praedictos
796 2190 936 2210 numerus
960 2181 1147 2219 postulando-

404 2239 469 2260 rum
493 2229 686 2269 praefigatur;
710 2229 898 2259 concedimus
913 2230 948 2259 de
966 2231 1061 2268 gratia
1082 2240 1148 2270 spe-

404 2279 471 2309 ciali
495 2288 547 2318 pro
570 2278 676 2308 futuris
700 2283 840 2317 perpetuo
863 2280 1054 2318 temporibus,
1078 2290 1148 2319 qua-

406 2333 507 2366 tenus,
531 2329 776 2367 quotiescumque
797 2328 989 2367 postulandus
1012 2334 1149 2359 occurrat

405 2377 440 2406 ad
467 2377 594 2416 aliquem
626 2377 840 2415 praedictorum
875 2377 1018 2414 graduum
1042 2377 1148 2416 aliquis

405 2435 440 2455 ex
474 2426 581 2455 futuris
604 2425 837 2464 professoribus,
862 2435 1002 2455 numerus
1026 2426 1074 2455 ille
1098 2435 1148 2465 pro

405 2478 536 2514 tempore
568 2474 715 2513 praefixus
747 2484 799 2513 pro
832 2475 994 2514 professore
1016 2473 1078 2513 ipso
1100 2484 1147 2504 au-

405 2527 529 2561 geatur,
561 2527 593 2552 ut
624 2523 701 2552 idem
734 2533 792 2552 non
826 2517 974 2562 tamquam
1006 2532 1148 2562 supranu-

407 2572 573 2609 merarius,
599 2572 649 2602 sed
682 2572 756 2602 intra
791 2582 945 2602 numerum
981 2572 1098 2611 ipsum,
1121 2576 1149 2601 et

408 2621 525 2660 quidem
549 2621 655 2658 modo,
679 2621 742 2651 loco
773 2625 802 2651 et
832 2621 954 2659 ordine,
978 2631 1052 2661 quos
1074 2621 1149 2651 eius-

975 227 1156 250 BULLARlUM
1182 227 1339 250 ROMANUM

1176 274 1242 303 dem
1266 275 1370 304 merita
1395 275 1559 314 respective
1577 276 1612 305 ad
1632 276 1704 306 alios
1727 276 1917 315 postulandos

1176 324 1308 361 exigent,
1332 332 1363 353 re
1385 323 1450 362 ipsa
1473 324 1648 363 postuletur.

1218 373 1412 402 Reservamus
1428 376 1524 402 tamen
1543 372 1628 402 nobis
1651 373 1817 402 facultatem
1834 373 1868 403 ad
1885 382 1916 403 ea
1964 390 2111 411 Prummu,

1930 415 2053 436 sarunatum
2068 422 2112 437 mz-

1930 445 1994 467 gistro
2007 442 2100 464 Ordinis.

1176 421 1324 457 addenda,
1349 430 1422 459 quae
1444 421 1478 450 ad
1502 421 1737 459 supradictorum
1759 421 1917 451 firmiorem

1176 470 1378 500 executionem
1395 474 1445 498 aut
1460 469 1613 499 clariorem
1629 470 1851 509 expositionem,
1868 480 1920 510 op-

1177 523 1300 557 portuna
1323 529 1337 547 a
1361 518 1445 548 nobis
1467 519 1580 548 censeri
1604 523 1759 557 poterunt,
1782 519 1919 558 quemad-

1176 568 1306 605 modum,
1327 577 1361 596 ex
1384 567 1553 606 supradicto
1569 568 1775 606 chirographo,
1791 568 1919 598 Sanctis·

1177 616 1260 653 simo,
1274 616 1357 645 nobis
1370 620 1398 645 et
1410 616 1629 646 successoribus
1641 617 1749 646 nostris
1762 617 1919 655 praedictis

1176 674 1362 694 reservamus
1384 665 1574 703 facultatem,
1599 665 1670 703 ut¹‚
1694 665 1718 694 si
1745 665 1919 705 quandoque

1177 714 1344 751 contingat,
1370 724 1421 753 per
1442 714 1604 753 capitulum
1628 714 1806 753 provinciale
1829 715 1920 754 impe-

1177 761 1247 798 diri,
1266 762 1424 800 quominus
1447 763 1592 801 professor
1615 763 1732 802 aliquis,
1752 763 1918 802 supradicta

1178 810 1289 840 habens
1311 811 1453 850 requisita
1470 812 1572 840 merita
1589 816 1617 841 et
1632 821 1730 850 opera,
1748 812 1921 850 postulatio-

1179 860 1265 889 nibus
1294 870 1327 890 ac
1348 861 1452 898 gratiis
1476 861 1642 899 praemissis
1666 861 1801 898 fruatur,
1825 861 1920 900 ipsum

1178 910 1351 939 auctoritate
1374 910 1535 948 apostolica
1557 910 1586 939 in
1610 919 1710 939 eorum
1735 911 1920 949 possessione

1181 958 1308 996 ponendi
1341 962 1369 987 et
1401 959 1605 988 conservandi.
1628 959 1691 988 Non
1714 958 1919 995 obstantibus,

1180 1007 1276 1045 quoad
1288 1007 1385 1036 omnia
1401 1011 1430 1036 et
1446 1007 1559 1044 singula
1577 1007 1718 1037 hactenus
1731 1008 1818 1044 dicta,
1831 1013 1922 1038 statu-

1181 1055 1217 1084 tis
1233 1054 1362 1090 Ordinis,
1381 1055 1547 1094 provinciae
1563 1056 1728 1094 praedictae
1746 1056 1858 1094 legibus
1874 1061 1923 1086 aut

1182 1104 1360 1142 privilegiis,
1386 1104 1526 1134 Brevibus
1549 1114 1664 1144 quoque
1686 1104 1921 1142 Innocentianis,

1182 1152 1244 1181 sive
1267 1153 1394 1182 decretis
1416 1153 1585 1191 apostolicis
1607 1154 1642 1182 de
1665 1152 1846 1191 quindennio
1878 1153 1923 1182 in-

1183 1204 1266 1238 tegro
1290 1210 1340 1240 pro
1363 1201 1532 1239 magisterio
1554 1201 1680 1240 simplici
1703 1201 1842 1240 requisito
1856 1225 1864 1239 ,
1888 1201 1922 1231 de

1183 1251 1411 1290 aequipollentia
1434 1250 1573 1284 tollenda,
1597 1251 1691 1290 deque
1713 1251 1778 1280 aliis
1800 1251 1923 1290 quibus-

1184 1300 1266 1338 libet,
1290 1301 1456 1339 ceterisque
1479 1300 1714 1339 quibuscumque
1733 1309 1790 1330 non
1807 1300 1923 1330 obstan-

1185 1349 1273 1386 tibus,
1299 1359 1374 1388 quae
1408 1349 1484 1378 idem
1507 1349 1717 1379 Sanctissimus
1740 1349 1833 1379 voluit
1864 1359 1924 1380 non

1186 1398 1320 1434 obstare;
1344 1402 1372 1427 et
1395 1397 1501 1437 quibus
1524 1398 1697 1427 auctoritate
1720 1397 1803 1428 nobis
1825 1398 1860 1428 ab
1876 1408 1924 1428 eo-

1184 1448 1249 1477 dem
1289 1447 1483 1477 Sanctissimo
1518 1446 1644 1485 henigne
1684 1447 1841 1477 commisse
1875 1457 1926 1488 per

1186 1501 1352 1535 praesentes
1375 1496 1549 1533 derogamus
1567 1500 1596 1525 et
1611 1496 1781 1534 derogatum
1800 1505 1863 1526 esse
1877 1496 1926 1526 de-

1185 1545 1343 1574 claramus.
1361 1545 1391 1574 In
1409 1545 1532 1574 Nomine
1555 1545 1661 1582 Patris,
1680 1549 1708 1574 et
1725 1545 1803 1581 Filii,
1821 1549 1849 1575 et
1863 1545 1927 1585 Spi-

1186 1594 1260 1623 ritus
1283 1593 1398 1624 Sancti:
1423 1593 1527 1623 Amen.
1550 1593 1654 1623 Datum
1676 1594 1785 1623 Romae
1807 1594 1837 1623 in
1859 1603 1928 1624 con-

1186 1647 1275 1673 ventu
1297 1647 1397 1672 nostro
1413 1642 1443 1672 S.
1461 1643 1567 1672 Mariae
1580 1652 1669 1681 supra
1692 1643 1863 1680 Minervam,
1880 1643 1926 1673 die

1187 1701 1255 1721 xvni
1279 1691 1421 1721 februarii
1438 1700 1587 1721 iunccxxx.
1605 1692 1652 1721 Fr.
1670 1692 1790 1721 Tnoms
1803 1693 1925 1729 Riport,

1188 1742 1325 1779 magister
1335 1740 1464 1771 Ordinis.
1480 1740 1547 1769 Loco
1560 1741 1683 1779 †si'9itl2'.
1700 1740 1856 1780 Reyist.fol.
1871 1750 1926 1770 Lix.

1187 1790 1235 1819 Fr.
1260 1790 1421 1819 DOMlNJCrs
1456 1789 1565 1826 Poriffl,
1589 1789 1728 1827 magister
1759 1790 1928 1828 ex-provin-

1186 1839 1270 1868 cialis
1292 1843 1320 1868 et
1341 1839 1448 1868 socius.

1232 1926 1246 1968 ἓ
1271 1925 1303 1958 3.
1331 1924 1406 1957 Cum
1433 1930 1549 1963 autem,
1575 1925 1659 1957 sicut
1683 1925 1795 1958 eadem
1828 1936 1928 1969 expo·
1967 1942 2121 1972 Suppncjspe.

1188 1978 1263 2011 sitio
1290 1978 1518 2019 subiungebat,
1540 1978 1645 2010 dictus
1669 1978 1806 2012 loannes
1824 1970 2020 2016 Domi-3353?
2058 1970 2126 1990 ‘⁰¹⁸¹‘

1188 2033 1299 2069 nicus,
1327 2036 1362 2063 ut
1388 2037 1451 2063 tam
1477 2031 1581 2063 dictus
1607 2031 1808 2074 Hyacinthus
1834 2043 1929 2076 quam

1188 2095 1398 2118 successores
1422 2085 1651 2127 professores,
1678 2091 1710 2118 et
1733 2087 1929 2129 quicumque

1189 2140 1243 2172 alii
1280 2138 1320 2171 ad
1357 2148 1437 2181 quos
1475 2144 1599 2181 spectat
1623 2144 1655 2171 et
1689 2149 1749 2181 pro
1782 2144 1930 2183 tempore

1189 2191 1363 2234 spectabit,
1390 2191 1636 2234 privilegiorum
1662 2192 1870 2234 regularium,
1894 2202 1930 2225 ac

1189 2246 1303 2288 utique
1340 2245 1484 2287 gravium
1517 2250 1712 2278 statutorum
1744 2245 1929 2278 huiusmodi

1191 2299 1416 2332 executionem
1445 2297 1567 2330 firmius
1593 2299 1773 2341 laetiusque
1798 2303 1930 2342 promo-

1191 2358 1297 2391 veant,
1314 2357 1500 2395 opportune
1526 2352 1557 2383 in
1584 2351 1771 2394 praemissis
1796 2363 1813 2385 a
1837 2353 1931 2385 nobis

1191 2405 1378 2448 provideri,
1404 2410 1436 2437 et
1459 2404 1554 2444 alias,
1580 2410 1615 2436 ut
1639 2405 1743 2444 infra,
1769 2405 1931 2448 indulgeri

1191 2468 1397 2501 summopere
1424 2457 1602 2490 desideret:
1620 2469 1694 2497 nos,
1714 2458 1819 2501 ipsum
1839 2458 1932 2492 Ioan-

1191 2523 1264 2544 nem
1297 2511 1497 2543 Dominicum
1529 2511 1730 2555 specialibus
1767 2511 1932 2545 favoribus

1191 2571 1225 2597 et
1248 2564 1359 2606 gratiis
1385 2564 1536 2607 prosequi
1562 2566 1727 2604 volentes,
1754 2570 1787 2597 et
1819 2575 1836 2597 a
1862 2564 1932 2608 qui-

1235 2627 1246 2652 1
1270 2624 1405 2652 Particula
1425 2628 1456 2652 ut
1475 2625 1611 2652 redundat
1628 2626 1667 2660 (n.
1684 2626 1733 2658 τ.).

1930 230 1979 254 An.
2000 228 2029 255 G.
2043 229 2112 257 1732

1994 2469 2126 2497 Appi-obstin>
2155 2458 2174 2498 Ϊς

1945 2498 2060 2519 Pontificis.
