2182 3137
48 272 97 301 Aa.
112 271 143 300 C.
165 270 232 300 1732

239 319 395 354 minatum
420 320 466 354 vet
493 318 748 360 innominatum,
776 328 812 351 ac
839 318 981 361 speciem

242 373 470 407 transactionis
509 372 686 406 habentem
706 399 713 413 ,
754 370 983 415 praesentibus

241 438 301 472 pro
325 428 424 471 plene
450 431 481 460 et
506 425 706 459 sufficienter
742 436 777 458 ac
815 425 854 457 de
886 423 984 457 verbo

242 481 280 514 ad
306 481 441 513 verbum
467 478 629 523 expressis
652 478 825 518 babentes,
843 478 986 511 illarum·
1007 496 1008 500 =

243 545 306 578 que
332 534 476 567 omnium
510 538 541 566 et
574 533 775 576 singularum
805 531 986 575 dispositio-

241 587 360 628 nibus,
401 586 649 626 contractibus,
692 585 985 624 transactiouihuS,

243 640 538 680 conventionibus,
566 639 772 683 quantumvis
804 638 918 672 validis
956 642 987 670 et

244 693 431 728 efficacibus
476 699 508 727 et
542 694 612 738 pias
637 692 851 737 publicasque
877 701 987 724 causas
1009 699 1010 718 1

242 747 508 792 respicientibus,
528 758 563 780 ac
580 746 698 780 validi*
717 746 812 780 etiam
832 746 916 778 inter
934 745 986 788 pie
1009 750 1010 757 ¹

244 806 402 835 testantes
435 812 472 834 ac
496 800 727 834 christifideles
763 804 793 832 et
825 799 987 842 hospitale

243 855 430 889 huiusmodi
457 854 524 888 initi
552 855 738 887 contractus
755 853 817 886 vim
841 852 989 886 babenti-

244 909 315 949 bus,
333 914 364 942 et
379 907 629 952 quomodolibet
646 907 818 951 stipulatis,
835 907 989 949 derogan-

245 967 304 1003 tes,
326 967 415 995 motu
444 960 588 1005 proprio,
614 966 646 994 et
670 972 706 994 ex
733 962 820 993 certa
845 959 987 1000 scientia,

245 1015 350 1060 deque
377 1015 573 1059 apostolicae
594 1013 765 1058 potestatis
784 1012 989 1057 plenitudine

245 1069 389 1109 nostris,
426 1079 539 1102 omnes
578 1073 611 1101 ct
647 1068 794 1111 singulas
831 1076 990 1111 personas

246 1133 329 1166 quae
365 1132 452 1156 nunc
489 1122 521 1156 in
557 1122 671 1156 eodem
709 1121 863 1164 hospitali
898 1130 991 1164 repe-

246 1177 373 1210 riuntur
395 1176 581 1219 (adsignata
605 1176 695 1219 prius
722 1175 859 1208 cuilibet
880 1184 989 1208 earum

245 1232 350 1264 annua
375 1229 597 1274 praestatione
615 1229 653 1262 ad
673 1239 785 1262 eorum
809 1234 840 1261 et
865 1227 992 1260 cuiusli-

246 1283 320 1318 bet²
346 1285 475 1318 illorum
493 1284 674 1317 naturalem
693 1283 788 1316 vitam
816 1283 966 1315 duratura
983 1310 989 1323 ,

247 1348 284 1371 ac
310 1338 349 1371 de
376 1348 428 1370 sex
455 1336 621 1370 mensibus
646 1336 676 1368 in
702 1347 755 1369 sex
783 1346 909 1369 menses
941 1345 993 1368 an-

247 1391 379 1436 ticipate
404 1391 641 1436 persolvenda,
668 1396 797 1424 centum
836 1390 992 1434 quinqua-

247 1445 337 1488 ginta
368 1445 529 1478 librarum
564 1450 713 1478 monetae
747 1443 989 1487 placentinae),

247 1509 376 1532 necnon
416 1498 582 1531 ministros
622 1497 779 1541 praedicti
821 1497 993 1540 hospitalis

249 1552 399 1595 (retentis
422 1557 526 1585 tamen
553 1562 589 1585 ex
617 1551 662 1585 eis
687 1551 759 1591 illis,
782 1561 864 1595 quos
890 1550 993 1583 dietus

248 1605 347 1640 lulius
372 1606 546 1639 cardinalis
571 1605 712 1648 collegio
749 1611 781 1637 ut
820 1604 902 1637 infra
935 1604 993 1637 eri-

249 1659 356 1703 gendo
389 1658 544 1692 inservire
571 1658 710 1692 idoneos
736 1658 918 1702 putaverit,
944 1662 991 1698 et,

249 1713 355 1758 quoad
382 1713 535 1747 dilectum
562 1711 662 1745 filium
688 1721 772 1745 nunc
798 1711 991 1744 existentem

249 1766 420 1811 hospitalis
457 1766 643 1799 huiusmodi
681 1770 844 1799 rectorem
881 1775 990 1797 curam

249 1820 430 1854 animarum
455 1830 612 1854 annexam
634 1819 819 1859 habentem,
839 1818 922 1862 ipse,
941 1818 992 1851 do-

248 1883 309 1907 nec
343 1879 376 1907 et
408 1884 577 1918 quousque
610 1873 649 1906 de
689 1873 800 1916 aliquo
834 1878 992 1916 perpetuo

249 1926 410 1961 beneficio
436 1927 667 1967 ecclesiastico,
690 1926 728 1959 ad
748 1926 796 1958 sui
815 1936 991 1969 congruam
1014 1918 1016 1939 ³

250 1981 517 2014 sustentationem
543 1979 725 2020 sufficienti,
751 1979 913 2023 provisus,
941 1984 991 2011 aut

252 2034 282 2067 ei
307 2034 422 2078 pensio
446 2044 550 2067 annua
582 2039 742 2078 perpetua
776 2032 941 2066 sufficiens
965 2043 993 2065 a·
1015 2035 1017 2068 Ξ

251 2089 414 2132 postolica
440 2087 630 2121 auctoritate
652 2092 825 2127 reservata,
848 2095 902 2119 seu
924 2096 993 2119 een-

252 2152 332 2185 grua
368 2142 594 2181 alimentaria,
625 2141 762 2174 arbitrio
799 2139 994 2173 venerabilis

251 2195 361 2228 fratris
387 2194 533 2239 episcopi
560 2194 741 2228 Placentini
774 2193 838 2227 sive
866 2193 934 2226 eius
955 2192 994 2225 vi-

253 2248 332 2282 carii
359 2248 391 2281 in
415 2247 641 2291 spiritualibus
660 2247 822 2291 generalis
847 2247 993 2287 taxanda,

253 2301 416 2345 assignata
441 2301 557 2342 suerit,
585 2301 623 2334 ab
649 2300 804 2344 hospitali
830 2300 995 2344 praedicto

253 2355 396 2389 amoveri
423 2366 487 2388 non
514 2355 629 2399 possit)
657 2354 834 2398 apostolica
860 2355 996 2388 auetori-

254 2413 320 2442 tate
345 2408 507 2453 perpetuo
541 2418 744 2442 amovemus:
772 2408 893 2441 dictum
918 2418 995 2442 vero

255 2463 426 2507 hospitale,
443 2468 475 2496 et
492 2463 598 2496 omnia
617 2473 652 2496 ac
670 2463 799 2506 singula
814 2463 883 2497 eius
898 2473 997 2496 onera

254 2528 291 2550 ac
316 2516 369 2561 pia
395 2526 494 2560 opera
511 2516 544 2548 in
564 2516 627 2549 vim
647 2517 883 2560 cuiuscumque
901 2516 997 2550 etiam

254 2570 519 2605 testamentariae
561 2570 787 2615 dispositionis
827 2581 863 2604 ex
904 2572 998 2604 causa

1008 624 1010 639 l

859 267 1000 294 CLEMt-:Ns
1025 269 1070 294 xtt
1093 269 1145 294 Pr.

291 2645 301 2670 ¹
325 2642 397 2670 Edit.
418 2642 503 2670 Μαίη.
524 2641 588 2678 tegit
607 2642 702 2670 valide
722 2642 761 2677 (tt.
777 2644 828 2675 Τ.).

288 2688 305 2716 2
324 2688 391 2718 Male
411 2688 477 2717 edit.
498 2687 577 2716 Main.
600 2688 665 2725 tegit
684 2688 802 2717 cuilibet
820 2687 858 2724 (a.
877 2688 926 2724 T.).

1668 256 1732 291 419
1779 264 1881 293 amc.
1900 263 1967 292 1732

1028 319 1139 352 mortis
1165 318 1346 360 contectae,
1375 323 1406 352 et
1434 318 1462 351 in
1483 317 1710 351 executionem
1729 315 1774 348 ul-

1030 371 1179 404 timarum
1216 371 1343 415 piarum
1381 372 1604 411 voluntatum,
1641 379 1772 403 necnon

1029 435 1198 458 commune
1225 430 1255 458 et
1280 426 1448 468 publicum
1473 425 1597 458 bonum
1625 434 1661 457 ac
1688 434 1775 457 eom-

1030 478 1160 511 modum
1199 479 1429 522 respicientis,
1457 484 1511 511 aut
1536 479 1615 511 alias
1640 477 1773 510 omnino

1030 531 1275 574 adimplendae¹
1297 532 1393 564 etiam
1411 531 1523 574 vigore
1542 530 1681 563 cuiusvis
1701 540 1774 562 con-

1032 585 1170 623 tractus,
1208 594 1369 627 consensu
1398 584 1472 617 dicti
1499 584 1572 616 lulii
1601 583 1776 617 cardinalis

1031 637 1126 669 nobis
1162 637 1341 679 praestito,
1369 638 1548 680 apostolica
1581 637 1775 670 auctoritate

1032 691 1193 734 perpetue
1220 690 1453 734 supprimimus
1480 697 1511 724 et
1537 691 1774 734 extinguimus,

1076 744 1091 787 ἓ
1115 744 1146 777 ῖ3.
1174 744 1293 777 Eadem
1311 744 1516 785 auctoritate,
1533 755 1567 777 ac
1583 750 1671 777 motu
1691 743 1774 787 pari,
1798 752 1904 779 timpum
1921 759 1971 779 mp-

1787 785 1868 805 presso,
1880 786 1925 799 mus
1941 781 1961 799 l»)

1010 816 1011 820 =
1033 798 1186 832 similiter
1212 798 1370 842 perpetuo
1390 798 1422 831 in
1449 798 1605 842 hospitali
1633 798 1679 830 sic
1704 808 1812 840 sup-co
1858 790 1972 831 communi

1787 834 1930 854 cons'ituttur.

1033 863 1146 896 presso
1172 857 1204 885 et
1228 852 1369 885 extincto
1397 852 1562 895 erigentes
1598 857 1696 895 atque
1731 851 1777 883 in-

1034 907 1203 940 stituentes
1229 906 1406 949 collegium
1431 906 1490 939 sub
1509 904 1776 939 denominatione

1035 971 1070 993 ac
1097 960 1192 993 titulo
1214 959 1358 993 eiusdem
1381 959 1413 992 S.
1433 959 1541 992 Lazari
1561 959 1636 1003 (per
1654 958 1776 991 dictum

1034 1014 1150 1047 lulium
1176 1014 1377 1047 cardinalem
1406 1013 1543 1057 eiusque
1573 1022 1779 1045 successores

1035 1067 1194 1112 perpetuo
1221 1067 1400 1111 regendum
1439 1072 1471 1100 et
1495 1060 1751 1110 'gubernandum
1770 1093 1777 1105 ,

1036 1122 1131 1155 etiam
1167 1132 1226 1165 per
1262 1121 1426 1154 ministros
1460 1126 1491 1153 et
1523 1120 1679 1153 officiales
1716 1119 1777 1152 sibi

1036 1175 1166 1219 suisque
1193 1174 1434 1207 successoribus
1460 1173 1632 1206 benevisos
1649 1199 1656 1213 ,
1683 1183 1719 1205 ac
1744 1183 1780 1205 u-

1036 1240 1113 1262 num
1141 1234 1301 1262 rectorem
1322 1228 1522 1261 saecularem
1542 1227 1778 1271 presbyterum,

1037 1283 1075 1316 ad
1102 1283 1204 1326 ipsius
1231 1282 1302 1315 Iulii
1329 1281 1503 1315 cardinalis
1542 1286 1574 1314 et
1611 1280 1680 1313 eius
1707 1291 1780 1313 suc-

1036 1346 1202 1370 cessorum
1227 1341 1341 1368 nutum
1362 1345 1492 1378 semper
1511 1339 1541 1368 et
1559 1334 1780 1378 quandocum-

1037 1402 1098 1435 que
1125 1390 1340 1430 amovibilem,
1364 1389 1591 1433 deputandum
1618 1388 1714 1421 etiam
1740 1388 1780 1420 ad

1037 1455 1148 1477 curam
1174 1444 1354 1477 animarum
1380 1442 1662 1486 parochianorum
1682 1442 1782 1474 eccle·

1037 1499 1103 1531 siae
1128 1497 1283 1542 praedicti
1320 1497 1351 1530 S.
1380 1497 1491 1530 Lazari
1517 1496 1708 1529 iamdudum
1735 1494 1782 1528 di-

1037 1557 1087 1585 cto
1113 1551 1270 1595 hospitali
1297 1561 1479 1594 suppresso
1497 1551 1633 1589 unitam,
1653 1549 1692 1582 de
1711 1559 1782 1592 gre-

1037 1607 1101 1640 mio
1122 1612 1239 1645 tamen,
1257 1610 1330 1648 post
1348 1605 1594 1648 deputationem
1616 1603 1712 1647 primi
1731 1613 1782 1636 re-

1037 1661 1150 1700 ctoris,
1177 1659 1307 1702 collegii
1335 1658 1502 1702 erigendi,
1531 1658 1571 1691 ad
1598 1657 1698 1690 instar
1723 1667 1782 1690 no-

1038 1713 1253 1746 minationum
1297 1722 1380 1755 quae
1422 1722 1438 1744 a
1478 1710 1683 1753 regularibus
1719 1720 1781 1754 pro

1038 1767 1239 1801 assumendis
1278 1765 1479 1810 presbyteris
1519 1766 1559 1798 ad
1600 1764 1782 1798 animarum

1038 1832 1147 1855 curam
1180 1821 1212 1853 in
1251 1830 1363 1853 eorum
1402 1819 1550 1852 ecclesiis
1583 1816 1783 1862 parochiali-

1038 1876 1097 1908 bus
1123 1874 1192 1908 fieri
1219 1875 1350 1913 solent,
1377 1877 1409 1906 et
1445 1872 1484 1906 ab
1521 1871 1693 1905 Ordinario
1720 1869 1782 1904 loci

1038 1928 1076 1961 ad
1104 1927 1250 1960 eamdem
1276 1936 1386 1959 curam
1413 1925 1594 1958 animarum
1628 1934 1783 1957 exercen-

1039 1983 1112 2015 dam
1133 1980 1382 2025 approbandum
1396 1978 1418 2020 2,
1442 1979 1611 2023 praedicta
1632 1977 1781 2011 cautione

1039 2035 1144 2079 quoad
1171 2035 1235 2067 iau]
1262 2033 1457 2067 existentem
1493 2038 1653 2065 rectorem
1690 2041 1782 2064 cura-

1015 2106 1017 2127 ;
1040 2095 1106 2122 tum
1132 2089 1219 2121 salva
1244 2093 1276 2120 et
1300 2087 1412 2120 illaesa
1436 2086 1639 2128 remanente)
1659 2085 1696 2119 ad
1719 2085 1781 2118 boc
1820 2094 1858 2117 eut
1880 2094 1898 2113 iu
1916 2092 1979 2114 mua·

1794 2122 1812 2146 gi
1823 2128 1849 2141 ιιιι
1865 2121 1905 2141 siut
1926 2127 1978 2141 toci·

1039 2149 1075 2175 ut
1099 2143 1132 2175 iu
1158 2141 1297 2184 collegio
1326 2140 1482 2183 erigendo
1518 2139 1618 2184 recipi
1657 2140 1875 2174 vateautiuenm-

1039 2196 1149 2230 cleriei
1188 2196 1374 2229 saeculares
1413 2194 1588 2227 universae
1625 2192 1783 2227 dioecesis

1040 2249 1228 2295 praedictae
1264 2249 1303 2281 ad
1339 2259 1448 2282 sacros
1485 2248 1618 2281 ordines
1653 2257 1784 2291 promo-

1039 2304 1146 2344 vendi,
1163 2308 1199 2335 ut
1223 2302 1284 2346 ipsi
1311 2302 1343 2335 in
1370 2302 1426 2335 itto
1453 2301 1636 2344 spiritualia
1661 2301 1785 2333 exerci-

1041 2358 1103 2398 tia,
1128 2362 1302 2400 antequam
1339 2356 1378 2388 ad
1415 2355 1597 2399 quemlibet
1622 2364 1658 2387 ex
1685 2354 1785 2387 sacris

1040 2410 1212 2444 ordinibus
1237 2414 1510 2454 promoveantur,
1539 2407 1599 2441 rite
1624 2418 1785 2451 peragere

1041 2465 1187 2504 valeant,
1216 2463 1337 2507 quique
1364 2462 1401 2495 ad
1428 2461 1617 2504 collegium,
1640 2466 1676 2493 ut
1701 2461 1786 2493 infra

1043 2518 1247 2562 erigendum,
1274 2528 1347 2550 cum
1373 2515 1612 2560 approbatione
1638 2515 1786 2559 episcopi

1042 2583 1099 2606 seu
1124 2571 1233 2604 vicarii
1267 2570 1510 2615 praedictorum
1536 2569 1663 2603 admitti
1689 2569 1788 2602 debe-

1081 2646 1091 2671 1
1109 2644 1212 2671 Forsan
1222 2641 1412 2677 adimplenda
1423 2649 1521 2677 nempe
1530 2649 1621 2670 onera
1633 2644 1685 2668 etc.
1695 2641 1787 2676 (nm).

1079 2687 1095 2715 2
1111 2687 1178 2716 Male
1193 2687 1258 2716 edit.
1275 2686 1355 2715 Main.
1372 2686 1437 2724 legit
1451 2686 1638 2723 approbandi
1653 2686 1748 2723 (n.t·.).
