2182 3137
226 270 278 296 An.
298 270 325 297 c.
350 270 414 298 ¹733
461 260 525 295 55⁶2

416 317 561 355 generalis
584 317 611 347 in
635 317 817 357 superiorem
841 316 1006 355 generalem
1030 315 1157 346 familiae

417 367 451 395 de
474 376 528 405 qua
554 365 688 395 minister
721 365 867 403 generalis
900 375 955 397 non
990 365 1078 395 l'uerit
1113 374 1157 395 as-

417 420 563 455 sumptus:
587 415 661 445 itaut
685 415 818 445 ministro
841 414 982 453 generali,
1008 419 1155 454 tamquam

417 465 561 505 superiori
575 465 717 500 omnium,
733 464 953 494 commissarius
969 464 1114 502 generalis
1130 456 1158 494 et

416 514 504 544 ceteri
528 523 629 543 omnes
653 513 803 543 humiliter
822 517 943 552 pareant
958 517 985 542 et
1008 512 1156 549 obediant3

416 563 486 603 quin
509 562 562 592 sub
587 563 680 602 poena
704 562 947 600 transgressionis
970 561 1157 592 obedientiae

417 612 468 641 11111
491 616 670 645 ceterorum,
696 621 748 641 nec
772 611 823 641 toti
847 611 1013 640 definitorio
1035 610 1157 640 alterius

418 661 555 698 t'amiliae,
570 660 655 690 liccat
669 659 804 690 resistere
817 660 896 689 illins
909 659 1065 696 mandatis,
1077 669 1158 699 prae-

416 710 516 740 sertim
540 714 604 749 post
634 709 791 739 secundam
827 709 1010 746 iussionem,
1035 709 1065 739 in
1100 718 1156 748 qua

417 768 554 798 expressa
584 759 621 788 sit
653 758 783 788 clausula
818 769 869 787 non
904 758 1070 787 obstantibus
1093 758 1155 792 his,

418 818 485 846 qnae
515 808 589 837 nobis
618 809 740 847 arpenta
768 812 847 844 sunt,
880 806 996 847 quando
1027 806 1157 846 exposita

418 857 581 887 reserantur
603 857 637 886 ad
660 857 798 886 litteram.

458 915 499 936 111.
531 906 612 942 Quod
649 906 787 935 similiter
816 914 866 935 sua
900 904 1010 935 familia
1043 904 1159 935 obedire

225 947 407 996 [¹.¹.'11¹,⁵¹'¹⁰,{,¹},’.„.5„1„{2
421 955 566 985 tenebitur
588 964 640 984 suo
659 954 860 984 commissario
877 953 1018 992 generali,
1044 953 1093 992 qui
1113 954 1157 983 vel

224 999 622 1051 iilllfss'a'l's'..¹'U¹⁰³¹iu¹‘iS[¹iCliO¹¹e
651 1003 802 1033 ordinaria
831 1002 873 1032 vel
899 1002 1033 1040 delegata
1055 1002 1083 1031 in
1107 1002 1159 1031 ali-

419 1062 475 1092 quo
498 1062 565 1082 casu
589 1052 764 1090 gubernium
796 1051 884 1081 totius
907 1051 1033 1080 familiae
1058 1054 1156 1088 tenet,

419 1101 488 1141 quin
512 1101 648 1140 impediri
671 1105 721 1130 aut
744 1100 885 1130 retardari
910 1100 1001 1139 possit
1023 1099 1058 1129 ab
1081 1100 1156 1139 alio,

419 1160 506 1189 quam
530 1150 565 1179 ab
589 1150 718 1180 omnium
742 1149 893 1189 superiore
917 1149 1051 1179 ministro
1074 1158 1159 1187 gene·

419 1200 472 1229 rali
496 1199 624 1229 Ordinis.

400 1286 403 1289 .
459 1257 496 1278 iv.
514 1248 605 1285 Quod,
624 1252 655 1278 ut
671 1257 787 1287 semper
802 1256 835 1277 ac
854 1246 961 1277 suturis
976 1247 1159 1286 tmporibus

350 1293 370 1305 '¹'
382 1294 480 1332 f'iisine
503 1297 628 1327 alicuius
645 1296 769 1326 tamiliae
786 1296 845 1325 sive
862 1296 991 1334 regionis
1007 1306 1159 1326 murmure

321 1346 468 1385 ks'fflstaut
490 1347 613 1386 querela
635 1346 732 1379 unitas
764 1345 915 1382 religionis
949 1344 1003 1375 sub
1032 1355 1090 1374 11110
1112 1355 1159 1375 ca-

419 1396 479 1435 pite
503 1404 675 1434 permanere
699 1394 790 1434 possit
813 1398 840 1424 et
862 1394 983 1431 debeat,
1008 1394 1037 1424 in
1062 1394 1160 1433 proxi-

419 1446 466 1474 ma
487 1444 585 1474 sutura
608 1444 750 1474 electione
783 1443 910 1473 ministri
933 1443 1094 1481 generalis,
1120 1443 1160 1473 sa-

419 1493 524 1523 cienda
547 1493 625 1523 iuxta
649 1497 778 1522 sanctam
802 1491 945 1529 regulam,
966 1491 1119 1530 eligendus
1133 1496 1160 1522 et

418 1542 613 1572 assumendus
636 1545 679 1571 est
696 1542 725 1571 in
743 1542 796 1571 hoc
816 1550 921 1570 munus
938 1540 1016 1570 silius
1033 1540 1159 1570 familiae

420 1591 579 1630 llispaniae
612 1590 691 1621 etin
724 1590 957 1620 commissarium
991 1590 1158 1628 generalem

419 1640 540 1670 alterius
564 1640 700 1677 familiae,
719 1639 830 1669 seilicet
846 1639 1098 1680 extra—IIispanae,
1116 1649 1160 1669 as-

420 1688 578 1718 sumendus
601 1692 643 1718 est
666 1688 742 1718 tilius
764 1689 839 1718 eius.

460 1746 486 1766 v.
511 1737 603 1774 Quod,
628 1737 709 1767 sinito
731 1737 871 1767 sexennio
894 1741 959 1776 post
983 1737 1158 1776 praedictam

419 1787 544 1826 primam
567 1787 739 1816 electionem
763 1787 911 1824 suturam,
936 1786 1089 1825 eligendus
1118 1790 1160 1816 est

419 1836 448 1865 in
472 1836 639 1866 ministrum
662 1826 826 1874 generatam
860 1835 977 1866 Ordinis
1010 1836 1089 1866 filius
1112 1845 1160 1865 ex-

420 1885 625 1924 tra-llispanae
649 1884 797 1918 familiae,
821 1889 849 1914 et
871 1884 900 1914 in
924 1884 1158 1914 commissarium

419 1934 584 1971 generalem
617 1943 668 1974 pro
691 1935 742 1964 sua
776 1934 889 1964 familia
922 1934 1000 1964 filius
1034 1934 1159 1964 familiae

419 1984 576 2023 llispanae.

459 2041 497 2062 vi.
522 2032 603 2068 Quod
627 2033 681 2062 hac
703 2041 820 2072 semper
843 2032 1046 2062 vicissitudine
1069 2032 1161 2072 impo-

420 2085 528 2111 sterum
553 2082 602 2112 fiat
625 2081 729 2111 electio
752 2081 877 2111 ministri
911 2081 1056 2119 generalis
1078 2081 1161 2112 Ordi-

420 2130 466 2159 nis
489 2130 516 2160 in
540 2130 668 2169 capitulo
691 2130 832 2169 generali.

461 2188 508 2209 vu.
533 2180 612 2215 Quod
637 2180 660 2209 si
683 2180 806 2209 durante
829 2179 969 2209 sexennio
992 2179 1159 2210 ministrum

236 2224 318 2261 '⁰2:⁸¹⁰
336 2249 344 2260 .·
371 2225 588 2266 ..ἶ-5011013133]
612 2228 730 2259 Ordinis
753 2229 826 2259 mori
849 2229 1013 2267 contingat,
1038 2229 1082 2258 vel
1105 2229 1159 2258 alia

335 2276 353 2287 '¹
383 2276 388 2287 ⁸
405 2278 525 2317 *quavis
548 2279 633 2308 causa
657 2278 720 2308 eius
739 2278 866 2308 osticium
887 2278 1045 2316 vacaverit,
1063 2288 1096 2308 ex
1114 2280 1162 2308 ea-

422 2327 487 2356 dem
523 2326 631 2358 familia
661 2327 740 2356 illius
773 2326 925 2364 eligendus
958 2331 1002 2356 est
1035 2326 1160 2356 vicarius

421 2375 566 2413 generalis
588 2375 717 2413 Ordinis,
743 2377 804 2415 qui,
822 2379 943 2415 excepto
966 2375 1084 2405 nomine
1108 2375 1161 2405 mi-

422 2424 528 2461 nistri,
553 2424 582 2454 in
607 2424 744 2454 omnibus
767 2429 795 2454 et
818 2434 868 2463 per
900 2424 995 2454 omnia
1029 2426 1160 2454 eamdem

422 2473 653 2502 iurisdictionem
677 2478 704 2503 et
728 2473 974 2512 praeeminentias
990 2472 1097 2502 habere
1113 2472 1161 2502 de-

422 2521 481 2557 bet,
498 2531 530 2551 ac
554 2521 686 2551 minister
708 2521 854 2559 generalis
871 2520 1024 2559 habuerat,
1041 2525 1068 2550 et
1084 2520 1161 2560 quod

422 2570 484 2599 eius
500 2570 628 2600 officium
648 2570 732 2600 duret
751 2570 902 2600 dumtaxat
918 2579 1008 2609 usque
1024 2570 1054 2599 in
1073 2570 1160 2600 tinem

422 2618 501 2648 illius
524 2619 669 2657 sexennii,
687 2629 723 2649 ne
740 2619 870 2659 privetur
885 2619 993 2649 familia
1011 2619 1161 2659 superiore

422 2668 550 2706 generali
574 2668 689 2699 Ordinis
720 2669 813 2699 adhuc
842 2678 893 2708 per
922 2668 1010 2699 breve
1046 2672 1161 2708 tempus

264 920 278 938 t]
290 926 406 940 1111ιιιι,ιε,1111

253 2191 297 2213 [lun
308 2196 346 2209 moi
355 2190 408 2210 iente

227 2324 342 2347 eligi-inlu«.

1000 268 1100 294 BULLA
1106 268 1180 294 mum
1206 267 1360 295 ROMANUM

1940 267 1990 296 An.
2007 268 2038 296 C.
2058 267 2127 296 1733

1198 320 1264 346 ante
1287 316 1459 356 capitulum,
1484 325 1535 346 nec
1551 317 1629 346 inter
1645 316 1770 346 familias
1792 316 1934 347 alteretur

1199 365 1380 396 vicissitudo.

1239 424 1297 444 vni.
1332 414 1412 450 Quod
1445 414 1468 444 si
1505 414 1676 453 contingat,
1700 414 1934 444 commissarium
1973 422 2128 446 Quod-‹erran-

1198 463 1363 502 generalem
1387 463 1512 492 delicere
1535 463 1565 492 in
1588 463 1646 492 alia
1669 463 1796 497 cunina,
1822 448 2130 501 morus,ssllll'u‘?¹'t?22¹2¹÷2l.¹0⁰,

1199 511 1440 549 renunciationis,
1465 515 1515 541 aut
1536 511 1594 541 alia
1616 512 1718 551 quavis
1740 513 1840 549 causa,
1866 502 2129 554 tuiicssf,“'gl„fif'„l¹f¹s.'.¹{{f³'

1199 561 1332 591 minister
1353 560 1498 599 generalis
1519 569 1555 590 ex
1577 561 1677 590 eadem
1710 560 1792 598 eius,
1815 560 1865 600 qui
1886 560 1936 590 de-

1199 610 1317 648 fecerit,
1341 610 1452 640 familia
1484 609 1572 647 eligat
1604 609 1933 646 rice-commissarium,

1200 659 1249 698 qui
1272 658 1447 688 auctoritate
1480 658 1614 696 delegata
1646 662 1673 687 et
1706 658 1824 688 nomine
1857 657 1936 687 dele-

1199 708 1295 746 gantis
1329 717 1465 748 expresso
1488 717 1589 737 omnes
1622 707 1665 737 illi
1698 707 1867 737 commissas
1899 707 1940 737 sa-

1199 756 1322 786 cultates
1345 766 1437 796 usqne
1459 757 1493 786 ad
1517 756 1681 796 proximum
1706 755 1866 796 capitulum
1891 766 1940 786 ex-

1199 810 1307 835 erceat.
2159 836 2160 847 χ

1239 864 1277 884 ix.
1296 855 1375 890 Quod
1393 855 1552 894 capitulum
1576 855 1724 894 generale,
1748 855 1781 886 ad
1799 855 1940 896 praescri·
1970 873 2132 898 Cflfflfflfflwe.
2159 852 2160 859 ¹

1201 907 1279 942 ptum
1297 903 1425 941 regulae,
1443 903 1608 934 celebretur
1630 904 1664 933 de
1688 904 1815 934 triennio
1837 904 1867 934 in
1890 901 2020 953 111-ἓῇᾖῇ
2037 901 2134 952 ῗὲζζζξζζξζ
2159 896 2160 921 Ῐ

1200 951 1319 981 ennium
1343 951 1462 982 sabbato
1495 956 1562 982 ante
1595 957 1727 992 quartam
1761 952 2109 983 dominicamedomandum·
2159 951 2160 955 ’

1201 1005 1264 1040 post
1295 1000 1424 1038 Pascha,
1448 1005 1529 1031 extra
1563 1001 1660 1031 curias
1694 1001 1882 1041 principum,
1910 1002 1940 1032 in

1200 1048 1285 1078 doino
1307 1048 1486 1086 designanda
1508 1058 1522 1078 a
1547 1049 1681 1080 ministro
1705 1050 1832 1088 generali
1855 1049 1939 1081 Ordi-

1201 1098 1257 1136 nis,
1282 1101 1426 1137 quatenus
1449 1098 1511 1137 ipse
1534 1098 1711 1137 praesideat,
1734 1099 1869 1129 consulto
1891 1099 1941 1129 de-

1202 1147 1329 1177 tinitorio
1352 1147 1481 1185 generali
1506 1147 1607 1187 ipsius,
1632 1147 1675 1178 vel
1699 1157 1714 1177 a
1738 1147 1940 1178 commissario

1201 1197 1354 1235 generali,
1380 1196 1521 1226 consultis
1544 1196 1748 1227 definitoribus
1770 1206 1839 1227 suae
1860 1197 1942 1227 sami-

1202 1246 1269 1282 liae,
1294 1246 1428 1275 ministro
1450 1246 1580 1284 generali
1603 1255 1661 1276 non
1685 1246 1880 1286 praesidente.

1243 1305 1269 1324 x.
1294 1294 1374 1330 Quod
1392 1299 1521 1334 tempore
1539 1295 1659 1334 capituli
1676 1305 1734 1325 uon
1751 1295 1942 1326 admittantur
2005 1312 2059 1336 onia
2075 1318 2137 1339 pm.

1202 1344 1342 1383 hospites,
1360 1353 1413 1373 nec
1428 1343 1546 1373 domum
1565 1343 1754 1383 capitularem
1774 1339 2050 1391 ingrediaii-ssfflffiss·
2081 1343 2138 1387 53ζῖ

1203 1398 1249 1422 1111·
1272 1393 1387 1422 vocales
1410 1402 1460 1432 per
1483 1392 1555 1422 duos
1578 1402 1692 1437 menses
1714 1397 1780 1423 ante
1813 1392 1942 1423 celebra·
1953 1391 2078 1414 orationem.

1203 1442 1311 1472 tionem
1335 1442 1467 1482 capituli,
1492 1441 1549 1471 nisi
1572 1441 1660 1471 suerit
1676 1446 1759 1481 pater
1776 1442 1942 1481 provincia·

1202 1491 1238 1521 lis
1261 1492 1341 1522 illius
1365 1491 1551 1531 provinciae,
1575 1491 1705 1531 exceptis
1728 1491 1817 1528 socio,
1841 1491 1864 1521 si
1888 1491 1941 1521 mi-

1202 1540 1292 1570 nister
1316 1540 1411 1578 suerit⁷
1426 1545 1454 1570 et
1477 1540 1584 1570 vocalis
1606 1540 1655 1570 ille
1677 1540 1810 1579 quiante
1832 1549 1942 1570 annum

1203 1589 1307 1619 habeat
1330 1589 1359 1619 in
1383 1589 1484 1619 eadem
1502 1589 1586 1619 domo
1604 1598 1686 1619 suam
1704 1588 1743 1618 ibi
1760 1580 1942 1627 designatam

1203 1638 1391 1668 residentiam
1415 1638 1596 1668 continuam.

1244 1696 1280 1716 xi.
1305 1687 1386 1722 Quod
1411 1687 1548 1717 minister
1581 1687 1725 1725 generalis
1748 1690 1776 1717 et
1797 1686 1861 1717 eius
1894 1687 1943 1717 de-

1205 1736 1367 1766 1111110πίοω
1401 1736 1602 1775 praeexistere
1634 1735 1742 1765 debent
1768 1739 1835 1766 ante
1867 1735 1944 1775 capi-

1204 1785 1296 1815 tulum
1320 1785 1349 1815 in
1373 1785 1474 1815 eadem
1498 1785 1582 1815 domo
1605 1785 1780 1825 capitulari,
1805 1789 1833 1815 et
1854 1785 1944 1815 ceteri

1204 1835 1319 1864 vocales
1341 1835 1455 1872 ingredi
1480 1838 1634 1864 teneantur
1656 1835 1729 1864 seria
1751 1834 1856 1874 quinta
1877 1835 1944 1864 a'nte

1205 1884 1382 1924 praedictam
1396 1884 1571 1914 dominicam
1586 1889 1719 1923 quartam
1741 1888 1805 1923 post
1823 1882 1943 1914 Pascha.

1244 1942 1292 1962 xu.
1317 1932 1397 1968 Quod
1422 1936 1502 1971 pater
1525 1932 1660 1962 minister
1682 1932 1838 1971 generalis,
1870 1937 1944 1963 tem-

1205 1991 1273 2021 pore
1296 1986 1375 2021 apto,
1399 1986 1430 2013 ut
1453 1991 1565 2020 omnes,
1589 1981 1637 2020 qui
1661 1981 1839 2012 convocandi
1862 1986 1942 2020 sunt,

1203 2031 1238 2060 ad
1261 2030 1421 2070 capitulum
1445 2035 1682 2069 congregentur,
1707 2031 1803 2060 mittat
1832 2031 1945 2061 litteras

1205 2079 1366 2109 vocatorias
1388 2079 1524 2109 omnibus
1547 2078 1709 2116 vocalibus,
1724 2079 1773 2119 qui
1790 2083 1945 2110 teneantur
2132 2072 2158 2118 ζ

1204 2138 1400 2164 concurrere,
1424 2133 1452 2158 et
1483 2129 1666 2160 invitatorias
1694 2128 1801 2168 quibus
1831 2128 1945 2159 licitum
2132 2127 2147 2135 ''

1204 2178 1241 2208 sit
1264 2187 1321 2208 non
1357 2187 1554 2216 concurrere,
1578 2187 1685 2217 easque
1718 2187 1818 2208 omnes
1849 2178 1946 2208 mittat

1204 2237 1270 2258 oum
1293 2228 1483 2267 expressione
1513 2227 1654 2265 temporis
1684 2232 1712 2257 et
1734 2227 1790 2257 loci
1814 2227 1945 2258 celebra-

1205 2277 1295 2307 tionis
1312 2276 1492 2306 imminentis
1508 2276 1627 2315 capituli
1644 2276 1800 2315 generalis,
1815 2280 1843 2306 et
1858 2276 1945 2316 quod,

1204 2327 1228 2356 si
1251 2325 1418 2356 lmiusmodi
1441 2326 1557 2356 litterae
1587 2325 1622 2355 ad
1646 2325 1771 2365 aliquem
1805 2325 1945 2365 capitula-

1205 2384 1265 2404 rem
1289 2384 1346 2405 non
1370 2374 1568 2413 pervenerint,
1585 2373 1776 2404 nihilominus
1797 2374 1859 2414 ipse
1877 2383 1947 2404 con-

1205 2427 1304 2454 currat
1337 2427 1365 2453 et
1400 2427 1517 2453 vocatus
1552 2423 1752 2462 intelligatur,
1786 2422 1945 2453 dummodo

1205 2474 1319 2501 constet
1342 2471 1376 2501 de
1399 2471 1633 2511 promulgatione
1655 2471 1775 2510 capituli
1798 2471 1944 2510 generalis

1205 2520 1278 2550 sacta
1302 2524 1330 2550 et
1351 2520 1380 2550 in
1403 2522 1457 2550 sua
1479 2520 1628 2560 provincia
1651 2520 1716 2550 aliis
1738 2521 1817 2550 nota..

1246 2578 1304 2599 xm.
1327 2568 1407 2604 Quod
1442 2569 1471 2599 in
1501 2569 1630 2608 capitulo
1662 2568 1792 2607 generali
1827 2568 1944 2599 Ordinis

1206 2627 1321 2658 semper
1343 2618 1507 2658 praesideat
1529 2618 1664 2658 superior
1685 2617 1830 2657 generalis
1851 2617 1942 2656 itlius,

1205 2668 1265 2698 sive
1289 2668 1434 2709 minister,
1453 2668 1525 2708 sive,
1549 2677 1601 2708 pro
1625 2676 1694 2698 casu
1715 2666 1842 2702 ministri
1865 2666 1941 2699 dese-

1995 2584 2024 2605 on
2040 2583 2108 2610 praest
2126 2578 2130 2585 ³

1955 2610 2047 2632 ein-Arm
2079 2615 2103 2632 :a

1955 2638 2001 2660 tuti.
