2182 3137
0 2000 5 2199 t

51 247 100 274 An.
112 245 142 271 C.
165 242 233 272 ¹733

97 306 229 330 Obstantlum

48 335 164 361 derogatio.

93 2183 177 2206 emmo
192 2190 231 2211 pc-

46 2211 125 2242 !enrla·
144 2218 230 2233 conces·

47 2244 120 2260 niueis.

875 244 1016 269 CLEMENS
1044 245 1090 269 ΧΠ
1114 245 1164 270 ΡΡ.

285 293 299 336 5
324 292 354 327 3.
380 292 448 326 Νοη
475 293 679 327 obstantibus
706 292 919 337 praemissis,
953 304 985 326 a-

240 346 358 390 liisque
374 346 662 381 constitutionibus
677 352 708 380 et
723 346 987 380 ordinationibus

241 400 440 443 apostolicis,
467 411 612 441 necnon,
635 407 796 444 quatenus
822 410 904 444 opus
930 400 985 439 sit,

241 453 383 495 Ordinis,
411 455 624 488 ecclesiarum
653 460 684 488 et
709 454 984 487 monasteriorum

242 507 438 548 huiusmodi,
468 508 563 541 etiam
590 508 790 547 iuramento,
818 506 986 540 confirma-

243 560 327 594 tione
345 562 535 604 apostolica,
554 562 602 594 vel
620 562 733 605 quavis
752 560 906 593 firmitate
925 560 986 593 alia

242 613 427 653 roboratis,
453 614 580 647 statutis
611 620 643 647 et
672 613 985 652 consuetudinibus,

241 667 422 711 privilegiis
450 678 601 711 quoque,
634 666 769 699 indultis
803 672 835 699 et
867 666 986 699 litteris

241 721 426 764 apostolicis
452 721 482 753 in
508 720 707 753 contrarium
732 721 985 763 praemissorum

241 774 487 818 quomodolibet
512 774 682 814 concessis,
709 772 916 813 confirmatis,
937 784 987 816 ap-

240 827 386 871 probatis
405 832 435 861 et
453 827 629 868 innovatis;
648 827 767 871 quibus
786 827 937 860 omnibus
956 833 988 859 et

241 880 399 923 singulis,
424 880 555 914 illorum
590 886 722 914 tenores
756 880 986 924 praesentibus

240 944 301 977 pro
326 935 423 977 plene
440 939 473 967 et
490 934 687 967 sufficienter
708 933 871 977 expressis
891 945 926 967 ac
947 934 985 967 de

240 987 339 1020 verbo
364 988 402 1020 ad
429 988 562 1021 verbum
588 987 717 1021 insertis
736 988 906 1027 babentes,
926 988 988 1021 illis

241 1041 319 1074 alias
351 1041 384 1073 in
416 1052 474 1075 suo
511 1041 632 1074 robore
668 1041 916 1084 permansuris,
948 1042 986 1074 ad

240 1095 492 1138 praemissorum
512 1094 679 1136 effectum,
699 1095 759 1129 liae
778 1095 846 1128 vice
866 1095 989 1128 dumta-

241 1154 311 1189 xat,
331 1149 518 1192 specialiter
536 1155 566 1182 et
587 1159 741 1193 expresse
770 1149 986 1193 derogamus,

241 1203 426 1247 ceterisque
445 1204 617 1237 contrariis
644 1204 916 1248 quibuscumque.

285 1257 399 1289 Datum
425 1257 558 1297 Romae,
579 1258 662 1300 apud
689 1257 720 1290 S.
741 1257 872 1290 Mariam
891 1257 988 1290 Maio-

240 1320 332 1351 rem,
371 1311 430 1343 sub
463 1312 586 1344 annulo
625 1310 814 1350 Piscatoris‚
843 1311 894 1344 die
927 1322 987 1344 xxv

240 1365 435 1408 septembris
466 1374 669 1405 iioccxxxui,
696 1364 906 1408 pontificatus
933 1376 987 1398 no-

241 1418 299 1451 stri
325 1428 411 1452 anno
438 1428 480 1452 ιγ.

276 1480 339 1507 Dat.
355 1480 400 1508 die
416 1480 450 1508 25
465 1480 632 1516 septembris
650 1481 727 1516 1733,
745 1480 844 1516 pontif.
857 1489 931 1508 anno
947 1488 984 1508 iv.

530 1535 563 1569 F.
592 1536 682 1568 card.
710 1535 894 1569 Ottvi-:nius

573 1687 650 1721 CXI.

240 1767 410 1803 Indullum
428 1796 437 1809 ,
465 1774 501 1801 ut
525 1769 644 1812 fratres
668 1769 808 1802 Minores
832 1768 864 1802 S.
883 1768 986 1802 Fruu-

284 1824 361 1857 cisci
380 1824 640 1869 Capaccinorum
658 1827 933 1866 nuncupatorum,
952 1824 985 1856 in

286 1877 400 1910 Gallia
419 1877 607 1910 existentes
626 1904 636 1918 ,
677 1878 801 1920 possint
844 1878 987 1920 excipere

284 1931 492 1974 confessiones
530 1930 729 1963 mom'alium
766 1931 801 1963 in
842 1931 987 1963 claustra

284 1984 484 2029 timentium.

447 2058 584 2085 clemens
605 2058 688 2091 Papa
708 2057 778 2091 xil,

380 2102 418 2129 ad
438 2102 576 2129 futuram
596 2102 642 2130 rei
658 2102 844 2130 memoriam.

285 2175 299 2219 ἓ
324 2175 356 2208 1.
384 2174 487 2215 Cuin,
514 2175 599 2208 sicut
626 2174 763 2207 dilectus
788 2173 871 2206 silius
905 2172 987 2206 Clie-

241 2229 378 2262 rubinus
404 2229 443 2262 de
468 2228 592 2269 Noves,
621 2229 723 2261 frater
749 2238 900 2271 expresse
917 2238 987 2270 pro-

241 2282 359 2322 fessus,
385 2287 494 2316 custos
520 2287 551 2315 et
575 2282 682 2314 socius
709 2280 870 2323 generalis
896 2280 988 2313 Ordi-

242 2335 292 2368 nis
316 2335 475 2368 Minorum
495 2334 526 2367 S.
545 2334 708 2367 Francisci
731 2333 987 2377 Capuccinorum

241 2394 526 2433 nuncupatorum,
552 2394 616 2422 tam
642 2398 710 2428 suo,
740 2398 833 2430 qnam
860 2387 987 2420 dilecto·

241 2453 314 2477 rum
354 2443 496 2476 tiliorum
530 2443 691 2482 fratrum,
731 2447 762 2474 et
798 2441 986 2485 praesertim

241 2495 464 2529 ministrorum
482 2495 730 2539 provincialium
746 2494 777 2528 in
796 2505 898 2537 regno
917 2494 989 2528 Gal-

242 2549 360 2583 liarum
386 2549 596 2583 existentium
624 2549 766 2582 eiusdem
787 2548 918 2581 Ordinis
935 2559 989 2582 no·

242 2605 345 2646 mine,
372 2603 467 2638 nobis
492 2614 596 2648 nuper
621 2602 741 2647 exponi
767 2601 850 2643 fecit,
874 2602 988 2635 fratres

242 2658 401 2703 praedicti
428 2658 468 2693 ad
494 2658 705 2703 excipiendas
736 2658 988 2693 sacramentales

1031 294 1252 328 consessiones
1273 294 1463 328 monialium
1489 295 1691 338 aliarumque
1707 305 1775 339 per-

1031 358 1182 381 sonarum
1207 349 1445 391 aegrotantium
1483 348 1515 382 in
1542 348 1693 382 claustris
1719 349 1775 382 de-

1031 402 1178 443 gentium
1213 402 1379 436 multoties
1412 402 1452 435 ab
1477 402 1657 436 Ordinariis
1691 403 1776 435 loeo-

1031 464 1100 486 rum
1137 454 1341 495 invitentur,
1380 455 1456 499 quin
1497 455 1541 488 eis
1577 456 1637 488 liae
1668 455 1698 487 in
1738 465 1774 487 re

1030 518 1153 540 morem
1179 518 1294 550 gerere
1327 509 1476 547 valeant,
1516 520 1554 541 eo
1591 509 1678 552 quod
1716 519 1775 551 per

1030 562 1173 603 regulam
1199 562 1302 605 ipsius
1329 563 1430 595 sancti
1450 562 1622 601 Francisci,
1641 573 1712 605 cap.
1745 572 1775 594 xi

1031 614 1183 646 fratribus
1207 615 1366 648 universis
1394 615 1468 647 dicti
1495 615 1624 648 Ordinis
1655 615 1776 658 praeci·

1030 666 1125 710 pitur,
1146 678 1185 700 ne
1202 668 1426 710 ingrediantur
1441 669 1637 701 monasteria
1653 669 1776 701 monia-

1032 720 1121 760 lium,
1146 725 1276 764 praeter
1301 722 1384 761 illos,
1413 722 1530 765 quibus
1552 733 1569 754 a
1593 721 1675 754 Sede
1695 722 1777 764 Apo·

1031 775 1147 808 stolica
1190 775 1340 819 specialis
1382 776 1420 808 ad
1462 775 1492 808 id
1534 786 1688 809 concessa
1730 780 1778 807 est

1032 828 1187 861 facultas:
1213 829 1307 862 nobis
1333 829 1603 872 proptereaidem
1619 828 1778 861 Cherubi-

1032 893 1092 915 nus
1128 893 1194 926 quo
1231 894 1328 927 supra
1354 883 1486 916 nomine
1513 882 1681 915 humiliter
1706 892 1778 925 sup-

1032 936 1144 978 plicari
1164 936 1255 976 fecit,
1276 942 1436 980 quatenus
1460 936 1490 968 in
1509 934 1697 979 praemissis
1720 945 1777 978 op-

1033 996 1172 1033 portune
1199 990 1373 1033 providere
1396 995 1427 1023 ct
1451 995 1484 1022 ut
1505 989 1587 1022 infra
1606 989 1778 1031 indulgere

1033 1043 1070 1076 de
1088 1043 1290 1085 benignitate
1308 1043 1489 1086 apostoliea
1513 1042 1734 1085 dignaremur.

1076 1098 1090 1141 g
1116 1097 1145 1130 ἱ).
1166 1097 1230 1130 Nos
1256 1097 1354 1140 igitur
1374 1096 1605 1135 Clierubinuin,
1625 1096 1773 1139 aliosque
1790 1136 1793 1138 Ι
1813 1107 1972 1156 9¹2²01b⁰¹¹¹ss⁰⁰

1789 1142 1814 1156 in*
1827 1142 1837 1156 u
1850 1142 1873 1161 ge
1886 1142 1918 1155 ur.

1033 1151 1150 1183 fratres
1175 1151 1372 1194 praedictos,
1400 1149 1597 1193 specialibus
1616 1148 1776 1182 favoribus

1032 1209 1063 1236 et
1087 1203 1200 1246 gratiis
1226 1203 1378 1246 prosequi
1404 1204 1574 1243 volentes,
1601 1209 1632 1235 et
1664 1212 1775 1235 eorum

1031 1258 1215 1300 singulares
1240 1268 1399 1301 personas
1426 1268 1442 1290 a
1464 1257 1632 1300 quibusvis
1652 1267 1779 1289 excom-

1030 1311 1280 1351 municationis,
1301 1310 1526 1354 suspensionis
1547 1316 1579 1343 et
1596 1310 1775 1349 interdicti,

1030 1366 1167 1410 aliisque
1200 1365 1429 1399 ecclesiasticis
1470 1364 1668 1405 sententiis,
1705 1375 1780 1397 cen-

1028 1420 1111 1453 suris
1141 1426 1174 1452 et
1199 1419 1324 1462 poenis,
1348 1430 1366 1452 a
1390 1419 1460 1451 iure
1486 1420 1535 1452 vel
1560 1419 1600 1451 ab
1628 1418 1778 1454 liomiue.

1029 1473 1139 1516 quavis
1177 1473 1350 1506 occasione
1385 1473 1436 1505 vel
1476 1469 1570 1505 causti
1607 1471 1679 1504 latis
1704 1498 1712 1512 ‚
1752 1481 1779 1517 si

1028 1527 1146 1570 quibus
1164 1526 1413 1570 quomodolibet
1429 1526 1604 1558 innodatae
1620 1524 1778 1572 existunt,

1028 1581 1067 1613 ad
1093 1580 1243 1614 effectum
1269 1579 1493 1624 praesentium
1516 1579 1682 1612 dumtaxat
1699 1588 1778 1611 con-

1028 1633 1240 1677 sequendum,
1263 1633 1379 1666 barum
1406 1632 1489 1666 serie
1508 1632 1716 1665 absolventes
1747 1636 1779 1664 et

1029 1687 1192 1720 absolutas
1208 1687 1278 1720 sore
1294 1692 1475 1727 censentes,
1497 1685 1686 1718 huiusmodi
1704 1695 1778 1728 sup·

1029 1741 1260 1784 plicationibus
1293 1740 1467 1780 inclinati,
1504 1739 1658 1772 fratribus
1699 1738 1776 1771 dieti

1029 1795 1157 1828 Ordinis
1182 1795 1341 1828 Minorum
1359 1794 1461 1827 sancti
1477 1793 1638 1826 Franci-<ci
1657 1793 1777 1837 Capac-

1030 1849 1176 1882 cinorum
1203 1849 1233 1881 in
1260 1859 1362 1891 regno
1381 1848 1556 1881 Galliarum
1572 1857 1778 1880 commoran-

1032 1904 1130 1943 tibus,
1159 1903 1198 1936 ad
1223 1901 1402 1935 audiendas
1429 1901 1656 1935 consessiones
1683 1911 1777 1944 prae-

1032 1956 1110 1989 fatas
1131 1956 1257 1989 idoneis
1283 1966 1318 1988 ac
1343 1955 1489 1998 legitime
1514 1955 1715 1998 approbatis,
1741 1959 1778 1986 ut

1032 2009 1100 2053 ipsi,
1117 2009 1385 2053 quotiescumque
1403 2019 1420 2041 a
1435 2008 1580 2041 locorum
1595 2007 1775 2041 Ordinariis

1031 2074 1089 2106 pro
1115 2062 1316 2107 excipiendis
1342 2062 1632 2095 sacramentalibus
1649 2061 1776 2094 conses-

1031 2117 1175 2150 sionibus
1201 2116 1391 2150 monialium
1423 2116 1628 2159 aliarumque
1666 2125 1776 2159 perso·

1032 2181 1143 2203 narum
1169 2169 1407 2213 aegrotantium
1444 2169 1531 2203 intra
1555 2170 1693 2203 claustra
1723 2168 1777 2202 de-

1031 2225 1177 2268 gentium
1205 2230 1327 2257 tantum
1352 2224 1500 2267 requisiti
1527 2224 1659 2264 suerint,
1676 2223 1715 2256 de
1728 2233 1778 2255 su-

1031 2279 1195 2323 periorum
1223 2288 1354 2311 suorum
1380 2277 1511 2310 licentia
1532 2278 1670 2310 claustra
1694 2278 1775 2311 eius·

1031 2333 1118 2365 modi
1144 2332 1292 2373 ingredi,
1318 2332 1512 2374 illarumque
1547 2331 1774 2365 consessiones

1031 2387 1155 2427 audire,
1175 2386 1313 2429 illasque
1339 2385 1379 2418 ab
1406 2396 1518 2418 earum
1537 2385 1679 2428 peccatis
1698 2396 1775 2429 poe-

1031 2440 1168 2474 nitentia
1192 2439 1321 2473 salutari
1357 2444 1389 2472 et
1425 2438 1518 2480 aliis,
1556 2449 1637 2482 quac
1674 2439 1776 2471 iniun-

1031 2495 1136 2538 genda
1164 2495 1302 2534 suerint,
1330 2494 1376 2527 eis
1402 2493 1579 2537 respective
1605 2493 1774 2534 iniunctis,

1031 2549 1199 2582 absolvere
1225 2549 1327 2581 libere
1354 2553 1385 2581 et
1410 2547 1495 2581 licite
1522 2547 1647 2591 possint
1672 2553 1703 2581 et
1728 2559 1776 2580 va-

1032 2604 1129 2643 leant,
1149 2602 1339 2636 auctoritate
1356 2601 1544 2646 apostolica,
1561 2607 1673 2635 tenore
1686 2612 1776 2645 prae-

1032 2657 1193 2699 sentium,
1220 2655 1425 2692 concedimus
1453 2660 1484 2690 et
1508 2655 1727 2699 indulgemus.

1665 235 1729 271 539
1776 246 1827 274 An.
1848 245 1876 273 c.
1901 246 1967 276 ¹733
