2182 3137
26 213 76 240 An.
96 212 129 239 (λ’
146 210 217 238 1730

49 2171 136 2202 Exeutio
146 2179 209 2200 prae-

27 2201 118 2220 sentium
153 2206 210 2222 coni.

26 2224 121 2248 mittitur.

837 211 978 234 CLEMENS

217 259 324 297 fectu,
349 259 446 292 etiam
485 269 523 291 ex
556 269 595 291 eo
627 258 715 301 quod
749 258 788 290 ad
815 258 846 290 id
882 258 964 290 inte-

218 321 306 344 resse
321 312 482 344 babentes
496 322 553 344 seu
568 311 693 344 habere
707 311 963 354 praetendentes

216 365 333 405 vocati,
353 370 383 397 et
403 375 537 404 causae,
557 369 695 407 propter
720 374 799 406 quas
827 364 960 396 eaedem

217 422 408 460 praesentes
435 417 579 460 desuper
604 416 838 455 emanaverint,
856 415 963 449 verili-

218 476 308 503 catae
326 481 392 503 non
412 470 542 509 suerint,
562 470 681 509 notari,
702 469 735 501 in
753 469 801 501 ius
820 471 868 502 vel
886 480 962 502 con-

219 523 408 555 troversiam
427 533 483 555 seu
505 519 582 555 alias
601 522 747 555 revocari
764 532 830 554 non
849 532 962 564 posse,

217 586 278 608 nec
302 585 362 618 per
384 575 630 618 subreptionem
655 576 704 607 vel
730 574 961 617 obreptionem

218 634 274 660 aut
307 627 500 661 intentionis
527 633 661 660 nostrae
694 627 881 660 huiusmodi
908 627 962 660 de-

217 680 335 714 sectum
358 681 507 713 obtentas
524 680 702 724 praesumi,
722 686 754 713 et
772 681 812 713 ob
834 680 866 713 id
888 680 962 712 viri-

218 733 278 766 bus
299 744 413 766 carere
428 762 435 775 ,
461 734 635 777 minusque
652 735 712 767 sub
731 733 899 777 quibusvis
924 733 963 766 si-

217 786 343 819 milium
358 788 407 820 vel
422 787 626 820 dissimilium
642 787 820 830 gratiarum
836 798 962 820 revoca-

218 839 372 879 tionibus,
394 841 679 884 suspensionibus,
700 840 961 880 limitationibus,

218 898 250 926 et
270 893 342 926 aliis
360 894 533 926 contrariis
556 894 841 937 dispositionibus,
861 904 962 937 quan-

218 946 335 978 tumvis
359 947 568 988 generalibus
602 957 637 978 ac
667 946 852 979 fortissimis
877 948 962 979 clau-

218 998 298 1030 sulis
323 1005 354 1031 et
380 999 521 1032 decretis
546 1000 751 1032 irritantibus
777 1000 960 1040 roboratis,

218 1052 474 1094 comprehendi,
494 1053 550 1085 sed
576 1064 706 1096 semper
724 1053 763 1086 ab
781 1054 847 1086 illis
874 1064 963 1086 exce-

218 1110 300 1148 ptas,
321 1111 364 1145 et,
385 1106 512 1149 quoties
539 1107 614 1139 illae
634 1107 845 1146 emanabunt,
865 1107 962 1140 toties

218 1158 252 1190 in
269 1158 452 1201 pristinum,
473 1164 505 1191 et
527 1170 611 1199 eum,
633 1159 666 1192 in
692 1171 755 1203 quo
775 1166 869 1193 antea
887 1171 964 1203 quo-

218 1211 401 1244 modolibet
419 1217 521 1252 erant,
541 1217 671 1251 statum,
689 1213 787 1245 etiam
812 1213 869 1246 sub
891 1214 964 1245 data

217 1274 279 1307 per
303 1264 457 1298 Ioannem
493 1266 669 1298 Antonium
706 1266 899 1309 episcopum
933 1272 964 1299 et

219 1328 422 1351 successores
448 1329 524 1351 suos
543 1319 694 1351 Aretinos
712 1319 886 1362 episcopos
904 1330 963 1362 pro

219 1375 369 1414 tempore
396 1371 573 1405 existentes
599 1373 762 1415 praefatos
790 1373 960 1414 eligenda,

218 1424 367 1467 plenarie
394 1425 559 1458 restitutas
586 1436 676 1466 esse,
705 1426 813 1469 sicque
841 1431 873 1458 et
898 1437 963 1459 non

219 1477 298 1510 alias
316 1488 374 1520 per
391 1489 616 1522 quoscumque
638 1479 760 1511 iudices
778 1479 963 1512 ordinarios

220 1535 251 1563 et
269 1530 448 1573 delegatos,
469 1532 581 1574 quavis
606 1533 800 1565 auctoritate
826 1533 964 1574 fungen-

218 1589 268 1616 tes
286 1613 293 1623 ,
324 1584 421 1616 etiam
446 1595 617 1617 causarum
653 1585 763 1627 palatii
790 1585 963 1628 apostolici

219 1637 404 1677 auditores,
432 1649 469 1670 ac
495 1639 659 1680 praefatae
685 1639 716 1671 S.
738 1639 775 1671 R.
796 1639 830 1671 E.
859 1639 964 1671 cardi-

218 1691 321 1730 nales,
341 1691 437 1723 etiam
465 1692 503 1724 de
528 1692 628 1724 latere
652 1693 786 1734 legatos,
804 1693 964 1734 vicelega-

218 1749 282 1783 tos‚
301 1744 471 1787 dictaeque
490 1744 581 1778 Sedis
603 1746 747 1784 nuncios,
770 1747 898 1778 sublata
918 1746 963 1778 eis

219 1801 252 1829 et
269 1807 381 1829 eorum
400 1798 535 1830 cuilibet
559 1798 669 1841 quavis
687 1799 781 1831 aliter
798 1798 962 1831 iudicandi

220 1856 252 1882 et
276 1850 514 1893 interpretandi
552 1862 588 1884 ac
624 1851 801 1884 definiendi
834 1852 962 1890 forma,

219 1902 355 1935 iudicari
376 1909 408 1936 ct
425 1903 553 1936 deliniri
571 1905 712 1943 debete,
733 1905 858 1937 irritum
882 1915 962 1947 quo-

221 1966 286 1999 que
311 1962 342 1989 et
367 1957 461 1989 inane
492 1957 516 1988 si
543 1968 637 1990 secus
663 1968 759 2000 super
785 1957 836 1989 liis
853 1968 868 1989 a
887 1968 963 2000 quo-

221 2020 337 2052 quam,
365 2010 476 2053 quavis
509 2010 720 2049 auctoritate,
747 2010 888 2043 scienter
912 2012 962 2044 vel

221 2063 432 2105 ignoranter,
459 2063 633 2106 contigerit
669 2064 844 2103 attentari,
872 2069 961 2097 motu

220 2116 317 2148 simili
343 2116 547 2149 decernimus
573 2122 604 2149 et
629 2116 842 2149 declaramus.

264 2170 279 2212 g
304 2169 335 2201 5.
362 2169 520 2207 Quocirca
546 2169 674 2202 dilectis
701 2169 774 2202 liliis
803 2175 913 2202 nostro
932 2175 963 2202 et

223 2222 315 2256 Sedis
351 2223 559 2265 Apostolicae
600 2223 720 2256 nuncio
762 2223 794 2255 iu
833 2223 964 2255 Etruria

220 2276 434 2309 commoranti
467 2287 503 2308 ac
521 2286 693 2309 causarum
718 2276 827 2309 curiae
852 2276 964 2310 Came-

221 2340 276 2362 rae
302 2329 510 2372 Apostolicae
535 2329 677 2361 auditori
696 2330 852 2372 generali,
872 2336 962 2363 motu

220 2381 301 2425 pari,
321 2392 379 2424 per
400 2381 581 2423 apostolica
605 2381 725 2425 scripta
750 2383 959 2424 mandamus,

222 2439 380 2477 quatenus
405 2434 478 2476 ipsi,
508 2440 561 2466 aut
578 2433 662 2467 imus
680 2446 810 2475 eorum,
832 2447 891 2479 per
916 2447 961 2475 se,

221 2488 271 2520 vel
297 2487 406 2527 alium,
427 2498 484 2520 seu
506 2487 596 2526 alios,
617 2489 745 2521 easdem
763 2496 962 2532 praesentes,

1006 212 1049 234 xu
1076 213 1124 234 pp.

1006 259 1134 292 Ioannis
1163 246 1297 294 Antonii
1333 263 1477 306 episcopi
1514 265 1650 308 praefati
1687 275 1748 298 seu

1007 322 1232 346 successorum
1257 326 1387 348 suorum
1412 318 1644 362 episcoporum
1669 321 1748 352 Are-

1007 364 1150 397 tinorum
1184 377 1242 408 pro
1270 373 1418 410 tempore
1451 370 1660 404 existentium
1688 373 1748 405 liu-

1006 416 1147 449 iusmodi
1167 418 1287 451 suerint
1304 421 1462 463 requisiti,
1485 424 1675 458 solemniter
1692 437 1749 468 pu-

1006 469 1177 509 blicantes,
1195 471 1322 514 sibique
1343 473 1375 505 in
1400 477 1585 517 praemissis
1606 478 1747 512 efficacis

1006 522 1206 556 delensionis
1223 525 1388 566 praesidio
1413 529 1611 569 assistenteS,
1629 531 1749 564 saciant

1006 576 1137 608 easdem
1164 583 1375 618 praesentes,
1400 585 1431 612 et
1457 581 1488 613 in
1515 582 1561 614 eis
1594 589 1749 618 contenta

1006 639 1243 672 quaecumque,
1265 631 1440 673 omnibus,
1466 645 1547 677 quos
1572 636 1646 669 illae
1673 648 1750 670 con-

1006 684 1426 723 cernunt,inviolabiliter
1463 688 1646 729 observari3
1681 701 1748 723 non

1006 735 1236 777 permittentes
1257 747 1313 770 eos
1332 739 1381 771 vel
1403 749 1517 772 eorum
1535 741 1678 784 aliquem
1697 754 1750 775 su-

1006 798 1064 830 per
1089 799 1151 820 usu
1170 789 1259 831 pallii
1285 796 1316 822 et
1340 792 1444 824 crucis
1468 795 1672 836 praelatione
1694 796 1751 828 hu-

1006 840 1146 874 iusmodi
1184 843 1433 885 quomodolibet
1457 847 1646 887 molestari;
1674 859 1750 881 con-

1007 894 1203 928 tradictores
1246 897 1412 939 quoslibet
1449 905 1479 931 et
1515 901 1657 934 rebelles
1693 914 1752 946 per

1007 949 1196 989 sententias,
1219 960 1373 983 censuras
1398 957 1430 984 et
1455 963 1576 995 poenas
1595 956 1751 988 ecclesia-

1006 1000 1122 1039 sucas,
1149 1002 1275 1045 aliaque
1300 1010 1488 1047 opportuna
1512 1006 1591 1040 iuris
1619 1013 1649 1041 ct
1675 1009 1750 1042 facti

1006 1056 1172 1095 remedia,
1198 1057 1419 1099 appellatione
1445 1061 1638 1103 postposita,
1664 1074 1751 1096 com-

1007 1109 1186 1149 pescendo;
1205 1110 1427 1155 legitimisque
1446 1123 1544 1156 super
1561 1115 1599 1147 iis
1621 1116 1749 1149 haben-

1007 1160 1056 1192 dis
1076 1161 1212 1194 servatis
1228 1165 1450 1206 processibus,
1469 1168 1656 1206 sententias
1676 1180 1752 1202 cen-

1007 1224 1096 1246 suras
1114 1220 1145 1246 et
1162 1225 1282 1258 poenas
1300 1217 1386 1259 ipsas
1404 1220 1500 1252 etiam
1526 1221 1652 1255 iteratis
1671 1223 1750 1256 vici-

1007 1266 1065 1298 bus
1091 1269 1307 1310 aggravando,
1326 1270 1475 1305 invocato
1494 1273 1600 1314 etiam,
1623 1277 1648 1309 si
1667 1287 1749 1318 opus

1008 1320 1112 1359 suerit,
1134 1322 1171 1354 ad
1191 1322 1254 1355 hoc
1271 1324 1391 1357 auxilio
1412 1326 1540 1359 brachii
1559 1329 1746 1362 saecularis.

1051 1373 1107 1415 56.
1123 1374 1193 1407 Non
1208 1375 1413 1410 obstantibus
1432 1379 1534 1412 felicis
1553 1382 1750 1415 reeordatio-

1007 1426 1057 1458 nis
1072 1427 1229 1460 Bonifacii
1249 1429 1352 1472 Papae
1368 1431 1429 1463 vlll
1448 1432 1599 1466 similiter
1612 1435 1750 1477 praede-

1007 1481 1148 1513 cessoris
1162 1482 1264 1513 nostri
1279 1483 1318 1515 de
1332 1486 1403 1523 una,
1421 1490 1451 1517 et
1469 1486 1597 1519 concilii
1617 1498 1750 1529 genera-

1007 1532 1045 1564 lis
1064 1532 1103 1565 de
1120 1533 1245 1566 duabus
1263 1535 1370 1575 dictis,
1389 1537 1566 1572 dummodo
1581 1540 1663 1572 ultra
1682 1547 1747 1574 tres

1007 1586 1111 1618 dietas
1138 1588 1208 1629 quis
1242 1588 1351 1630 vigore
1384 1592 1605 1632 praesentium
1638 1594 1677 1626 ad
1703 1595 1749 1627 iu-

1008 1638 1126 1672 dicium
1152 1650 1216 1673 non
1244 1642 1411 1682 trahatur,
1438 1654 1473 1675 ac
1498 1644 1568 1677 aliis
1593 1646 1751 1680 constitu-

1007 1691 1149 1724 tionibus
1168 1697 1198 1724 et
1216 1694 1477 1728 ordinationibus
1494 1698 1682 1740 apostolicis
1701 1705 1748 1740 et,

1006 1751 1166 1788 quatenus
1203 1757 1286 1789 opus
1318 1748 1378 1788 sit,
1408 1752 1522 1782 nostra
1557 1756 1589 1783 et
1617 1751 1750 1786 Cancel—

1006 1799 1107 1832 lariac
1133 1800 1339 1842 Apostolicac
1374 1804 1485 1845 regula
1518 1804 1556 1836 (le
1588 1816 1655 1837 nou
1682 1808 1748 1839 tol-

1006 1853 1105 1885 lendo
1131 1853 1201 1886 iure
1233 1855 1399 1897 quaesito,
1425 1867 1462 1889 ac
1488 1857 1652 1900 quibusvis
1677 1860 1749 1893 aliis

1006 1907 1203 1948 apostolicis,
1224 1917 1352 1939 necnon
1379 1909 1410 1940 in
1437 1911 1691 1951 provincialibus
1718 1918 1750 1945 et

1006 1959 1218 2001 synodalibus
1245 1961 1391 1993 conciliis
1418 1963 1512 1995 editis
1530 1965 1579 1996 vel
1598 1965 1747 2006 edendis,

1006 2012 1200 2053 specialibus
1227 2014 1275 2046 vel
1301 2015 1520 2056 generalibus,
1546 2018 1749 2052 constitutio-

1006 2065 1103 2098 nibus
1136 2071 1168 2097 et
1198 2067 1487 2109 ordinationibus,
1513 2080 1548 2102 ac
1584 2072 1748 2113 quibusvis

1007 2129 1288 2162 quarumcumque
1321 2121 1578 2163 primatialium‚
1612 2125 1749 2166 patriar-

1006 2171 1157 2212 chalium,
1177 2173 1503 2217 archicpIscopalium
1526 2182 1557 2208 et
1581 2177 1747 2221 episcopa-

1006 2225 1086 2257 lium
1103 2252 1110 2265 ,
1137 2225 1263 2258 indulto
1291 2231 1322 2258 et
1347 2229 1559 2261 concessione
1586 2230 1747 2263 similibus

1006 2278 1189 2321 respective
1214 2277 1427 2319 sull'ullarum,
1458 2280 1554 2313 etiam
1583 2282 1748 2314 iuramen-

1008 2337 1059 2370 to,
1083 2330 1332 2364 confirmatione
1358 2333 1548 2374 apostolica,
1566 2334 1614 2366 vcl
1637 2335 1747 2376 quavis

1006 2383 1158 2416 firmitate
1183 2385 1246 2416 alia
1271 2384 1450 2424 roboratis,
1468 2386 1597 2417 statutis
1618 2391 1649 2419 et
1674 2398 1748 2420 con-

1006 2437 1251 2476 suetudinibus,
1278 2436 1456 2479 privilegiis
1483 2448 1627 2480 quoque,
1646 2438 1749 2472 indul-

1007 2489 1046 2521 tis
1063 2495 1095 2522 ct
1112 2490 1229 2522 litteris
1247 2489 1447 2532 apostolicis,
1464 2491 1524 2522 sub
1542 2491 1748 2533 quibuscum-

221 2547 253 2573 et
277 2541 310 2572 in
336 2539 382 2573 eis
408 2545 563 2573 contenta
587 2552 826 2585 quaecumque,
851 2544 906 2576 ubi
932 2549 964 2575 et
1006 2553 1068 2585 que
1094 2542 1264 2574 tenoribus
1301 2547 1333 2574 et
1357 2543 1493 2583 formis,
1519 2554 1555 2576 ac
1579 2555 1651 2577 cum
1677 2546 1748 2588 qui-

221 2593 354 2637 quando
372 2604 453 2637 opus
471 2594 578 2634 suerit,
596 2604 631 2627 ac
650 2595 778 2638 quoties
795 2606 853 2639 pro
869 2602 962 2639 parte
1006 2596 1114 2628 busvis
1139 2595 1234 2628 etiarn
1264 2595 1547 2638 derogatoriarum
1577 2597 1749 2641 derogato-

1647 207 1712 241 143
1758 219 1810 245 An.
1830 218 1859 246 C.
1876 217 1947 246 ¹730

1787 1389 1946 1411 Contrariorum

1760 1415 1880 1442 derogatio.
