2182 3137
151 264 186 288 Αη
221 262 247 288 C.
269 261 333 289 ¹732

380 253 444 287 4028

344 319 427 344 runt.
465 312 583 344 Eadem
621 317 726 344 tamen
753 311 955 355 particularis
981 311 1083 343 cardi-

343 365 465 398 nalium
490 365 705 408 Congregatio
732 365 783 398 die
810 375 880 398 xxvi
906 364 985 397 iunii
1006 364 1081 397 dicti

344 418 417 450 anni
444 428 577 451 tincevu
605 418 776 461 respondit
799 417 837 450 Iu
856 417 970 450 decisis
990 417 1083 449 insvla

343 471 488 504 modum.
517 471 628 504 Modus
655 477 760 504 autem
787 471 846 502 suit
868 476 903 502 ut
931 471 1083 514 bipartita

344 525 440 558 etiam
467 525 571 568 quoad
599 530 664 557 tres
691 524 924 568 [unesidentias
943 534 1083 557 serrare-

345 584 412 618 tur;
450 578 600 621 quodque
628 578 658 610 in
687 578 789 610 tribus
815 577 971 621 proximis
996 577 1082 620 capi-

345 632 419 664 tulis
437 658 444 671 ,
471 642 507 664 ex
534 631 590 664 illa
615 631 791 664 medietate
829 631 868 664 ad
905 631 1081 663 monaclios

344 684 485 717 nationis
524 684 562 716 de
598 684 732 717 Puer-tos
769 695 789 716 α
814 684 850 716 cd
875 689 1082 727 nuncupatos

343 743 518 780 spectante,
545 737 713 770 monachis
735 737 934 780 Campesinis
956 736 1083 769 conser-

343 796 457 823 renttu·
482 797 606 834 septem
633 790 793 828 abbatiae,
819 801 855 823 ex
878 790 994 834 quilius
1012 801 1084 833 qua-

344 850 419 876 tuor
445 850 555 877 essent
579 844 747 883 matrices;
784 844 944 877 Callaecis
975 849 1081 876 autem

343 908 406 936 sex,
434 907 470 929 ex
497 897 614 940 quibus
643 903 707 930 tres
734 897 855 940 pariter
880 902 987 929 essent
1018 907 1084 928 nia-

345 951 452 990 trices;
480 955 511 982 et
537 949 672 982 ulterius
699 950 785 982 inter
816 950 903 992 ipsos
938 949 1085 992 quolibet

344 1003 486 1035 triennio
511 1014 574 1035 una
600 1003 818 1046 praesidentia
845 1004 1082 1042 alternaretur;

343 1054 514 1098 quodque'
533 1055 639 1088 officia
664 1055 866 1099 capitularia,
888 1066 1013 1088 necnon
1032 1066 1085 1088 vo-

343 1119 396 1141 ees
415 1108 608 1152 capitulares
628 1114 703 1148 tres,
725 1120 761 1141 ex
783 1114 920 1152 quatuor
938 1108 1084 1152 partibus

344 1162 445 1194 dictae
466 1161 656 1202 medietatis,
671 1163 898 1195 conferrentur
913 1162 1006 1194 dictis
1021 1172 1084 1194 mo-

343 1215 456 1248 nacliis
481 1214 641 1248 Callaecis
679 1221 710 1248 et
743 1215 970 1258 Campesinis,
1002 1215 1082 1248 sacta

343 1269 427 1301 inter
453 1278 507 1302 eos
534 1268 659 1312 aequali
687 1269 927 1308 distributione,
955 1273 986 1301 ct
1011 1269 1082 1301 data

344 1322 437 1354 dictis
463 1322 630 1355 monachis
656 1322 855 1366 Campesiuis
882 1322 1083 1365 praelatione

344 1375 374 1407 iu
413 1386 486 1408 casu
520 1375 649 1408 numeri
687 1375 870 1418 inequalis;
905 1377 943 1407 ea
977 1380 1081 1408 tamen

343 1429 469 1461 adiecta
491 1429 563 1471 lege
582 1434 613 1462 ct
634 1429 666 1461 in
685 1429 833 1472 quolibet
858 1429 1001 1472 capitulo
1021 1434 1082 1461 tam

344 1481 517 1522 abbatiae,
545 1493 640 1525 quam
667 1482 773 1515 officia
811 1482 995 1515 huiusmodi
1032 1493 1083 1515 va-

345 1535 528 1576 riarentur;
555 1536 699 1579 reliquae
718 1546 793 1569 vero
812 1535 971 1576 abbatiae,
995 1546 1084 1579 prae-

345 1588 523 1628 sidentiae,
551 1589 656 1622 officia
693 1589 885 1633 capitularia
921 1595 954 1622 et
988 1600 1084 1622 voces

344 1641 540 1685 capitulares
566 1642 653 1675 inter
678 1642 856 1675 monachos
882 1642 1082 1686 reliquarum

345 1694 492 1728 omnium
530 1695 700 1728 nationum
740 1695 779 1728 de
817 1695 954 1728 Puertos
994 1706 1013 1728 α
1048 1695 1083 1728 cd

344 1754 548 1791 nuncupatos
575 1748 866 1789 distribuerentur,
902 1749 944 1781 ita
978 1754 1081 1782 tamen

343 1806 404 1842 ut,
442 1801 549 1844 quoad
591 1801 761 1842 abbatias,
799 1801 952 1835 monachi
989 1802 1085 1834 Astu-

344 1854 439 1895 riani‚
468 1854 601 1888 Rioxani
628 1860 660 1888 et
683 1855 912 1888 Montanenses
937 1865 989 1889 sex
1016 1860 1085 1888 tan-

345 1913 409 1940 tum
443 1907 620 1948 haberent;
658 1908 799 1941 officium
836 1919 914 1941 vero
951 1919 1085 1951 genera-

344 1962 427 1994 latus
454 1960 486 1993 in
514 1961 660 1994 secundo
685 1961 834 2004 proximo
852 1962 992 2005 capitulo
1017 1972 1086 1994 mo-

344 2015 450 2048 naclio
483 2013 633 2048 Gallaeco
660 2015 708 2047 vel
742 2014 935 2059 Campesino
961 2015 1085 2048 conser-

344 2074 446 2102 retur.
473 2068 585 2108 Porro,
612 2079 684 2101 cum
707 2068 787 2101 baec
812 2069 980 2108 resolutio,
1003 2079 1085 2112 quae

345 2122 528 2165 aliqualiter
552 2121 730 2155 laesionem
757 2127 930 2166 temperat,
961 2122 1084 2156 eisdem

345 2175 515 2208 monachis
537 2174 740 2219 Campesinis
766 2181 798 2208 et
822 2175 981 2208 Gallaecis
1015 2186 1088 2219 gra—

344 2239 457 2262 vamen
483 2228 616 2261 minime
644 2228 736 2261 tollat
760 2239 819 2261 nec
845 2229 988 2268 auferat,
1021 2228 1085 2261 imo

345 2282 453 2325 potius
477 2281 740 2326 praedominium
767 2281 915 2314 factionis
933 2282 1086 2315 adversae

345 2335 537 2376 confirmet,
573 2335 671 2368 iidem
701 2335 821 2368 Paulus
852 2341 883 2368 et
914 2335 1086 2379 Dionysius

344 2395 587 2433 procuratores,
624 2388 869 2422 contradicente
910 2389 1086 2422 exadverso

345 2443 460 2475 eodem
497 2442 616 2475 Ioanne
652 2442 871 2486 praefatorum
908 2442 1087 2475 monacho-

345 2507 416 2529 rum
441 2497 714 2536 Castellaenovae,
740 2496 910 2539 llivogiae,
941 2496 1086 2529 Asturiae

346 2555 379 2583 et
413 2550 656 2584 Montanearum
692 2556 937 2594 procuratore,
978 2550 1085 2583 denuo

382 2623 392 2648 1
416 2622 540 2650 Pessime
555 2621 620 2650 edit.
637 2621 717 2650 Mein.
734 2621 799 2658 legit
818 2622 922 2657 quibus
937 2629 984 2658 pro
1000 2621 1087 2657 quod-

345 2674 399 2700 que
417 2669 457 2700 (a.
475 2668 523 2701 τ.).

923 261 1105 286 numanum
1131 261 1287 286 nonaum!

1126 311 1359 344 reclamarunt.
1394 310 1509 349 Unde,
1546 309 1713 353 proposita
1749 309 1865 343 iterum

1125 366 1219 396 causa
1235 364 1265 396 in
1286 363 1399 396 eadem
1417 363 1581 405 signatura
1604 363 1728 405 gratiae
1746 362 1797 395 die
1815 373 1866 396 xtv

1126 417 1198 449 maii
1217 426 1336 450 unccix
1362 427 1468 449 coram
1488 415 1582 448 nobis
1602 415 1714 449 itidem
1741 416 1863 455 habita,

1126 476 1266 513 ponente
1300 471 1419 502 dilecto
1455 469 1578 512 pariter
1611 469 1677 502 lilio
1710 469 1867 512 magistro

1127 524 1283 556 Annibale
1311 523 1434 555 Albano
1467 522 1498 554 iu
1532 524 1670 565 utraque
1699 522 1867 565 signatura

1125 579 1236 609 nostra
1271 576 1517 616 referendario,
1549 581 1661 609 nostro
1687 577 1866 610 secundum

1126 641 1255 663 caruem
1282 640 1317 662 ex
1345 630 1442 662 l'ratre
1465 640 1620 672 germano
1640 634 1774 673 nepote,
1795 640 1869 673 por-

1127 689 1212 716 recta
1238 683 1294 715 suit
1319 682 1506 715 commissio
1528 693 1586 725 pro
1613 683 1803 716 avocatione
1828 682 1867 715 ad

1127 748 1185 770 nos
1209 737 1312 769 dietae
1334 747 1449 769 causae
1468 747 1484 768 a
1503 736 1587 768 dicta
1604 736 1867 779 Congregatione

1127 789 1313 833 particulari
1340 789 1566 822 cardinalium.
1599 789 1765 833 Factaque
1790 800 1869 832 pro-

1127 849 1238 886 pterea
1264 849 1326 876 tam
1354 853 1453 886 super
1478 843 1601 875 meritis
1626 853 1751 882 causae,
1771 853 1868 886 quam

1127 907 1226 940 super
1245 897 1358 930 ultimo
1377 896 1550 939 posteriori
1573 897 1703 930 decreto
1721 896 1867 929 eiusdem

1127 950 1395 992 Congregationis
1421 949 1624 993 particularis
1654 948 1868 983 cardinalium

1128 1003 1216 1035 edito
1243 1005 1369 1035 matura
1394 1003 1675 1042 consideratione,
1702 1003 1867 1036 decretum

1127 1056 1323 1094 huiusmodi,
1340 1055 1455 1088 ultimo
1474 1056 1545 1088 loco
1565 1061 1760 1096 emanatum,
1778 1067 1870 1099 prae-

1129 1109 1199 1141 fatis
1226 1109 1395 1142 monacbis
1421 1108 1580 1142 Gallaecis
1612 1114 1644 1142 et
1668 1109 1868 1152 Campesinis

1128 1162 1296 1201 laesivum,
1325 1168 1357 1194 et
1382 1161 1422 1194 ad
1447 1162 1608 1195 sedandas
1633 1162 1789 1195 sactiones
1814 1173 1870 1206 pa-

1127 1226 1260 1259 cemque
1279 1215 1310 1247 in
1332 1225 1441 1248 eorum
1460 1216 1621 1258 religione
1640 1215 1869 1249 stabiliendam

1128 1268 1327 1301 insufficiens
1354 1267 1530 1300 iudicatum
1557 1268 1639 1308 suit;
1667 1279 1703 1301 ac
1729 1268 1869 1312 proinde

1127 1320 1288 1354 emanavit
1301 1321 1339 1353 ab
1355 1321 1466 1354 eadem
1483 1321 1651 1364 signatura
1676 1321 1868 1365 rescriptum

1128 1385 1187 1417 pro
1214 1374 1404 1407 avocatione
1431 1374 1575 1407 eiusdem
1602 1385 1719 1408 causae
1738 1375 1776 1407 ad
1799 1385 1869 1416 nos,

1128 1433 1159 1461 et
1192 1428 1279 1471 quod
1313 1428 1445 1459 daretur
1479 1428 1638 1461 resolutio
1664 1428 1695 1460 in
1722 1427 1867 1461 Camerti.

1174 1481 1253 1513 [line
1268 1481 1417 1524 estquod
1433 1491 1504 1520 nos,
1520 1480 1748 1524 tranquillitati
1765 1481 1869 1514 dictae

1128 1533 1397 1576 Congregationis
1436 1534 1670 1566 monachorum
1707 1533 1738 1566 in
1775 1544 1871 1577 prae-

1129 1586 1243 1627 missis,
1263 1592 1419 1630 quantum
1438 1597 1508 1619 cum
1528 1586 1666 1620 Domino
1689 1597 1870 1630 possumus,

1128 1639 1269 1681 benigne
1295 1639 1467 1672 consulere
1492 1639 1675 1683 cupientes,
1693 1644 1781 1673 motu
1799 1650 1871 1683 pro-

1128 1692 1212 1736 prio,
1239 1697 1271 1725 et
1307 1702 1343 1724 ex
1382 1695 1469 1724 certa
1506 1692 1641 1725 scientia
1678 1698 1709 1725 et
1743 1695 1871 1725 matura

1128 1745 1365 1778 deliberatione
1391 1745 1525 1785 nostris,
1546 1745 1652 1789 deque
1670 1746 1870 1789 apostolicae

1127 1799 1299 1844 potestatis
1325 1799 1532 1842 plenitudine
1559 1799 1707 1832 eamdem
1740 1809 1869 1832 causam

1129 1864 1165 1886 ac
1195 1853 1269 1887 lites
1296 1859 1327 1886 et
1359 1853 1598 1886 controversias
1628 1863 1869 1897 quascumque,

1130 1907 1214 1940 inter
1239 1912 1346 1951 partes
1371 1907 1550 1940 antedictas
1570 1907 1820 1951 quomodolibet
1839 1912 1872 1940 et

1130 1960 1161 1994 in
1185 1971 1388 2004 quacumque
1414 1960 1588 2001 instantia,
1622 1966 1687 1994 tam
1713 1960 1745 1994 in
1778 1971 1870 1994 sacro

1130 2014 1240 2058 palatii
1266 2014 1437 2058 apostolici
1456 2014 1617 2047 auditorio
1637 2025 1734 2058 quam
1755 2014 1788 2048 in
1806 2014 1870 2048 alio

1130 2068 1244 2112 quovis
1269 2067 1423 2101 tribunali
1457 2073 1488 2101 et
1519 2078 1629 2101 coram
1662 2078 1870 2112 quocumque

1130 2121 1236 2155 iudice
1273 2122 1466 2165 pendentes,
1492 2133 1625 2165 quarum
1662 2122 1807 2155 omnium
1839 2127 1872 2155 et

1130 2173 1344 2218 singularum⁴
1358 2180 1474 2208 statum
1491 2182 1521 2208 et
1536 2175 1659 2215 merita,
1673 2175 1871 2219 nominaque

1130 2235 1161 2261 et
1186 2228 1391 2271 cognomina,
1414 2239 1449 2261 ac
1475 2229 1647 2271 qualitates
1674 2228 1813 2261 iudicum
1840 2233 1873 2261 et

1130 2281 1391 2324 ‹zollitigantiurn,
1403 2287 1435 2314 et
1448 2281 1510 2314 alia
1525 2291 1759 2325 quaecumque,
1774 2281 1870 2314 etiam

1130 2334 1317 2379 specificam
1343 2340 1375 2368 et
1399 2334 1596 2367 individuam
1622 2335 1822 2367 mentionem
1841 2340 1873 2367 et

1130 2388 1376 2432 expressionem
1402 2388 1616 2431 requirentia,
1643 2388 1873 2431 praesentibus

1130 2453 1189 2486 pro
1219 2443 1317 2485 plene
1355 2447 1387 2474 et
1422 2442 1621 2475 sufficienter
1650 2442 1811 2486 expressis
1841 2447 1874 2475 et

1130 2495 1333 2528 exactissime
1359 2495 1552 2538 specificans
1572 2496 1686 2529 liaberi
1707 2496 1870 2535 volumus,

1129 2550 1161 2581 in
1182 2554 1266 2582 statu
1292 2554 1324 2581 et
1349 2548 1494 2582 terminis
1519 2548 1551 2582 in
1578 2549 1695 2592 quibus
1715 2548 1753 2582 de
1780 2559 1873 2592 prae-

1165 2621 1176 2646 1
1199 2619 1270 2647 Edit.
1293 2620 1375 2647 Main.
1405 2619 1469 2656 legit
1496 2620 1676 2655 s'inqulorum
1698 2628 1746 2656 pro
1771 2619 1872 2655 sinqu-

1129 2666 1223 2694 larum
1242 2665 1282 2699 (a.
1300 2665 1348 2700 r).

1876 261 1923 286 An.
1946 260 2061 295 (1.,1732
