2182 3137
209 218 254 242 Au.
272 216 299 242 Γ..
325 217 388 241 ¹731·

399 274 532 306 euntque
554 262 687 294 assecuti
710 259 839 297 luerint,
858 259 915 290 sub
933 255 1121 290 huiusmodi

399 314 666 349 reservatiouilms
691 311 939 354 eoruprclieudi;
966 320 1001 341 ac
1027 318 1122 340 reser-

397 368 473 399 raxit
496 366 658 403 beneficia,
677 374 757 406 quae
784 372 840 405 per
857 360 1120 394 constitutionem

396 420 465 461 piae
491 417 661 450 memoriae
689 415 815 447 loannis
838 414 894 446 Pr.
923 412 1014 451 XXll,
1041 420 1121 454 quae

395 471 504 513 iueipit
530 468 750 507 Emeruhilis,
778 472 888 499 vacant
924 466 973 498 vel
1011 473 1121 496 vacare

395 522 604 564 vuangerium
632 531 724 563 quam
745 518 1007 552 constitutionem
1026 520 1056 548 et
1079 525 1122 547 re-

394 576 609 607 sta-rationem
635 572 790 605 Sanctitas
821 571 882 603 Sua
913 575 976 602 tam
1009 568 1047 600 ad
1072 568 1121 599 lie-

395 627 507 659 uetieia
533 626 672 661 obtenta,
691 634 783 667 quam
805 624 866 655 alia
891 630 1120 664 quaecumque,

395 679 576 721 dequibus
607 676 758 709 ordinarii
795 681 826 708 et
861 675 912 707 alii
949 674 1121 706 collatores

395 737 504 763 contra
526 729 657 762 Concilii
676 727 851 760 Tridentini
872 727 1002 759 decreta
1019 725 1122 767 dispo·

396 788 526 815 suerunt
551 788 580 815 et
602 782 773 824 disponent
794 781 824 812 in
844 780 993 817 futurum,
1019 783 1122 810 exten-

396 836 439 867 dit
465 841 495 867 et
519 834 700 877 ampliavit3
728 838 758 865 et
783 843 818 865 ea
844 832 938 865 ctiam
963 829 1121 863 beneficia

394 887 499 919 omnia
525 885 726 928 dispositioni
759 895 832 917 suae
862 883 1048 919 reservavit,
1082 882 1120 914 de

395 941 509 983 quibus
535 950 590 981 per
614 939 715 971 dictos
747 937 929 970 ordinarios
958 942 1011 968 aut
1042 934 1120 967 alios

395 993 564 1025 collatores
599 997 709 1023 eontra
735 990 878 1023 eiusdem
915 988 1046 1021 Concilii
1072 987 1121 1020 de·

394 1051 554 1078 erctorum
580 1045 712 1076 sormam
732 1043 921 1085 dispositum
940 1041 1046 1074 suerit.
1067 1040 1120 1073 De·

393 1107 528 1129 cerneus
554 1096 686 1135 irritum,
714 1101 775 1127 etc.

440 1161 470 1183 11.
497 1150 573 1181 Item
599 1149 769 1181 reservavit
794 1147 987 1189 generaliter
1008 1156 1119 1179 omnes

362 1220 371 1229 ι·
396 1202 545 1235 ecclesias
574 1201 814 1244 patriarchales,
841 1199 1047 1242 primatiales.
1074 1209 1120 1231 ar-

360 1253 649 1297 ·e'eliiepiscopales
670 1281 676 1292 ,

358 1300 495 1341 .·-'0mnia
520 1306 713 1339 monasteria
739 1306 878 1339 virorum
903 1306 1043 1339 valorem
1068 1316 1120 1338 an-

715 1253 916 1296 cpiscopales
939 1280 946 1292 ‚
991 1262 1118 1285 necnon

391 1371 484 1393 nuum
504 1360 714 1392 ducentorum
730 1359 926 1392 florenorum
948 1359 1016 1391 auri
1032 1369 1119 1392 com-

391 1413 476 1446 muni
496 1412 717 1445 aestimatione
735 1412 920 1445 excedentia
945 1422 1029 1444 nunc
1045 1422 1120 1455 quo-

392 1466 628 1507 modocumque
660 1465 802 1497 vacantia
835 1470 865 1497 et
893 1464 925 1496 in
951 1470 1118 1508 posterum

393 1524 557 1556 vacatura,
584 1522 613 1550 et
646 1517 745 1550 voluit
773 1518 858 1560 quod
883 1528 1032 1550 excessus
1060 1518 1119 1550 bu-

394 1570 527 1601 iusmodi
548 1569 578 1601 in
601 1569 714 1602 litteris
733 1570 941 1612 exprimatur.
961 1570 1006 1603 Ac
1023 1571 1118 1603 etiam

394 1621 568 1654 reservavit
586 1621 757 1663 dignitates
778 1627 809 1654 et
827 1622 985 1655 beneficia
1011 1623 1119 1655 omnia

394 1674 431 1705 ad
465 1673 691 1711 collationem,
724 1674 1015 1716 praesentationem
1047 1676 1115 1709 ele-

394 1727 533 1759 ctionem
566 1731 596 1758 et
627 1737 860 1769 quamcumque
889 1728 982 1760 aliam
1009 1728 1119 1770 dispo-

394 1779 543 1811 sitionem
568 1778 836 1821 patriarcharum,
869 1780 1049 1822 primatum,
1075 1792 1119 1813 ar-

394 1831 672 1873 chiepiscoporum
703 1837 734 1863 et
763 1832 1010 1874 episcoporum,
1045 1844 1120 1866 nec-

395 1893 458 1915 non
473 1883 623 1916 abbatum
638 1894 673 1916 ac
687 1885 821 1917 aliorum
842 1895 1120 1930 quorumcumque

394 1936 585 1968 collatorum
618 1942 649 1968 et
673 1937 875 1970 collatrieum
907 1940 1120 1973 saecularium

395 1993 425 2020 ct
440 1987 633 2029 regularium
652 1989 895 2030 quomodolibet
920 1992 1120 2033 (nontamen

395 2039 432 2071 ad
459 2038 662 2071 collationem
693 2050 764 2072 cum
794 2042 856 2073 alio
890 2044 938 2076 vel
963 2043 1044 2084 aliis,
1069 2051 1122 2077 aut

395 2091 489 2123 etiam
515 2091 552 2123 ad
578 2092 708 2124 alterius
744 2095 1037 2135 praesentationem
1072 2098 1120 2131 vel

395 2143 603 2185 electionem)
630 2145 833 2186 pertinentia,
852 2157 933 2189 quae
958 2154 1031 2190 post
1051 2149 1122 2183 illo-

395 2206 464 2228 rum
491 2196 634 2235 obitum,
661 2203 715 2229 aut
740 2199 946 2232 ecclesiarum
976 2212 1030 2234 seu
1056 2213 1118 2236 mo·

395 2249 610 2282 uasteriorum
629 2251 676 2283 vel
696 2250 827 2283 aliarum
845 2252 1034 2294 dignitatum
1052 2266 1122 2288 sua-

396 2312 465 2332 rum
501 2302 719 2335 dimissionem
750 2313 805 2335 seu
839 2305 1043 2339 amissionem
1074 2310 1121 2341 vel

397 2354 605 2395 privationem
631 2366 684 2387 seu
708 2357 961 2396 translationem,
980 2361 1027 2392 vel
1045 2361 1122 2393 alias

398 2405 694 2449 quomodocumque
729 2409 924 2448 vacaverint,
958 2420 1059 2453 usque
1084 2414 1121 2446 ad

397 2457 615 2498 provisionem
633 2469 853 2493 successorum
874 2462 911 2493 ad
931 2464 1060 2496 easdem
1079 2476 1123 2498 ec-

397 2509 507 2540 clesias
532 2516 584 2541 crit
609 2513 801 2545 monasteria
826 2515 875 2546 vel
901 2514 1071 2557 dignitates
1097 2529 1124 2550 a·

397 2562 550 2603 postoliea
576 2564 762 2597 auctoritate
790 2566 977 2608 faciendam,
1005 2574 1033 2602 ct
1055 2570 1124 2604 ade-

435 206 452 224 λ
965 208 1139 233 BL'LLARIL'M
1167 207 1318 230 ROMANUM

1908 204 1962 230 An.
1979 205 2008 231 C.
2031 205 2099 234 1730

1143 254 1146 275 l
1167 260 1249 296 ptam
1276 254 1315 286 ab
1334 253 1456 285 eisdem
1476 250 1720 284 suecessoribus
1736 250 1902 293 pacificam

1143 332 1145 361 Ι
1167 307 1294 338 illorum
1322 305 1572 347 possessionem,
1598 303 1904 346 quomodocumque

1143 365 1145 377 ³
1166 359 1346 391 vacaverint
1370 364 1400 390 et
1425 356 1581 389 vacabunt
1606 357 1637 389 in
1665 357 1817 389 sunu-um.
1844 356 1902 390 De-

1165 420 1300 443 cernens
1325 409 1461 448 irritum,
1484 414 1545 441 etc.

1209 473 1254 496 111.
1280 462 1370 501 Item,
1396 461 1420 494 si
1447 462 1501 504 qui
1533 462 1572 494 de
1596 462 1764 496 beneficiis
1797 463 1902 496 ecclc·
1939 476 2039 507 nawa»
2065 483 2098 498 ra-

1165 515 1311 552 siastieis‚
1349 514 1540 556 praesertim
1577 525 1685 547 euram
1721 505 2040 559 animarumii‘i‘n'cii'ss'issi
2059 504 2098 555 3⁸33}

1142 583 1144 611 μ
1166 567 1370 606 habentibus,
1404 577 1460 599 seu
1486 567 1564 599 alias
1590 568 1796 610 personalem
1823 567 1903 601 resi·
1914 559 2098 607 ρῖἶῗῗῖἷῖᾎοῗῖἓὲ-

1166 619 1307 652 dentiam
1322 618 1576 662 requirentibus,
1590 619 1664 652 dum
1680 630 1738 663 pro
1755 626 1903 663 tempore
1914 611 2017 631 ‘⁰¹‘⁰¹*⁰'¹¹‘

1165 677 1289 711 vacant,
1309 672 1486 714 apostolica
1503 672 1693 705 auctoritate
1708 672 1828 715 provisi
1847 683 1903 706 seu

1166 724 1370 767 providendi,
1401 729 1475 757 ante
1500 724 1632 757 illorum
1666 725 1903 758 assecutionem

1165 777 1226 810 alia
1252 787 1323 809 cum
1349 777 1472 809 eisdem
1498 776 1754 820 incompatibilia
1787 777 1904 811 benefi-

1165 830 1213 862 cia
1239 829 1456 862 ecclesiastica
1489 841 1549 873 per
1575 841 1630 863 eos
1665 836 1740 863 tunc
1771 830 1905 864 obtenta

1166 884 1197 915 in
1223 882 1369 915 fraudem
1402 883 1633 915 reservationis
1659 893 1735 916 suae
1760 883 1906 926 resigna-

1167 940 1238 967 rent
1263 945 1321 968 seu
1347 935 1557 975 dimitterent,
1580 936 1692 975 voluit,
1715 936 1906 970 decrevitet

1165 988 1348 1028 declaravit,
1374 987 1475 1031 quod,
1494 989 1520 1021 si
1545 988 1757 1031 imposterum
1776 988 1905 1031 quibus·

1165 1040 1209 1073 vis
1235 1040 1383 1083 personis
1409 1041 1448 1073 de
1474 1041 1638 1084 aliquibus
1663 1041 1832 1075 beneficiis
1857 1052 1905 1075 ec-

1164 1093 1356 1126 clesiasticis
1372 1098 1449 1126 tunc
1462 1094 1650 1127 vacantibus
1667 1105 1726 1127 seu
1743 1095 1903 1128 vacaturis

1163 1156 1222 1190 per
1245 1146 1454 1180 Sanctitatem
1477 1146 1572 1180 Suam
1598 1153 1650 1180 aut
1674 1147 1743 1180 eius
1769 1148 1905 1180 auctori-

1165 1204 1227 1232 tate
1265 1198 1448 1242 provideri,
1481 1199 1635 1244 ipsosque
1660 1199 1903 1244 providendos,

1164 1251 1249 1284 intra
1273 1252 1449 1285 vacationis
1474 1258 1506 1285 et
1538 1252 1732 1295 provisionis
1765 1263 1823 1286 seu
1855 1263 1904 1287 as-

1163 1305 1341 1338 secutionis
1360 1306 1551 1338 eorumdem
1571 1304 1805 1339 beneficiorum
1831 1311 1905 1339 tem·

1164 1368 1252 1400 pora,
1266 1368 1487 1401 quaecumque
1503 1359 1565 1391 alia
1578 1369 1649 1391 cum
1665 1358 1728 1392 illis
1741 1358 1906 1402 incompa—

1165 1411 1267 1444 tibilia
1288 1410 1446 1444 beneficia
1467 1411 1687 1444 ecclesiastica
1708 1412 1902 1453 saecularia,

1163 1465 1212 1497 vel
1234 1464 1420 1506 quorumvis
1438 1464 1607 1504 Ordinum,
1624 1475 1661 1498 ac
1679 1465 1776 1498 etiam
1798 1465 1904 1508 hospi-

1165 1517 1286 1558 talium,
1313 1517 1483 1560 regularia,
1510 1528 1569 1560 per
1590 1528 1645 1551 eos
1665 1524 1742 1551 tunc
1759 1518 1902 1559 obtenta,

1163 1570 1259 1610 nulla,
1286 1570 1420 1612 speciali
1446 1576 1477 1602 et
1502 1572 1651 1613 expressa
1670 1570 1709 1603 de
1730 1571 1853 1603 eisdem
1870 1570 1904 1603 in

1164 1623 1404 1665 provisionibus
1429 1623 1606 1665 praedictis
1625 1623 1707 1656 saeta
1725 1623 1904 1664 mentione,

1162 1675 1365 1718 simpliciter,
1392 1676 1440 1708 vel
1466 1677 1561 1708 causa
1585 1675 1844 1718 permutationiS,
1866 1686 1904 1710 ac

1163 1728 1241 1761 alias
1268 1728 1526 1771 quomodolibet,
1552 1728 1618 1761 sive
1651 1729 1683 1761 in
1717 1728 1902 1763 Sanctitatis

1163 1780 1244 1813 Suae
1269 1781 1319 1814 vel
1344 1780 1476 1814 alterius
1502 1781 1639 1815 Romani
1661 1781 1823 1815 Pontificis
1841 1793 1903 1826 pro

1164 1839 1309 1876 tempore
1343 1833 1521 1873 existentis,
1554 1839 1607 1866 aut
1638 1835 1820 1876 legatorum
1853 1835 1904 1869 vel

1163 1885 1359 1919 nunciorum
1384 1885 1488 1919 dictae
1504 1886 1616 1927 Sedis,
1635 1887 1701 1920 sive
1720 1886 1904 1921 ordinario-

1164 1948 1234 1971 rum
1258 1939 1306 1971 vel
1339 1939 1479 1972 alierum
1519 1939 1712 1973 collatorum
1747 1950 1906 1983 quorum-

1163 2002 1300 2034 cumque
1314 1991 1461 2024 manibus
1484 1993 1649 2035 resignare
1662 2003 1719 2026 seu
1741 1992 1905 2027 dimittere

1164 2049 1218 2076 aut
1243 2044 1368 2077 iuribus
1393 2044 1454 2077 sibi
1480 2045 1512 2077 in
1536 2045 1602 2079 illis
1620 2045 1669 2079 vel
1687 2046 1726 2079 ad
1743 2046 1801 2079 illa
1817 2056 1905 2080 com-

1165 2098 1351 2140 petentibus
1377 2098 1495 2131 cedere
1521 2098 1707 2141 contigerit,
1730 2108 1846 2132 omnes
1872 2104 1904 2132 et

1164 2150 1310 2192 singulae
1336 2151 1579 2191 concessiones,
1606 2151 1811 2192 collationeS,
1833 2162 1904 2196 pro-

1165 2203 1303 2237 visiones
1328 2209 1360 2237 et
1383 2204 1516 2247 quaevis
1551 2205 1633 2237 aliae
1669 2204 1903 2248 dispositiones

1165 2256 1203 2289 de
1229 2256 1395 2290 beneficiis
1420 2267 1477 2290 seu
1502 2256 1629 2290 iuribus
1654 2257 1700 2290 sic
1735 2257 1904 2301 resignan-

1166 2308 1225 2348 dis,
1250 2309 1453 2342 dimittendis
1479 2315 1512 2342 et
1543 2309 1697 2343 cedendis
1729 2320 1789 2353 pro
1823 2315 1904 2344 tem-

1165 2371 1244 2403 pore
1270 2361 1448 2403 faciendae,
1466 2371 1537 2394 cum
1563 2361 1638 2395 inde
1663 2362 1809 2406 sequutis
1833 2362 1905 2406 qui-

1165 2414 1378 2457 buscumque,
1404 2424 1516 2447 cassae
1537 2419 1568 2447 et
1585 2414 1696 2448 irritae
1715 2415 1904 2459 nulliusque

1166 2466 1293 2499 roboris
1319 2467 1365 2500 vel
1393 2467 1546 2500 momenti
1571 2467 1728 2508 existant,
1755 2478 1818 2502 nec
1842 2468 1905 2501 cui-

1166 2529 1261 2562 quam
1279 2520 1513 2564 suffragentur;
1532 2521 1588 2555 sed
1604 2521 1762 2556 beneficia
1775 2525 1805 2556 et
1822 2521 1903 2563 iura,

1167 2578 1201 2604 ut
1215 2574 1407 2616 praefertur,
1421 2574 1598 2618 resignata,
1612 2575 1746 2609 dimissa
1757 2579 1789 2609 et
1801 2585 1903 2618 cessa,
