2182 3137
379 184 443 218 ⁶284

342 243 408 275 lani
425 269 432 282 ,
456 242 563 275 animo
596 253 692 275 sanae
719 243 890 276 doctrinae
918 254 954 276 ac
984 244 1086 276 eccle-

342 295 488 328 siasticae
514 296 629 327 unitati
656 295 888 334 infensissimo,
915 296 1085 329 manifeste

344 348 497 390 refragari
535 348 759 381 constitutioni
795 349 989 382 recolendae
1021 359 1086 381 me-

344 403 466 434 moriae
498 401 675 434 Clementis
702 401 761 433 Pr.
790 402 826 434 xt
854 403 1086 444 praedecesso-

344 454 387 486 ris
413 454 529 493 nostri,
556 465 638 497 quae
664 454 778 498 incipit
806 455 1001 497 [Jniyenitus
1026 454 1086 487 Dei

342 507 452 549 filius,
479 513 547 546 etc„
574 519 660 540 anno
687 508 922 541 incarnationis
948 508 1085 541 domini-

343 570 399 592 cae
418 570 618 598 nnccx111‚v1
635 560 707 593 idus
723 561 927 603 septembris,
946 561 1086 603 promul-

344 619 458 655 gatae,
486 613 549 645 imo
576 613 775 655 posthabitis
808 615 971 656 planeque
1009 624 1085 645 con-

345 666 474 708 temptis
495 666 689 698 auctoritate
708 672 741 699 et
758 666 877 699 indicio
897 666 1085 709 apostolicis

345 724 408 751 tam
435 719 580 751 eiusdem
605 719 784 752 Clementis
810 719 1083 762 praedecessoris,

344 782 440 814 quam
466 771 555 805 illins
580 782 807 804 successorum
842 773 946 805 felicis
980 783 1085 805 recor-

344 825 482 857 dationis
524 825 706 857 Innocentii
739 825 804 858 XIII
845 836 881 857 ac
918 826 1084 858 Benedicti

343 878 440 910 etiam
463 878 527 910 XIII
547 878 766 910 Romanorum
787 878 976 910 Pontificum
997 890 1086 921 prae-

343 931 554 963 decessorum
570 931 692 973 pariter
706 937 900 969 nostrorum,
920 932 972 974 qni
992 933 1085 974 plura

343 983 443 1026 ipsius
468 983 570 1016 Caroli
597 984 751 1016 Ioacliimi
778 983 924 1027 episcopi
950 984 1082 1026 scripta,

342 1037 458 1079 quibus
483 1037 630 1069 eamdem
656 1037 919 1069 constitutionem
956 1043 1086 1080 aposto-

342 1089 434 1121 licam
462 1089 654 1121 multifarias
679 1089 841 1122 incessere
867 1100 903 1121 ae
929 1090 1085 1132 impetere

342 1142 533 1181 nitebatur,
559 1143 722 1184 condigne
749 1143 968 1185 perstrinxere
1002 1154 1086 1175 cen-

343 1199 435 1236 sura,
464 1197 553 1229 novis
579 1197 758 1229 identidem
784 1197 864 1228 actis
891 1208 929 1229 ac
953 1197 1085 1240 scriptis

342 1250 374 1282 in
400 1250 564 1293 publicum
580 1250 708 1292 sparsis,
728 1250 904 1292 pertinacis
920 1260 996 1282 suae
1015 1250 1085 1282 ino-

342 1303 526 1336 bedientiae
563 1308 594 1334 et
630 1303 773 1341 erroris,
811 1302 842 1334 in
879 1314 942 1345 quo
968 1303 1084 1335 misere

342 1361 507 1395 versatur,
533 1356 699 1388 luculenta
724 1355 818 1388 nimis
845 1356 973 1388 dedisse
1000 1356 1086 1388 testi-

343 1410 471 1449 monia3
500 1419 582 1452 quac
609 1408 741 1451 quidem
767 1409 876 1441 omnia
902 1414 933 1441 et
958 1409 1084 1451 singula

343 1462 514 1494 nobiscum
541 1466 730 1504 reputantes
756 1462 896 1503 graviter
921 1461 952 1493 in
985 1463 1084 1494 corde

343 1521 455 1548 nostro
479 1515 756 1558 improbavimus:
777 1515 958 1548 distulimus
980 1521 1084 1548 tamen

343 1569 495 1601 adversus
521 1581 558 1601 ea
584 1579 642 1610 pro
670 1569 843 1610 pastoralis
868 1568 964 1601 officii
984 1569 1084 1601 nostri

342 1622 564 1654 sollicitudine
601 1622 732 1664 aliquod
771 1622 876 1664 palam
913 1627 1083 1661 statuere,

344 1678 381 1708 ea
406 1686 464 1717 spe
501 1675 682 1717 fiduciaque
709 1674 859 1714 detenti,
895 1680 950 1714 ut,
978 1675 1086 1717 agnita

344 1729 474 1761 tandem
501 1740 518 1760 a
544 1729 629 1760 dicto
648 1727 760 1760 Carolo
779 1728 943 1760 Ioacliimo
962 1728 1086 1771 episco-

343 1794 384 1826 po
410 1783 543 1815 veritate
562 1809 569 1822 ,
595 1783 759 1825 fractaque
785 1782 884 1814 animi
911 1783 958 1814 sui
986 1783 1086 1815 obsti-

343 1837 494 1874 natione,
520 1836 706 1878 adspirante
732 1835 868 1868 Domino
895 1846 1084 1878 possemus,

342 1889 387 1921 uti
415 1889 510 1921 nobis
536 1899 743 1931 summopere
772 1888 800 1919 in
826 1888 908 1920 votis
935 1894 1017 1926 erat,
1039 1900 1086 1921 re-

342 1941 550 1984 sipiscentem
578 1947 730 1983 paternae
757 1941 942 1973 dilectionis
969 1941 1083 1973 affectu

343 1995 533 2037 complecti,
561 2000 593 2026 et
618 2005 688 2026 eum
710 2005 748 2026 eo
767 1994 932 2026 charitatis
949 1994 1084 2027 vinculis

342 2058 453 2080 rursus
488 2047 654 2089 coniungi.
691 2047 807 2079 Verum
842 2057 932 2089 spem
966 2052 997 2079 et
1032 2058 1086 2090 pa-

343 2102 487 2134 tientiam
515 2106 660 2133 nostram
686 2101 867 2133 frustratam
894 2103 1084 2144 elusamque

343 2154 583 2196 comperimus,
610 2164 773 2196 quemque
806 2153 900 2186 anxie
937 2160 1086 2197 cxpecta-

344 2207 456 2239 bamns
482 2207 520 2239 ad
547 2207 703 2238 unitatem
730 2212 761 2238 et
786 2207 950 2239 veritatem
977 2218 1085 2239 rever-

343 2270 476 2299 surum,
502 2259 604 2301 magis
632 2260 661 2291 in
696 2259 874 2302 pertinacia
911 2265 942 2292 et
974 2271 1084 2293 errore

343 2313 538 2345 obduratum
564 2313 686 2355 experti
713 2324 832 2345 sumus.
861 2313 959 2345 Nobis
988 2313 1083 2356 siqui-

344 2366 417 2398 dem
455 2377 560 2408 nuper
596 2366 751 2403 innotuit.‚
778 2366 884 2408 qnod.
914 2377 984 2398 cum
1019 2377 1084 2398 non

343 2418 387 2450 ita
413 2419 537 2461 pridem
564 2419 673 2451 dilecti
700 2419 755 2451 tilii
783 2419 958 2461 capitulum
978 2425 1009 2452 et
1034 2431 1085 2451 ca-

343 2473 449 2504 nonici
482 2473 631 2515 aliaeque
658 2482 817 2514 personae
844 2473 1084 2505 ecclesiasticae

342 2525 537 2558 cathedralis
564 2525 719 2558 ecclesiae
756 2525 872 2558 Montis
909 2526 1083 2565 Desinant,

342 2577 408 2610 Deo
434 2579 533 2610 corda
558 2589 670 2611 eorum
699 2585 870 2622 tangente,
896 2579 926 2612 in
954 2580 1085 2612 unitatis

149 194 197 220 An.
219 193 247 220 C.
267 194 328 220 ¹731

927 196 1062 219 BULLAHI
1069 196 1109 219 ΗΜ
1134 196 1244 220 ΗΟΜΑΝ
1251 198 1291 221 UM

1882 202 1931 226 An.
1952 201 1980 226 t'..
1996 201 2061 228 1731

1128 254 1164 276 ac
1188 245 1395 278 obedientiae
1422 245 1535 288 spiritu
1553 246 1645 279 simul
1668 248 1866 289 congregati,

1128 298 1262 339 publico
1302 299 1510 341 solemnique
1550 304 1622 332 actu
1657 305 1867 332 memoratam

1128 350 1393 384 constitutionem
1419 352 1629 394 apostolicam
1650 363 1730 395 pure
1749 358 1780 385 et
1797 353 1869 386 sim—

1128 402 1257 445 pliciter
1288 403 1509 446 recepissent,
1537 416 1575 437 ae
1607 415 1679 437 sese
1712 405 1758 438 illi
1793 406 1868 438 sub-

1129 455 1317 496 misissent;
1346 462 1467 489 tantum
1494 457 1594 489 abfuit
1618 463 1653 489 ut
1685 458 1788 490 dictus
1813 458 1869 491 Ca·
1893 470 2001 497 ipsiusque
2015 477 2063 491 con-

1129 509 1216 541 rolus
1241 508 1424 541 Ioacliimus
1449 509 1619 553 episcopus
1645 510 1676 542 id
1703 511 1867 553 probaret,
1880 499 1931 553 isnin·
1958 500 2065 554 ἓᾝέἷῗῖἴ

1129 563 1250 603 suaque
1277 562 1464 594 accessione
1498 568 1600 595 ratum
1627 563 1783 602 liaberet,
1811 550 2064 603 ut,1¹l‘}¹¹l325332⁷51'l2'f

1129 614 1216 646 edito
1243 621 1357 647 contra
1383 615 1541 654 mandato,
1569 616 1717 648 cumdem
1745 622 1866 656 actum,

1129 677 1164 699 ac
1188 666 1212 698 si
1239 668 1436 710 episcopalis
1462 668 1695 701 iurisdictionis
1721 675 1753 701 et
1791 669 1868 702 obe-

1129 719 1270 752 dientiae
1292 720 1350 752 sibi
1374 721 1502 753 debitae
1522 721 1658 753 laesivus
1677 726 1773 760 esset,
1792 732 1868 764 pro-

1128 773 1291 812 scribere,
1319 775 1510 816 nnllnmque
1536 775 1726 813 declarare,
1752 785 1788 806 ac
1821 775 1867 806 in-

1128 836 1237 868 super,
1264 837 1305 859 ne
1325 827 1494 870 quisquam
1514 838 1646 860 suorum
1665 828 1867 860 subditorum

1128 889 1162 911 se
1180 879 1366 912 inconsulto
1383 881 1581 923 praedIctam
1601 881 1869 914 constitutionem

1128 932 1341 974 apostolicam
1369 933 1522 976 deinceps
1562 933 1723 976 recipiat,
1758 934 1869 976 probi-

1128 984 1205 1016 bere
1241 985 1426 1018 incredibili
1464 996 1541 1018 ansu
1580 986 1868 1028 praesumpserit,

1129 1037 1278 1069 nescIens
1304 1048 1379 1070 oves
1404 1049 1469 1071 non
1503 1039 1607 1071 teneri
1644 1040 1735 1081 sequi
1763 1035 1869 1082 pasto-

1129 1100 1216 1129 rem,
1244 1091 1318 1123 dum
1345 1102 1398 1124 eas
1424 1093 1460 1124 ad
1490 1099 1667 1136 praerupta
1692 1093 1866 1133 deducere,

1130 1144 1178 1176 vel
1206 1154 1325 1186 pascua
1350 1151 1507 1177 venenata
1528 1145 1605 1188 ipsis
1627 1145 1782 1179 exhibere
1801 1157 1869 1179 mo-

1128 1196 1218 1229 Iitur.

1173 1252 1187 1294 g
1210 1249 1240 1282 ⁶2.
1269 1249 1497 1294 Quapropter,
1524 1262 1564 1284 ne
1589 1252 1705 1284 lenitas
1732 1263 1768 1285 ac
1795 1254 1868 1285 lon-

1129 1303 1298 1346 ganimitas
1322 1311 1454 1343 nostra,
1487 1304 1536 1336 cui
1575 1305 1742 1348 bucusque
1780 1306 1868 1348 pacis

1128 1356 1233 1388 studio
1258 1356 1478 1395 indulsimus,
1505 1357 1544 1389 ab
1577 1363 1709 1390 aeterno
1746 1369 1781 1390 ac
1817 1369 1869 1390 su-

1128 1421 1242 1452 premo
1279 1410 1385 1442 iudice
1420 1411 1661 1453 redarguatur,
1697 1411 1868 1453 apostolici

1128 1462 1300 1495 ministerii
1327 1463 1429 1495 nostri
1457 1470 1566 1506 partes
1601 1464 1782 1506 adimplere
1819 1474 1868 1496 vo-

1129 1515 1251 1554 lentes,
1280 1516 1398 1548 auditis
1419 1517 1560 1559 desuper
1577 1518 1813 1549 nonnullorum
1832 1527 1869 1549 ex

1129 1568 1373 1601 venerabilibus
1399 1570 1553 1601 fratribus
1577 1570 1694 1603 nostris
1720 1570 1750 1602 S.
1775 1570 1810 1602 R.
1831 1570 1866 1603 E.

1130 1622 1366 1661 cardinalibus,
1391 1623 1599 1665 pluriumque
1625 1623 1656 1655 in
1675 1625 1764 1655 sacra
1779 1624 1870 1655 theo-

1129 1676 1216 1717 logia
1240 1676 1469 1718 magistrorum
1490 1703 1496 1715 ,
1523 1677 1576 1718 qni
1603 1687 1670 1709 rem
1697 1683 1819 1710 mature
1835 1688 1871 1710 ac

1130 1728 1303 1770 diligenter
1327 1729 1570 1769 discusserunt,
1596 1730 1791 1769 sententiis,
1829 1730 1868 1762 de

1130 1781 1319 1813 eorumdem
1347 1781 1560 1814 cardinalium
1586 1782 1744 1823 consilio,
1779 1792 1870 1825 prae-

1131 1835 1228 1867 fatum
1254 1834 1358 1868 Caroli
1385 1835 1540 1868 Ioaehimi
1572 1835 1719 1878 episcopi
1755 1836 1870 1869 Montis

1131 1889 1296 1921 Pessnlani
1339 1889 1551 1927 mandatum,
1587 1890 1635 1921 cni
1674 1889 1785 1922 titulus
1823 1895 1871 1922 est

1131 1941 1343 1974 Ordonnunee
1367 1941 1404 1974 de
1439 1942 1666 1984 monseissneur
1697 1942 1734 1974 de
1766 1943 1872 1975 Mont-

1128 1993 1246 2038 pellz'er
1281 1998 1388 2026 contre
1425 1994 1458 2026 la
1492 1994 1706 2027 deliberatum
1738 1995 1776 2027 de
1812 2005 1870 2028 son

1129 2048 1288 2091 cleapitre,
1301 2052 1355 2080 ele.
1370 2074 1376 2086 ‚
1394 2048 1523 2090 penitus
1542 2054 1573 2080 et
1591 2049 1723 2080 omnino
1741 2049 1869 2081 nullum

1129 2112 1166 2134 ac
1192 2101 1341 2140 irritum,
1367 2101 1554 2143 nulliusque
1581 2111 1713 2143 prorsus
1745 2101 1870 2134 roboris

1129 2160 1161 2186 et
1185 2153 1340 2186 momenti
1367 2164 1437 2186 esse
1463 2164 1498 2185 ac
1523 2159 1678 2196 perpetuo
1705 2154 1781 2193 sore,
1797 2165 1870 2197 apo-

1129 2208 1243 2240 stoliea
1269 2207 1472 2244 anctoritate,
1491 2213 1605 2240 tenore
1631 2208 1866 2250 praesentium,

1129 2261 1344 2294 declaramus.
1368 2262 1479 2292 Actum
1499 2272 1584 2298 vero,
1603 2251 1868 2304 quo-capitulum

1129 2319 1160 2346 et
1185 2313 1332 2345 canonici
1355 2313 1504 2356 aliaeque
1530 2324 1691 2356 personae
1718 2314 1869 2346 ecclesia-

1129 2367 1229 2400 sticae
1255 2367 1359 2399 dictae
1385 2367 1583 2399 cathedralis
1613 2368 1771 2400 ccclesiae
1797 2378 1868 2400 sese

1129 2425 1324 2453 memoratae
1339 2421 1564 2452 constitutioni
1582 2421 1780 2462 apostolicae
1798 2421 1869 2452 snb-

1129 2473 1296 2511 miserunt,
1326 2479 1360 2504 ut
1384 2474 1584 2515 praefertur,
1611 2473 1650 2505 ab
1677 2474 1790 2505 eodem
1817 2473 1870 2506 Ca-

1129 2527 1199 2559 rolo
1220 2526 1386 2559 Ioacliimo
1411 2525 1568 2569 episcopo
1591 2525 1731 2558 invalIde
1752 2530 1784 2558 et
1808 2525 1869 2558 ini-

1128 2590 1191 2622 que
1216 2580 1429 2622 reprobatum
1455 2579 1555 2611 fuisse
1580 2579 1797 2612 decernimus,
1821 2579 1868 2611 Ad

1907 1250 1967 1273 Quod
1995 1251 2063 1271 irrita-

1880 1280 1920 1298 tur.
