2182 3137
42 221 92 246 An.
106 221 135 245 C.
158 218 226 245 1730

868 214 1011 237 CLEMENS
1038 214 1084 236 xu
1108 214 1158 236 Pr.

236 271 289 298 aut
314 266 448 298 aliarum
476 264 574 296 etiam
600 263 848 305 collegiatarum
874 262 977 293 eccle-

235 318 356 350 siarum
389 316 617 355 consistentia,
644 314 771 349 etiamsi
805 324 906 346 unum
941 324 979 345 ex

235 370 299 404 illis
332 370 481 403 omnibus
515 379 587 400 eum
620 370 715 406 cura,
751 372 805 399 aut
837 365 978 408 dignitas

235 424 332 455 etiam
358 422 459 454 maior
483 426 516 453 et
535 419 744 462 principalis,
769 418 979 451 canonicatus

236 482 268 509 et
292 474 480 518 praebenda
495 500 502 511 ,
528 477 722 515 personatus
739 499 747 511 ,
773 471 980 504 administra-

235 529 281 561 tio
301 529 350 560 vel
375 526 514 559 officium
541 526 645 564 suerit,
665 531 697 557 et
713 525 752 557 ad
771 525 976 566 dignitatem,

234 585 455 624 personatum,
482 578 797 611 administrationem
824 578 873 610 vel
908 577 979 609 offi-

236 634 321 666 cium
354 632 542 664 huiusmodi
579 631 788 664 consueverit
816 631 889 673 quis
921 641 980 673 per

236 687 428 720 electionem
455 685 585 723 assumi,
604 685 699 727 eique
718 695 796 717 cura
817 684 913 716 etiam
931 684 982 715 iu-

235 739 469 772 risdietionalis
486 738 655 770 immineat
672 738 862 775 animarum,
879 737 903 769 si
923 736 980 768 ali-

235 793 287 825 cui
306 798 445 825 vestrum
467 791 545 823 alias
570 791 727 823 canonice
753 790 979 829 conferantur,

236 852 290 878 aut
311 847 448 889 quisque
473 850 618 878 vestrum
643 845 799 887 eligatur,
826 854 982 886 praesen-

236 905 335 937 tetur,
352 905 406 931 aut
431 899 510 931 alias
531 903 712 931 assumatur
730 897 768 929 ad
795 897 862 935 illa,
884 902 916 929 et
933 897 982 928 in—

236 953 391 984 stituatur
415 952 445 984 in
473 952 531 991 eis,
558 951 716 993 recipere,
738 956 781 989 et,
801 950 980 983 dummodo

235 1005 292 1037 illa
310 1005 434 1043 omnia,
452 1014 516 1036 uno
535 1009 683 1046 excepto,
702 1004 911 1046 personalem
928 1013 981 1035 re-

235 1058 409 1090 sidentiam
426 1068 493 1090 non
515 1057 693 1099 requirant,
714 1056 858 1095 insimul,
873 1056 981 1099 quoad

237 1111 392 1149 vixeritis,
410 1111 571 1149 retinere;
592 1120 721 1142 necnon
744 1109 851 1149 etiam,
870 1120 982 1152 quam-

236 1165 290 1197 diu
315 1165 411 1197 nobis
432 1163 645 1197 inservieritis
667 1168 803 1202 tantum,
823 1163 857 1194 in
881 1163 983 1195 bene-

236 1217 316 1250 ficiis
348 1217 579 1250 ecclesiasticis
596 1244 603 1255 ‚
630 1217 728 1249 etiam
756 1216 875 1248 curatis
901 1217 982 1258 (non

236 1276 345 1303 tamen
370 1270 639 1313 parochialibus,
666 1280 726 1302 nec
760 1269 879 1301 curatis
905 1270 983 1301 cura

236 1324 416 1356 animarum
439 1324 744 1365 parochianorum),
763 1333 824 1366 per
849 1333 905 1355 vos
922 1332 982 1364 pro

239 1382 386 1418 tempore
412 1376 593 1418 respective
619 1376 783 1410 obtentis.
817 1375 914 1408 etiam
944 1376 983 1407 de

238 1430 326 1469 iure,
352 1436 492 1468 statuto,
515 1429 707 1461 fundatione
733 1430 783 1461 vel
811 1428 984 1471 privilegio

238 1484 445 1525 personalem
478 1483 687 1515 residentiam
715 1482 959 1525 requirentibus
976 1507 983 1518 ‚

238 1536 365 1568 etiamsi
392 1536 568 1577 dignitates
595 1536 627 1568 in
656 1535 914 1573 cathedralibus,
937 1539 984 1566 et-

238 1588 300 1620 iam
340 1588 626 1631 metropolitanis,
658 1594 729 1631 post
762 1588 984 1631 pontificalem

1022 261 1176 293 duxeritis
1210 263 1418 303 eligendum,
1452 262 1490 294 ad
1524 271 1638 294 omnes
1669 261 1765 293 etiam

1021 324 1131 346 sacros
1157 320 1188 346 et
1213 316 1458 358 presbyteratus
1491 314 1625 347 ordines
1650 314 1767 357 aliqui-

1022 366 1082 398 bus
1113 367 1216 399 tribus
1250 368 1422 400 dominicis
1457 368 1507 400 vel
1541 368 1611 400 aliis
1644 367 1766 399 festivis

1022 419 1146 459 diebus,
1173 420 1270 452 etiam
1296 426 1385 453 extra
1408 426 1556 463 tempora
1578 431 1594 452 a
1612 420 1682 452 iure
1703 425 1766 452 sta-

1023 476 1110 511 tuta,
1135 473 1261 514 proprii
1288 473 1449 505 Ordinarii
1482 478 1536 505 aut
1561 473 1700 505 cuiusvis
1725 474 1766 505 al-

1023 525 1123 557 terius
1141 525 1270 557 licentia
1286 526 1428 568 desuper
1445 527 1578 559 minime
1599 527 1767 568 requisita,

1023 578 1049 609 si
1086 578 1165 610 alias
1199 578 1237 610 ad
1270 578 1301 609 id
1338 578 1446 610 idonei
1485 579 1605 621 reperti
1641 578 1766 611 fueritis

1024 631 1136 673 (super
1161 641 1226 673 quo
1252 631 1405 663 antistitis
1431 632 1665 663 conscientiam
1688 642 1767 664 one-

1025 685 1161 727 ramus),
1186 684 1391 727 promoveri,
1420 691 1450 716 et
1475 686 1618 727 promoti
1643 685 1676 716 in
1702 685 1766 717 illis

1025 739 1120 770 etiam
1148 738 1178 769 in
1206 738 1317 770 altaris
1350 737 1533 770 ministerio
1559 738 1766 777 ministrare,

1024 801 1170 831 necnon,
1200 791 1325 823 etiamsi
1352 791 1532 833 presbyteri
1560 791 1707 829 fueritis,
1731 801 1768 823 ac

1025 845 1199 886 dignitates
1225 850 1255 876 et
1280 843 1385 876 officia
1420 843 1628 876 obtinueritis
1645 871 1653 883 ‚
1679 845 1770 885 leges

1025 903 1056 930 et
1081 897 1151 929 iura
1176 897 1281 929 civilia
1307 896 1402 929 etiam
1435 896 1566 939 publice
1592 896 1624 928 in
1649 896 1770 928 scholis

1025 957 1057 983 et
1070 950 1340 983 universitatibus
1359 950 1541 982 studiorum
1569 949 1770 991 generalium

1025 1005 1065 1036 ad
1092 1003 1355 1047 quinquennium
1383 1003 1565 1041 dumtaxat,
1594 1002 1770 1035 dummodo

1026 1058 1231 1100 trigesimum
1257 1056 1370 1088 aetatIs
1389 1066 1510 1088 annum
1532 1066 1597 1088 non
1623 1065 1772 1088 excesse-

1025 1111 1108 1150 ritis,
1130 1111 1253 1150 audire,
1280 1115 1327 1149 et,
1354 1110 1380 1142 si
1407 1109 1532 1142 habiles
1551 1114 1582 1141 et
1604 1109 1770 1141 sufficien-

1027 1170 1074 1197 tes
1093 1164 1216 1207 reperti
1244 1164 1379 1201 fueritis,
1400 1163 1496 1195 etiam
1516 1163 1555 1195 ad
1582 1163 1770 1195 doctoratus

1027 1218 1162 1260 gradum
1182 1217 1214 1249 in
1236 1216 1424 1248 huiusmodi
1450 1216 1600 1248 facultate
1619 1226 1676 1248 vos
1696 1226 1771 1257 pro-

1026 1281 1156 1303 movere
1184 1271 1303 1309 facere,
1331 1270 1466 1312 ipsaque
1493 1269 1564 1301 iura
1590 1269 1686 1301 etiam
1713 1280 1771 1312 pu-

1026 1324 1111 1357 blice
1137 1324 1273 1361 docere,
1301 1329 1397 1365 atque
1423 1323 1548 1360 iudicis,
1569 1322 1715 1354 advocati
1739 1328 1771 1354 et

1027 1376 1249 1420 procuratoris
1275 1375 1405 1414 officio¹,
1431 1376 1462 1407 in
1489 1376 1593 1407 causis
1618 1375 1771 1408 ecclesia-

1028 1431 1117 1463 sticis
1137 1435 1169 1461 et
1190 1430 1338 1462 civilibus
1358 1434 1491 1467 tantum,
1511 1439 1646 1461 exeeere
1666 1429 1769 1461 libere

1028 1489 1058 1516 et
1083 1484 1172 1516 licite
1198 1483 1330 1526 possitis
1357 1488 1388 1515 et
1414 1483 1555 1522 valeatiS,
1579 1481 1770 1514 auctoritate

1028 1543 1059 1569 et
1085 1543 1199 1569 tenore
1224 1535 1414 1578 praedictis.
1442 1536 1481 1568 de
1506 1535 1659 1578 specialis
1686 1535 1772 1567 dono

1028 1590 1170 1632 gratiae,
1200 1589 1438 1631 dispensamus.

1660 203 1725 235 147
1773 214 1822 238 An.
1843 210 1871 237 C.
1895 208 1964 237 1730

238 1643 397 1681 maiores,
424 1653 460 1674 ae
486 1641 670 1683 collegiatis
696 1641 842 1674 ecclesiis
870 1641 984 1673 huius-
1073 1644 1088 1684 ξ
1113 1642 1144 1674 li.
1174 1642 1281 1673 Liceat
1306 1651 1437 1684 quoque
1463 1641 1567 1679 vobis,
1589 1646 1619 1673 et
1640 1641 1775 1673 cuilibet
1803 1654 1968 1684 eisdempmis

238 1695 325 1728 modi
356 1695 556 1738 principales
593 1694 735 1733 suerint,
762 1695 984 1737 personaliter
1027 1702 1183 1734 vestrum,
1210 1695 1352 1737 aliquem
1378 1695 1531 1727 idoneum
1558 1700 1590 1728 et
1614 1681 1970 1738 approba-'sitllfflcssl'iffl‘ssll

238 1749 383 1781 residere
417 1758 484 1781 non
516 1748 719 1787 teneamini,
747 1758 806 1780 nec
841 1758 901 1790 per
940 1749 983 1780 lo-

1028 1756 1095 1782 tum
1122 1750 1160 1781 ab
1185 1748 1359 1781 Ordinario
1381 1749 1607 1791 presbyterum
1630 1735 1969 1786 saecula-ffli¹¹¹ffe¹sslffiffilg

238 1812 352 1834 corum
381 1801 573 1834 Ordinarios
607 1807 661 1833 aut
692 1801 906 1834 ecclesiarum
933 1812 984 1834 ea-

238 1856 385 1888 rumdem
411 1855 569 1898 capitula,
596 1865 653 1887 seu
679 1855 809 1897 quosvis
835 1856 917 1888 alios
943 1857 983 1887 ad

1029 1814 1113 1841 rem,
1135 1803 1183 1835 vel
1209 1801 1350 1834 cuiusvis
1371 1801 1499 1833 Ordinis
1517 1802 1715 1844 regularem,
1742 1803 1774 1834 in
1786 1787 1969 1834 ffilffss'titlssssssffi

239 1908 449 1940 residendum
476 1907 606 1939 iuterim
632 1907 664 1939 in
691 1908 753 1939 illis
779 1908 868 1940 inviti
897 1919 983 1940 coiu-

239 1962 317 2004 pelli
354 1961 512 2004 possitis·,
551 1971 732 2003 omnesque
768 1968 799 1993 et
834 1962 983 2004 singulos

1027 1862 1166 1888 vestrum
1193 1855 1317 1897 eligere
1356 1855 1601 1894 confessorem,
1629 1855 1684 1897 qui
1711 1842 1847 1887 vitfimm

1027 1909 1200 1941 cuiuslibet
1227 1913 1366 1939 vestrum
1393 1907 1511 1939 comite
1537 1918 1591 1939 vos
1610 1913 1641 1939 et
1662 1918 1773 1950 quem-

1028 1963 1108 1995 libet
1134 1967 1276 1994 restrum
1310 1972 1326 1992 a
1353 1961 1520 2003 quibusvis
1554 1961 1773 1993 excommuni-

239 2014 455 2047 nibilominus
473 2019 656 2046 vestrorum
674 2015 908 2047 beneficiorum
927 2015 984 2047 ob-
1027 2015 1190 2053 cationis,
1236 2013 1461 2056 suspensionis
1502 2019 1534 2045 et
1578 2014 1739 2045 interdicti
1764 2041 1771 2051 ,

238 2073 403 2100 tentorum
421 2068 555 2106 fructus,
576 2067 723 2099 redditus
741 2073 772 2100 et
794 2074 982 2111 proventus,
1028 2069 1165 2111 aliisque
1193 2067 1424 2099 ecclesiasticis
1449 2067 1632 2103 sententiis,
1660 2078 1773 2099 censu—

239 2120 376 2153 durante
402 2121 534 2152 servitio
561 2121 748 2163 praedicto,
776 2132 847 2154 cum
875 2125 911 2154 ea
937 2123 983 2154 in-
1028 2123 1070 2154 ris
1105 2127 1135 2154 et
1161 2121 1296 2164 poenis,
1323 2131 1341 2152 a
1366 2120 1435 2152 iure
1467 2121 1517 2152 vel
1549 2120 1588 2152 ab
1615 2121 1770 2158 bomine,

238 2174 390 2216 tegritate
429 2173 745 2215 (distributionibus
783 2174 983 2217 quotidianis
1027 2176 1137 2219 quavis
1171 2173 1346 2207 occasione
1371 2175 1419 2206 vel
1445 2176 1540 2205 causa
1566 2173 1638 2205 latis
1664 2178 1693 2205 et
1714 2183 1772 2215 per

239 2226 406 2259 dumtaxat
430 2227 602 2270 exceptis)
629 2237 701 2259 cum
726 2238 788 2269 qua
814 2227 887 2260 illos
909 2238 982 2270 per·
1026 2239 1082 2261 vos
1108 2228 1262 2265 incursis,
1292 2233 1323 2258 et
1348 2226 1465 2269 quibus
1491 2236 1545 2257 vos
1572 2226 1669 2258 etiam
1695 2236 1772 2268 apo-

239 2279 401 2322 ciperetis,
421 2280 445 2311 si
464 2281 495 2312 in
514 2280 636 2313 eisdem
654 2281 802 2313 ecelesiis
820 2281 885 2313 sive
905 2281 983 2313 locis
1027 2282 1141 2314 stolica
1166 2280 1356 2313 auctoritate
1383 2279 1554 2322 illaqueari
1581 2279 1768 2320 contigerit.

240 2333 459 2375 personaliter
485 2333 685 2373 resideretis,
712 2333 896 2375 percipere,
918 2334 984 2366 exi·
1027 2334 1151 2367 etiamsi
1178 2333 1341 2365 absolutio
1363 2332 1456 2364 nobis
1477 2337 1509 2363 et
1529 2332 1772 2364 successoribus

241 2395 319 2427 gere
345 2391 376 2417 et
401 2387 529 2425 levare;
547 2396 582 2418 ac
608 2386 736 2419 interim
761 2387 810 2419 vel
837 2392 984 2429 postmo-

241 2439 330 2478 dum,
351 2439 375 2471 si
400 2439 576 2477 volueritis,
596 2440 627 2471 in
650 2440 796 2472 Romana
819 2439 912 2472 Curia
932 2441 982 2472 vel

241 2498 330 2524 extra
356 2503 425 2524 eam
451 2503 468 2525 a
493 2503 710 2535 quocumque,
737 2504 833 2535 quam
860 2495 984 2526 malue-

242 2545 324 2584 ritis,
349 2545 511 2578 catholieo
529 2545 675 2577 antistite
694 2546 828 2587 gratiam
847 2552 879 2578 et
897 2556 984 2578 com-

1027 2387 1149 2419 nostris
1176 2385 1329 2418 Romanis
1364 2384 1574 2416 Pontificibus
1604 2395 1664 2426 pro
1692 2390 1771 2416 tem-

1026 2450 1107 2483 pore
1133 2438 1348 2472 existentibus
1375 2437 1560 2480 specialiter
1591 2438 1639 2470 vel
1674 2448 1772 2480 gene-

241 2600 428 2632 munionem
447 2599 592 2631 eiusdem
607 2598 698 2631 Sedis
717 2599 868 2637 habente,
887 2610 983 2641 quem

1028 2493 1138 2525 raliter
1160 2499 1322 2524 reservata
1340 2491 1469 2529 existat,
1489 2496 1520 2522 et
1541 2501 1771 2533 quorumcum-

1027 2557 1089 2588 que
1116 2552 1264 2578 votorum
1285 2550 1315 2576 et
1336 2544 1494 2576 ecclcsiae
1519 2549 1770 2587 praeceptorum

1064 2609 1072 2633 1
1100 2607 1163 2641 teg.
1184 2606 1277 2640 officia
1301 2605 1338 2631 vet
1360 2606 1486 2640 officium
1505 2612 1543 2631 (a.
1560 2608 1609 2637 r).
