2182 3137
228 218 275 242 An.
294 218 320 242 c.
347 217 410 243 1734
458 204 517 237 0534

260 1550 378 1571 vatuum.

258 1974 369 1993 Concussit)
386 1981 415 1996 m.

236 2001 361 2024 domentiae.

418 263 480 296 illis
510 261 586 294 alias
612 262 642 293 in
669 271 725 291 sun
761 260 877 291 robore
910 258 1151 302 permansuris,

418 316 456 348 ad
488 314 740 358 praemissorum
778 312 924 345 ellectum
947 339 953 351 ‚
988 312 1047 344 liac
1087 310 1153 344 vice

419 369 600 405 dumtaxat,
625 366 806 409 specialiter
830 370 861 397 ct
885 375 1035 408 expresse
1061 364 1154 397 dero-

419 432 528 463 gamus
545 432 552 459 3
569 419 747 462 ceterisque
760 418 929 451 contrariis
945 418 1153 461 quibuscum-

419 485 490 517 quc.

463 527 575 558 Ilattuin
596 526 730 565 Itoniae,
747 525 832 568 apud
857 524 888 557 S.
908 524 1038 557 Marlam
1057 524 1154 557 Maio-

419 590 504 614 reni.
523 580 582 611 sul)
600 580 721 611 annulo
740 578 925 617 I‘iscat01·is‚
951 578 1003 611 die
1022 588 1058 610 xv
1078 578 1151 610 maii

418 642 609 673 nnccxxxiv,
638 632 844 675 pontificatus
865 632 967 664 nostri
997 641 1081 663 anno
1108 641 1150 664 iv.

454 694 510 722 Dat.
533 694 577 721 die
603 695 631 721 15
650 694 713 721 maii
736 694 818 727 ¹734,
841 693 934 729 pontis.
956 701 1026 720 anno
1046 699 1082 719 iv.

683 747 715 779 F.
743 747 830 779 card.
857 746 1040 779 Otivssmus.

697 899 865 933 CXXXVII.

418 972 631 1015 Inclulycntr'a
658 971 809 1015 plenaria
838 974 994 1014 perpetua
1022 979 1080 1013 pro
1111 970 1154 1001 vi-

463 1026 638 1058 sitantibus
663 1025 813 1068 aliquam
849 1034 888 1056 exc
918 1023 1056 1056 ecclesiis
1086 1024 1154 1066 fra-

464 1084 550 1111 trum
577 1078 708 1112 Ordinis
733 1077 900 1110 Minorum
924 1077 957 1110 S.
984 1077 1155 1110 Franciscz'

465 1131 718 1174 Capuccinormn
732 1129 1015 1162 missionariorum
1032 1129 1069 1162 in
1080 1139 1155 1172 par-

465 1185 548 1216 tibus
574 1183 754 1226 infidelium
779 1193 797 1214 α
822 1181 948 1214 custode
971 1192 1026 1215 seu
1052 1192 1154 1225 prae-

464 1239 541 1280 ferto
568 1235 755 1269 missionum
781 1235 970 1268 lmz'usmodi
986 1235 1155 1279 dcsiynan·

465 1291 539 1323 dum
564 1290 616 1323 elie
643 1291 720 1333 sesto
753 1289 856 1322 sancti
886 1288 1044 1322 Ludovici
1072 1289 1156 1334 reyis

465 1344 679 1378 Francorum.
707 1374 709 1376 .
985 1337 988 1340 ’

628 1423 764 1450 Clemens
785 1423 864 1458 Papa
883 1423 949 1456 xn,

540 1470 576 1496 ad
599 1471 775 1503 perpetuam
794 1468 836 1496 rei
857 1468 1038 1496 memoriam.

467 1541 659 1575 Caelestium
685 1551 854 1574 munerum
880 1541 1057 1581 thesauros,
1083 1551 1161 1585 quo-

425 1608 493 1629 rum
519 1594 792 1639 dispensationem
818 1594 889 1627 Iidci
923 1600 1053 1627 nostrae
1089 1606 1159 1628 cre-

425 1650 506 1683 didit
530 1649 635 1681 divina
650 1648 806 1691 dignatio,
824 1648 1157 1691 libentererogamus,

426 1714 496 1736 cum
523 1703 561 1736 ad
587 1703 766 1745 augendam
790 1701 823 1734 in
848 1702 945 1735 terris
969 1702 1159 1736 Sanctorum

426 1758 457 1790 in
484 1756 578 1790 caelis
603 1766 673 1788 cum
710 1755 837 1789 Christo
873 1755 1078 1798 regnantium
1113 1756 1159 1789 so-

425 1810 625 1853 vcndamque
650 1814 681 1842 et
705 1808 906 1842 excitandam
932 1819 1009 1851 erga
1029 1810 1104 1842 illos
1125 1809 1160 1841 fi-

426 1863 543 1896 delium
570 1862 774 1896 devotionem
800 1862 974 1895 salubriter
1006 1862 1159 1906 expedire

427 1918 456 1950 in
483 1915 617 1950 Domino
640 1915 845 1948 arbitramur.

469 1970 537 2013 §I
573 1969 868 2013 Supplicationihus
903 1969 1011 2013 itaque
1049 1969 1159 2004 dilecti

427 2024 482 2057 lilii
518 2022 693 2057 Clierubini
730 2023 769 2056 de
800 2022 901 2056 Noves
934 2022 1062 2057 Ordinis
1099 2024 1160 2057 sra-

428 2083 509 2110 trum
534 2076 691 2110 Minorum
722 2075 823 2109 sancti
855 2076 1015 2109 Francisei
1044 2076 1160 2121 Capuc-

427 2130 571 2163 cinorum
610 2134 869 2173 nuncupatorum
901 2130 1093 2173 professoris
1124 2141 1160 2164 ac

428 2183 617 2217 dilectorum
630 2182 773 2216 liliorum
789 2182 1068 2216 missionariorum
1091 2183 1160 2218 Gal-

427 2236 699 2276 lorum-eiusdem
724 2236 852 2269 Ordinis
875 2236 908 2270 in
937 2237 1084 2281 partibus
1115 2237 1159 2270 in-

427 2289 570 2323 fidelium
595 2289 798 2322 existentium
831 2289 862 2322 in
899 2289 1040 2324 Romana
1067 2290 1161 2324 Curia

430 2342 642 2385 procuratoris
656 2342 786 2375 nomine
804 2341 897 2375 nobis
915 2353 1012 2386 super
1027 2343 1089 2376 hoc
1104 2343 1161 2376 liu-

430 2395 548 2428 militer
572 2395 730 2438 porrectis
755 2395 910 2435 inclinati,
932 2406 968 2429 ac
993 2395 1032 2429 de
1058 2397 1161 2429 omni-

429 2447 568 2490 potentis
595 2448 647 2481 Dei
679 2447 901 2481 misericordia
931 2454 963 2481 et
993 2449 1162 2482 beatorum

433 2500 514 2533 I‘etri
541 2505 571 2533 et
595 2500 682 2533 Pauli
708 2502 929 2544 apostolorum
955 2501 1025 2534 eius
1057 2508 1162 2536 aucto-

431 2553 524 2585 ritate
549 2553 680 2592 conlisi,
705 2554 853 2587 omnibus
876 2554 1043 2599 utriusque
1068 2566 1161 2590 sexus

433 2604 692 2640 christifidelibus
733 2617 806 2641 vere
845 2607 1089 2652 poenitentibus
1132 2615 1164 2644 et

995 208 1172 233 BULLARIUM
1197 208 1350 234 noittANUM

1195 258 1372 299 confessis,
1401 269 1437 291 ac
1467 258 1554 291 sacra
1587 259 1815 292 communione
1846 260 1928 293 rese-

1195 311 1275 352 ctis,
1304 313 1356 355 qui
1382 311 1519 355 aliquam
1546 322 1581 344 ex
1608 311 1753 346 ecclesiis
1777 322 1832 345 seu
1858 321 1928 346 ora-

1197 365 1285 398 toriis
1298 365 1457 398 (lictorum
1480 365 1613 398 fratrum
1631 365 1926 406 missiona1·iorum·‚

1195 418 1385 451 mulieribus
1422 428 1521 458 vero,
1548 418 1663 462 quibus
1699 419 1738 452 ad
1770 419 1841 452 illas
1872 429 1928 452 seu

1196 471 1250 504 illa
1275 471 1358 504 liber
1390 481 1454 503 non
1492 477 1578 514 patet
1612 482 1756 505 accessus
1787 482 1844 505 seu
1879 472 1929 505 in-

1195 534 1348 565 gressus,
1375 534 1456 567 quae
1482 524 1576 557 aliam
1596 524 1766 557 ecelesiam
1784 535 1842 558 seu
1860 535 1930 559 ora-

1196 576 1314 609 torium
1330 576 1562 610 catholicorum
1581 577 1765 611 earumdem
1783 578 1929 621 partium,

1196 640 1212 660 a
1238 629 1370 661 custode
1396 640 1452 662 seu
1478 630 1644 672 praesecto
1662 630 1852 664 missionum
1871 631 1931 664 hu-

1196 681 1331 713 iusmodi
1359 682 1590 725 designandam
1617 693 1670 716 seu
1686 683 1930 726 designandum,

1196 734 1247 766 die
1285 734 1366 767 sesto
1402 736 1432 768 S.
1472 735 1622 769 Ludovici
1659 737 1745 780 regis
1778 748 1795 770 a
1819 737 1932 781 primis

1196 787 1337 830 vesperis
1362 799 1464 833 usque
1490 789 1527 822 ad
1562 799 1711 823 occasum
1747 791 1824 824 solis
1860 791 1931 825 sesti

1198 833 1404 883 huiusmodi,
1430 842 1565 886 singulis
1592 843 1684 876 annis
1710 844 1824 878 devote
1859 844 1934 879 visi-

1197 895 1352 935 taverint,
1378 901 1409 929 et
1434 896 1477 929 ibi
1496 906 1555 940 pro
1573 896 1827 932 christianorum
1844 898 1934 942 prin-

1197 948 1305 992 cipum
1331 950 1505 983 concordia
1521 977 1528 990 ,
1555 950 1729 984 haeresum
1748 952 1934 996 extirpatio-

1196 1012 1257 1043 ne,
1282 1013 1319 1036 ac
1345 1009 1473 1036 sanctae
1498 1004 1608 1037 matris
1628 1004 1792 1039 Ecclesiae
1815 1006 1934 1040 exalta-

1198 1054 1283 1088 tione
1309 1056 1377 1098 pias
1402 1056 1442 1089 ad
1467 1056 1567 1090 Deum
1593 1067 1706 1100 preces
1732 1057 1906 1092 effuderint
1925 1086 1933 1099 ,

1196 1109 1376 1152 plenariam
1403 1109 1546 1142 omnium
1571 1117 1780 1153 peccatorum
1802 1122 1935 1146 suorum

1195 1163 1432 1206 indulgentiam
1457 1169 1489 1196 et
1513 1164 1737 1198 remissionem
1755 1165 1938 1202 misericor-

1197 1216 1281 1249 diter
1306 1216 1338 1248 in
1363 1216 1497 1249 Domino
1527 1217 1753 1250 concedimus:
1785 1228 1938 1262 praesen-

1199 1270 1283 1303 tibus
1308 1269 1474 1314 perpetuis
1504 1269 1620 1303 futuris
1652 1270 1852 1315 temporibus
1883 1282 1937 1306 va·

1199 1324 1316 1357 lituris.

1244 1378 1258 1422 ἓ
1275 1377 1306 1410 ⁶2.
1319 1377 1472 1411 Volumus
1485 1382 1638 1411 autemut
1649 1378 1833 1413 earumdem
1847 1389 1936 1424 prae-

1200 1431 1341 1464 sentium
1380 1431 1564 1465 litterarum
1605 1432 1817 1477 transumptis
1836 1460 1844 1475 ,
1882 1444 1940 1468 seu

1201 1484 1369 1528 exemplis,
1385 1485 1482 1518 etiam
1497 1486 1679 1529 impressis,
1696 1497 1793 1520 manu
1806 1486 1939 1521 alicuius

1201 1538 1316 1572 notarii
1342 1538 1462 1582 publici
1481 1539 1681 1583 subscriptis,
1700 1544 1731 1573 et
1747 1539 1854 1584 sigillo
1867 1551 1941 1585 per-

1202 1603 1301 1626 sonae
1330 1592 1362 1626 in
1388 1592 1607 1626 ecclesiastica
1635 1593 1792 1636 dignitate
1824 1595 1941 1628 consti-

1204 1651 1290 1679 tutae
1315 1646 1447 1679 munitis
1465 1674 1472 1688 ‚
1498 1647 1613 1680 eadem
1637 1657 1772 1690 prorsus
1800 1646 1882 1681 fides
1906 1658 1941 1681 u·

1202 1699 1298 1742 bique
1317 1700 1462 1733 locorum
1477 1699 1644 1739 habeatur,
1662 1710 1746 1744 quae
1761 1700 1941 1734 haberetur

1202 1752 1280 1796 ipsis
1313 1752 1561 1796 praesentibus,
1592 1752 1617 1786 si
1647 1753 1755 1786 forent
1774 1753 1939 1788 exhibitae

1201 1807 1249 1840 vel
1270 1811 1435 1840 ostensae.

1246 1859 1360 1892 Datum
1381 1859 1510 1900 Romae,
1536 1859 1619 1903 apud
1644 1859 1675 1893 S.
1696 1859 1824 1894 Mariam
1841 1860 1940 1895 Maio-

1202 1923 1280 1953 rem,
1299 1913 1357 1946 sub
1383 1914 1504 1947 annulo
1530 1913 1711 1954 piscatoris,
1731 1913 1783 1947 die
1807 1923 1836 1947 lv
1861 1914 1938 1948 iunii

1203 1977 1399 2008 mcccxxxtv,
1425 1967 1630 2012 pontificatus
1655 1968 1758 2001 nostri
1782 1978 1868 2003 anno
1894 1979 1937 2003 lv.

1238 2030 1296 2058 Dat.
1318 2029 1361 2058 die
1382 2030 1395 2058 Δ
1416 2030 1483 2058 iunii
1506 2030 1590 2062 1734,
1611 2029 1706 2065 pontif.
1728 2038 1800 2058 anno
1820 2037 1856 2058 tv.

1489 2084 1523 2118 F.
1551 2084 1641 2118 card.
1668 2084 1848 2120 Omvmuus.

1478 2255 1664 2289 CXXXVIII.

1205 2345 1424 2387 Confirmatur
1448 2345 1608 2379 decretum
1625 2344 1766 2388 capituli
1780 2345 1942 2389 qeneralis

1248 2398 1382 2432 Ordinis
1405 2400 1548 2442 fratrum
1572 2399 1612 2432 B.
1640 2398 1766 2432 Mariae
1783 2399 1820 2432 de
1836 2398 1942 2432 Monte

1249 2452 1395 2485 Carmclo
1405 2451 1669 2485 Excalceatorum
1678 2456 1942 2496 nuncupatorum

1247 2514 1343 2548 super
1375 2504 1533 2538 divisione
1562 2505 1747 2549 provinciae
1770 2504 1938 2545 Potonia'e,

1247 2568 1283 2590 ac
1297 2558 1451 2591 erectione
1463 2568 1562 2592 novae
1571 2558 1759 2604 provinciae
1768 2557 1942 2593 Liluaniae

1248 2610 1327 2646 dicti
1355 2609 1500 2647 Ordinis.

1932 211 1983 238 An.
2000 211 2028 239 C.
2052 211 2119 238 1734

1988 1391 2050 1412 fule,-

1951 1421 2088 1445 sumptorum.

2074 1393 2128 1413 trau·

2168 1963 2182 2029 αι’,-
