2182 3137
183 264 238 290 An.
254 262 283 289 C.
303 261 373 289 ¹732

198 908 267 937 >Spes
285 907 369 927 Pontiu-

198 941 220 954 [S.

224 1437 286 1457 Fide<
310 1439 368 1456 trau-

184 1467 320 1489 sumptorum

202 1863 278 1882 Harum
291 1862 372 1883 littera-

188 1896 232 1909 rum
251 1890 344 1909 firmitas.

420 253 486 285 lili}

388 311 493 349 editis,
521 309 729 352 generalibus
753 309 802 342 vel
828 308 1038 352 specialibus,
1054 317 1126 340 con-

385 363 606 396 stitutionibus
633 368 665 396 et
689 362 967 401 ordinationibus,
991 371 1028 393 ac
1052 371 1126 404 qua-

386 427 598 460 rumcumque
613 414 1123 455 ecclesiarum,monasteriorum

382 475 413 502 et
445 471 593 502 locorum
629 469 758 512 piorum
795 468 1063 507 fundationibus,
1089 478 1124 499 ac

384 522 492 561 etiam,
514 522 709 561 iuramento,
729 520 978 554 confirmati0ne
997 526 1125 563 aposlo-

381 575 452 613 lica,
481 576 530 608 rel
557 575 669 618 quavis
695 574 845 607 firmitate
874 573 934 606 alia
962 572 1124 605 roboratis

381 629 511 660 statutis
538 634 568 660 et
600 627 912 667 consuetudinibus,
943 625 1124 670 privilegiis

381 692 509 724 quoque
524 708 531 720 ‚
559 681 692 714 indultis
715 686 748 713 et
770 681 887 713 litteris
912 678 1096 723 apostolicis
1115 706 1122 718 ‚

382 735 414 766 in
443 734 641 767 contrarium
666 733 918 777 praemissorum
952 732 1124 775 quomodo-

380 787 461 820 libet
485 787 660 826 concessis,
677 786 876 819 confirmatis
895 791 926 818 et
942 784 1122 823 innovatis;

381 841 562 884 ceterisque
588 841 761 873 contrariis
787 840 1058 884 quibuscumque.

425 895 440 937 ἓ
465 894 496 927 li.
523 894 670 927 Ceterum
708 903 875 937 speramus
904 892 1035 925 eosdem
1065 892 1126 923 Au-

382 954 509 990 gustum
535 958 645 989 regem
660 953 692 978 et
712 947 909 979 Fridericum
929 945 1125 987 principem,

384 1002 499 1034 ducatu
526 1001 672 1044 praefato
697 1000 734 1031 ad
762 1009 870 1031 verum
907 998 963 1030 Dei
1004 998 1125 1029 cultum

385 1066 422 1088 ac
448 1054 639 1087 ortodoxam
665 1052 786 1092 sidem,
813 1052 940 1084 favente
965 1061 1001 1082 ac
1033 1050 1127 1082 bene-

381 1108 510 1140 dicente
536 1106 673 1139 Domino
696 1133 703 1145 ‚
728 1105 860 1138 redacto
879 1131 886 1144 ‚
917 1115 976 1147 pro
1014 1114 1126 1136 eorum

380 1160 538 1201 singulari
566 1159 597 1191 in
625 1159 725 1191 Deum
750 1158 856 1201 ipsum
877 1157 1009 1200 pietate,
1029 1157 1127 1189 eccle·
1146 1173 1148 1188 ι

380 1213 503 1246 siarum
540 1213 697 1256 praedicti
738 1212 872 1245 ducatus
913 1211 1056 1243 rationes
1097 1215 1129 1241 et

381 1266 550 1300 commoda
575 1276 705 1308 semper
737 1276 833 1297 curae
860 1270 892 1297 et
916 1264 1006 1296 cordi
1038 1262 1127 1295 liabi-

383 1325 493 1359 turos,

381 1379 484 1405 turos.

425 1428 440 1470 ἓ
466 1427 497 1458 5.
527 1426 683 1458 Volumus
710 1431 828 1465 autem,
855 1430 889 1457 nt
906 1424 1150 1468 praesentium,

381 1479 619 1522 transumptis,
660 1479 754 1511 etiam
793 1478 960 1521 impressis
983 1504 990 1515 ,
1032 1488 1126 1510 manu

380 1532 516 1565 alicuius
542 1532 661 1565 notarii
688 1532 809 1575 publici
829 1531 1024 1573 subscriptis
1039 1536 1070 1563 et
1088 1530 1129 1562 si-

380 1586 458 1628 gillo
484 1596 646 1629 personae
672 1585 704 1617 in
726 1585 947 1618 ecclesiastica
969 1584 1128 1627 dignitate

381 1639 578 1672 constitutae
607 1639 765 1679 munim,
792 1639 905 1671 eadem
933 1648 1064 1681 prorsus
1099 1637 1129 1668 fi-

382 1693 438 1725 des
463 1692 495 1725 in
523 1692 643 1725 iudicio
664 1697 696 1724 et
714 1697 803 1724 extra
820 1692 1026 1728 adhibeatur,
1045 1701 1128 1734 quae

383 1745 461 1788 ipsis
495 1745 729 1788 praesentibus
763 1745 787 1777 si
824 1745 931 1778 forent
962 1744 1128 1777 exhibitae

383 1800 432 1831 vel
459 1805 622 1831 ostensae.

427 1853 442 1896 ἓ
467 1852 499 1884 ὅ.
526 1851 611 1884 Nulli
638 1862 718 1894 ergo
745 1852 880 1884 omnino
907 1851 1078 1883 hominnm
1097 1851 1129 1883 li

384 1911 455 1938 ceat
480 1906 565 1938 lianc
593 1905 744 1948 paginam
764 1911 895 1937 nostrae
914 1904 1127 1942 remissionis,

383 1959 660 1999 condonationis,
687 1959 864 1998 cessionis,
891 1957 1037 1997 decreti,
1063 1963 1128 1990 sta-

383 2013 442 2045 tuti
468 2023 505 2045 ac
530 2013 785 2052 declarationis,
812 2012 992 2054 infringere
1016 2012 1066 2044 vel
1099 2011 1127 2042 ei
1171 2029 1189 2064 †

382 2075 461 2098 ausu
487 2065 665 2099 temerario
684 2066 868 2105 contraire;
888 2065 912 2097 si
932 2064 1004 2108 quis
1021 2069 1128 2097 autem

383 2120 445 2152 lioc
471 2124 630 2152 attentare
658 2118 939 2162 praesumpserit,
978 2118 1129 2160 indigna-

384 2173 506 2205 tionem
538 2173 772 2216 omnipotentis
801 2172 858 2205 Dei
892 2178 923 2205 et
958 2173 1128 2204 beatorum

384 2228 467 2260 Petri
495 2233 526 2260 et
550 2227 639 2259 Pauli
667 2227 893 2270 apostoloium
919 2226 989 2258 eius
1014 2236 1047 2258 se
1074 2236 1129 2258 no-

383 2281 465 2313 ierit
489 2281 711 2312 incursur.um

515 1325 557 1357 ct,
586 1324 742 1362 quantum
769 1319 800 1350 in
828 1318 874 1350 eis
900 1318 977 1356 erit,
1003 1327 1149 1361 promo-¹

969 259 1150 283 BULLARtUM
1177 259 1331 283 ROMANUM

1346 307 1396 357 ᾗ
1422 307 1509 343 neo
1537 307 1744 344 CLEMENS

1196 383 1420 410 CA'THOLICAE
1447 384 1644 410 ECCLESIAE
1672 385 1878 412 EPISCOPUS.

1169 1253 1186 1279 Τ

1169 1294 1187 1329 †
1209 1292 1268 1331 Ego
1291 1293 1467 1323 Franciseus
1494 1295 1649 1334 episcopus
1682 1296 1827 1328 Ostiensis
1855 1308 1917 1329 car-

1250 1342 1356 1371 dinalis
1378 1342 1568 1374 Barberinus.

1170 1392 1187 1427 †
1209 1390 1267 1428 Ego
1292 1391 1393 1420 Petrus
1417 1392 1573 1432 episcopus
1609 1393 1793 1425 Tusculanus
1825 1396 1918 1426 cardi-

1250 1439 1326 1469 nalis
1348 1439 1524 1479 ottobonus,
1547 1441 1576 1472 S.
1604 1443 1638 1472 R.
1667 1443 1699 1473 E.
1724 1443 1919 1475 vice-cancel-

1251 1487 1354 1517 larius.

1177 1553 1181 1573 i

1172 1587 1190 1622 †
1213 1585 1272 1623 Ego
1295 1585 1422 1615 Annibal
1445 1585 1600 1626 episcopus
1624 1587 1794 1618 Sabinensis
1825 1589 1923 1619 cardi-

1252 1634 1328 1664 nalis
1350 1634 1380 1664 S.
1406 1635 1580 1673 Clementis,
1598 1635 1704 1666 S.R.E.
1722 1638 1914 1668 camerarius.

1171 1684 1190 1719 ἦ·
1213 1682 1271 1720 Ego
1309 1683 1475 1713 Ludovicus
1492 1708 1500 1722 ,
1535 1684 1691 1724 episcopus
1728 1685 1914 1724 Albanensis,

1253 1732 1414 1761 cardinalis
1436 1732 1534 1762 Picus.

1171 1782 1189 1817 †
1212 1780 1270 1818 Ego
1294 1780 1316 1810 l.
1346 1781 1381 1810 R.
1406 1780 1434 1811 S.
1457 1781 1605 1811 Laurentii
1635 1782 1665 1812 in
1698 1783 1806 1813 Lucina
1840 1783 1919 1823 prior

1251 1830 1403 1870 presbyter
1425 1831 1583 1860 cardinalis
1606 1831 1767 1870 imperiali.

1171 1930 1189 1965 †
1211 1928 1251 1966 Eg
1243 1938 1271 1967 ,⁷0
1294 1929 1326 1958 P.
1351 1930 1385 1958 Α
1422 1929 1500 1959 tituli
1534 1929 1564 1959 S.
1588 1929 1729 1959 Praxedis
1764 1930 1918 1970 presbyter

1251 1978 1280 2008 S.
1299 1979 1334 2008 R.
1351 1979 1383 2008 E.
1409 1979 1568 2008 cardinalis
1585 1979 1757 2009 Zondadari.

1212 2028 1252 2066 Eg
1237 2037 1271 2057 ιὀ
1300 2027 1332 2057 P
1335 2027 1393 2102 q.M
1430 2028 1506 2057 tituli
1540 2029 1570 2058 S.
1604 2028 1712 2058 Mariae
1744 2028 1921 2068 Transtybe·

1256 2077 1311 2106 rim
1359 2077 1422 2106 .P..
1441 2076 1474 2106 E.
1500 2077 1652 2116 presbyter
1675 2077 1832 2108 cardinalis
1853 2077 1920 2108 Cor-

1252 2125 1384 2155 tadinus.

1170 2176 1189 2240 ἶ

1176 2241 1181 2261 l

1170 2276 1187 2310 -μ

427 2333 539 2366 Datum
567 2333 688 2366 Romae
714 2333 800 2376 apud
833 2333 864 2365 S
902 2332 1033 2365 waliam
1070 2332 1128 2364 ῃῑ
1170 2324 1188 2360 †
1215 2323 1274 2361 Ego
1298 2322 1416 2353 Curtius
1439 2322 1516 2352 tituli
1539 2323 1570 2351 S
1594 2321 1746 2352 Eustachii
1772 2322 1801 2353 S.
1824 2323 1860 2353 P..
1883 2323 1915 2353 Ε.

383 2387 485 2420 iorem
510 2414 517 2426 ,
552 2397 635 2419 anno
672 2386 908 2419 Incainationis
945 2386 1126 2419 dominicae

381 2449 576 2480 mnenxxxu,
602 2449 644 2473 vu
683 2440 754 2472 idus
787 2439 877 2479 iulii,
917 2439 1127 2482 pontificatus

381 2494 486 2527 nostri
512 2503 596 2525 anno
622 2503 657 2526 lt.

417 2556 478 2582 Dat.
500 2555 546 2582 die
566 2556 582 2582 9
602 2556 660 2582 iulii
682 2555 761 2587 1732,
783 2555 886 2590 pontif.
906 2563 981 2582 auno
996 2561 1025 2581 11.

419 2663 429 2687 1
455 2661 606 2696 Praeposit.
628 2662 661 2688 in
681 2669 731 2689 nos
752 2661 880 2688 addimus
900 2663 937 2696 (n.
955 2663 1006 2695 T.).

1168 2472 1187 2646 -r-i-i--i-

1252 2370 1405 2409 presbyter
1428 2370 1588 2400 cardinalis
1610 2370 1728 2410 Origus.

1169 2424 1188 2459 -ι-

1211 2608 1269 2646 Ego
1292 2607 1430 2638 Nicotaus
1453 2607 1530 2637 tituli
1555 2607 1601 2637 Ss.
1623 2606 1710 2637 Nerei
1737 2611 1766 2637 et
1792 2606 1916 2636 Achillei

1272 2657 1300 2687 S.
1319 2659 1354 2686 R.
1372 2657 1404 2686 E.
1429 2656 1582 2696 presbyter
1600 2655 1760 2686 cardinatis
1780 2654 1915 2695 Spinula.

1924 261 1975 288 An.
1992 261 2022 289 C.
2043 262 2114 291 1732

2159 612 2178 642 l„
