2182 3137
59 217 106 243 An.
124 216 151 243 C.
178 216 240 244 1731

70 911 207 937 tuq-sumno
221 914 243 932 ut

57 938 77 958 iu
93 940 187 960 rubrica.

74 2363 196 2386 Clausulas.

874 222 1016 246 CLEMENS

254 268 393 301 musicae
421 269 560 309 tradant,
589 270 726 314 eiusque
753 271 827 304 libri
853 281 912 313 pro
934 281 999 303 ser-

259 321 335 354 vitio
361 322 452 354 cbori
494 328 524 355 et
562 325 696 356 aliorum
723 324 761 356 ad
788 323 817 355 id
846 333 995 356 necessa-

255 375 379 407 riorum
407 376 536 408 nonnisi
575 376 698 417 magnis
736 376 887 418 expensis
914 387 998 408 com-

254 428 532 471 pararspossint,
561 440 595 461 ae
621 430 716 461 etiam
744 429 820 471 quia
841 440 936 471 grave
955 429 998 461 ni-

256 482 314 513 mis
352 482 392 514 sit
429 481 503 514 siliis
539 482 722 514 institutum
750 488 812 515 tam
839 482 996 515 mirabilis

253 534 369 577 Sancti,
398 539 485 567 tanto
524 540 670 578 tempore
703 535 910 568 observatum
940 535 996 567 im-

254 587 516 628 1nuuu·e:‡n0bis
542 594 719 631 propterea
745 589 847 621 dictus
870 588 997 621 Gildar-

254 640 311 672 dus
350 646 411 673 tam
449 652 506 673 suo
544 652 641 684 quam
669 641 812 684 plurium
840 652 875 673 cx
903 641 996 674 dictis

253 693 430 735 provinciis
445 693 575 726 nomine
592 694 943 737 humilitersupplicari
957 695 997 726 fe-

253 746 296 777 cit
314 751 348 778 ut
368 746 406 778 de
426 753 612 789 opportuno
630 747 776 779 remedio
792 748 822 779 in
839 747 995 789 praemis-

253 799 296 832 sis
322 805 507 842 opportune
533 800 706 842 providere
726 800 765 833 de
792 800 995 843 benignitate

254 854 430 895 apostolica
456 853 676 895 dignaremur.

297 907 311 949 ἓ
348 906 378 939 5.
415 906 475 939 Nos
514 907 633 949 igitur,
667 907 769 950 ipsum
806 907 993 940 Gildardum

253 960 449 1002 specialibus
484 961 644 993 favoribus
677 967 708 993 et
740 961 852 1003 gratiis
886 972 995 1005 prosc-

253 1013 307 1056 qui
345 1013 513 1053 volentes,
546 1020 577 1047 et
609 1025 626 1046 a
662 1014 829 1057 quibusvis
866 1025 994 1047 excom-

251 1066 489 1105 municationis,
512 1067 736 1110 suspensionis
763 1073 793 1100 et
818 1068 993 1108 interdicti,

251 1119 389 1163 aliisque
428 1120 658 1153 ecclesiasticis
696 1121 886 1161 sententiis,
919 1132 994 1154 cen-

250 1173 332 1206 suris
365 1179 397 1206 et
429 1174 566 1217 poenis,
595 1185 612 1206 a
644 1174 710 1207 iure
737 1175 785 1207 vel
817 1174 856 1206 ab
891 1174 994 1207 bomi—

250 1237 300 1266 ne,
325 1227 437 1270 quavis
463 1227 632 1260 occasione
659 1228 709 1260 vel
735 1230 831 1260 causa
857 1227 940 1266 latis,
967 1227 991 1260 si

250 1281 368 1324 quibus
393 1281 640 1325 quomodolibet
665 1282 841 1314 innodatus
866 1281 989 1320 existit,

249 1334 288 1366 ad
314 1334 461 1367 ell‘ectum
487 1336 706 1378 praesentium
734 1339 900 1368 dumtaxat
917 1345 992 1367 con-

249 1387 464 1430 sequendum,
484 1388 599 1420 barum
624 1389 708 1421 serie
730 1386 936 1421 absolventes
962 1393 993 1420 et

250 1440 434 1473 absolutum
472 1441 540 1474 sore
577 1447 761 1481 censentes,
804 1441 989 1474 huiusmodi

249 1493 545 1537 supplicationibus
571 1495 728 1534 inclinati,
754 1495 954 1536 mandatum,
974 1506 991 1528 a

248 1554 429 1581 memorato
456 1548 634 1581 Benedicto
660 1549 915 1592 praedecessore
939 1560 990 1582 ca-

248 1600 352 1644 pitulo
378 1602 524 1644 generali
551 1612 652 1645 super
676 1607 769 1635 cantu
792 1602 989 1645 gregoriano

247 1653 280 1686 in
306 1654 413 1688 officio
446 1655 554 1688 divino
588 1660 619 1688 et
651 1655 750 1688 missa
784 1655 987 1689 conventuali

248 1707 377 1748 sactum,
403 1715 433 1742 et
457 1709 496 1741 ab
521 1709 635 1742 eodem
662 1709 806 1752 capitulo
833 1709 893 1741 sub
921 1719 988 1752 gra-

247 1761 337 1795 vibus
352 1763 464 1805 poenis
483 1763 669 1805 guardianis
687 1769 903 1796 conventuum
919 1774 988 1806 pro·

245 1815 422 1848 vinciarum
442 1815 629 1849 huiusmodi
647 1816 832 1849 ordinatum
855 1821 887 1849 ct
914 1815 988 1848 iuti-

246 1873 378 1909 matum,
404 1873 438 1901 ut
462 1869 657 1911 praefertur,
689 1880 749 1912 pro
787 1869 825 1901 iis
864 1875 986 1902 tantum

246 1921 442 1965 provinciiS,
470 1922 501 1954 in
528 1922 644 1966 quibus
680 1923 776 1955 totius
811 1923 985 1955 definitorii

245 1975 453 2019 provincialis
479 1987 658 2009 consensus
685 1977 870 2018 accesserit,
897 1982 928 2009 et
953 1977 985 2009 in

246 2029 361 2072 quibus
387 2030 569 2072 praeteritis
597 2030 797 2074 temporibus
830 2030 927 2063 suerit
951 2041 986 2062 u-

245 2092 300 2114 sus
329 2088 422 2115 cantu
458 2083 595 2126 simplici
631 2089 663 2116 ct
695 2094 759 2117 non
790 2084 986 2126 gregoriano

244 2136 402 2176 canendi,
431 2137 473 2169 ita
508 2143 613 2170 tamen
651 2143 683 2170 ut
719 2138 751 2170 in
788 2140 985 2181 unaquaque

244 2189 410 2231 provincia
436 2189 606 2223 unisormis
640 2191 680 2223 sit
715 2197 828 2224 cantus
864 2191 894 2223 in
922 2193 986 2223 tota

243 2242 418 2284 provincia,
445 2245 633 2277 auctoritate
659 2244 850 2287 apostolica,
873 2249 984 2277 tenore

244 2297 466 2338 praesentium
482 2324 489 2337 ,
518 2297 737 2331 moderamus.

286 2349 300 2393 ἓ
325 2348 356 2383 5.
383 2349 610 2391 Decernentes,
638 2351 766 2385 easdem
792 2356 985 2395 praesentes

242 2403 367 2436 litteras
393 2403 516 2445 sirmas,
545 2405 664 2438 validas
691 2410 721 2437 et
746 2404 893 2438 efficaces
920 2405 985 2438 exi-

242 2461 327 2490 stere
353 2462 384 2490 et
410 2458 495 2498 sore,
521 2468 661 2501 suosque
689 2458 852 2501 plenarios
879 2463 911 2491 ct
937 2458 984 2490 in-

243 2514 351 2553 tegros
384 2510 514 2544 ell'ectus
540 2511 649 2544 sortiri
684 2517 716 2544 et
752 2511 921 2551 obtinere,
947 2523 984 2544 ac

242 2563 323 2604 illis,
350 2564 387 2597 ad
414 2575 493 2608 quos
520 2569 644 2608 spectat
677 2569 708 2597 et
741 2575 798 2607 pro
833 2569 980 2608 tempore

243 2618 511 2662 quandocumque
531 2617 700 2662 spectabit,
722 2617 752 2650 in
772 2617 922 2652 omnibus
952 2623 982 2651 et

1044 223 1087 246 xit
1114 224 1164 247 Pr.

1044 282 1101 313 per
1127 273 1236 305 onmia
1263 274 1451 316 plenissime
1479 274 1667 317 sull'ragari,
1695 279 1725 307 et
1751 274 1789 306 ab

1043 323 1087 356 eis
1120 327 1300 367 respective
1333 327 1564 360 inviolabiliter
1596 328 1786 367 observari,

1043 376 1154 419 sicque
1187 378 1215 410 in
1253 380 1439 421 praemissis
1469 391 1528 423 per
1565 391 1788 423 quoscumque

1043 429 1165 462 iudices
1204 432 1387 464 ordinarios
1413 438 1445 464 et
1471 433 1663 474 delegatos,
1692 433 1787 465 etiam

1042 493 1208 515 causarum
1246 484 1357 527 palatii
1396 486 1569 528 apostolici
1596 487 1787 527 auditores,

1043 534 1178 568 iudicari
1206 542 1237 568 et
1263 537 1389 568 definiri
1417 538 1562 577 debere,
1591 550 1626 572 ac
1660 539 1786 573 irritum

1042 593 1071 620 et
1098 589 1193 621 inane
1220 589 1243 621 si
1272 600 1365 622 secus
1384 592 1552 633 superbis
1572 602 1587 623 a
1609 602 1784 635 quoquam,

1041 642 1153 684 quavis
1180 642 1381 681 auctoritate,
1400 644 1540 676 scienter
1557 646 1605 677 vel
1632 645 1786 687 ignoran-

1044 700 1100 734 ter,
1128 695 1304 738 contigerit
1330 696 1496 728 attentari.

1084 749 1098 790 ἓ
1122 748 1153 781 6.
1181 748 1250 781 Non
1277 748 1483 782 obstantibus
1517 750 1721 792 praemissis,
1749 762 1784 784 ac

1040 802 1322 834 constitutionibus
1356 807 1387 835 et
1421 802 1680 836 ordinationibus
1708 814 1785 846 apo-

1039 854 1175 895 stolicis,
1204 865 1344 895 necnon,
1366 861 1524 898 quatenus
1550 867 1631 899 opus
1657 857 1709 897 sit,
1729 857 1785 889 Or-

1040 907 1123 940 dinis
1145 914 1176 940 et
1201 908 1441 951 provinciarum
1469 910 1667 949 huiusmodi,
1688 910 1784 942 etiam

1039 960 1231 1001 iuramento,
1252 961 1500 996 confirmatione
1523 964 1712 1006 apostolica,
1730 969 1785 996 aut

1039 1015 1150 1058 quavis
1178 1015 1327 1048 firmitate
1364 1016 1426 1049 alia
1452 1016 1634 1057 roboratis,
1657 1017 1784 1049 statutis

1039 1073 1070 1100 ct
1095 1069 1401 1109 consuetudinibus,
1430 1069 1608 1113 privilegiis
1635 1080 1783 1113 quoque,

1038 1122 1172 1155 indultis
1199 1128 1230 1155 et
1251 1123 1368 1156 litteris
1395 1123 1580 1166 apostolicis
1601 1124 1631 1156 in
1651 1129 1783 1156 contra-

1038 1175 1120 1207 rium
1146 1176 1401 1219 praemissorum
1428 1177 1678 1220 quomodolibet
1706 1187 1783 1210 con-

1037 1229 1149 1269 cessis,
1176 1229 1374 1263 confirmatis
1400 1236 1432 1263 et
1457 1230 1635 1269 innovatis;
1665 1231 1781 1274 quibus

1036 1282 1186 1315 omnibus
1225 1286 1254 1316 et
1291 1282 1454 1326 singulis,
1481 1283 1611 1316 illorum
1649 1289 1780 1316 tenores

1036 1336 1265 1379 praesentibus
1291 1347 1350 1379 pro
1377 1337 1475 1380 plene
1513 1342 1544 1370 et
1580 1336 1781 1369 sufficienter

1036 1390 1198 1432 expressis
1224 1401 1259 1423 ac
1285 1390 1324 1423 de
1361 1390 1459 1423 verbo
1496 1391 1534 1423 ad
1569 1391 1703 1423 verbum
1730 1390 1781 1422 in-

1035 1443 1130 1476 sertis
1156 1443 1325 1482 babentes,
1353 1443 1417 1476 illis
1436 1444 1514 1476 alias
1533 1444 1566 1476 in
1584 1454 1643 1476 suo
1662 1443 1780 1476 robore

1036 1497 1268 1539 permansuris,
1283 1498 1321 1529 ad
1341 1497 1596 1541 praemissorum
1617 1497 1777 1536 effectum,

1035 1550 1094 1583 hac
1132 1550 1200 1582 vice
1238 1551 1421 1588 dumtaxat,
1449 1550 1637 1592 specialiter
1669 1555 1701 1582 ct
1726 1561 1780 1582 ev-

1034 1613 1142 1646 pressc
1169 1604 1360 1645 derogamus
1379 1615 1385 1642 ;
1406 1604 1588 1647 ceterisque
1608 1603 1778 1636 contrariis

1033 1657 1303 1700 quibuscumque.

1076 1710 1090 1753 §
1117 1710 1147 1743 7.
1177 1710 1327 1743 Volumus
1354 1716 1461 1743 autem
1495 1716 1529 1744 ut
1555 1710 1777 1754 praesentium

1033 1763 1212 1795 litterarum
1253 1764 1485 1807 transumptis,
1511 1775 1566 1797 seu
1594 1763 1751 1807 exemplis
1769 1790 1776 1804 ,

1031 1817 1126 1849 etiam
1153 1817 1340 1860 impressis,
1368 1827 1464 1849 manu
1498 1817 1633 1850 alicuius
1660 1817 1777 1850 notarii

1031 1870 1153 1913 publici
1179 1870 1394 1913 subscriptis,
1421 1876 1453 1903 et
1485 1870 1591 1913 sigillo
1618 1881 1777 1913 personae

1032 1923 1062 1955 in
1082 1923 1304 1956 ecclesiastica
1321 1923 1478 1966 dIgnitate
1497 1923 1690 1956 constitutae
1708 1934 1778 1956 mu·

1031 1976 1116 2016 nilis,
1143 1976 1258 2009 eadem
1287 1987 1419 2019 prorsus
1445 1976 1525 2009 tides
1545 1977 1577 2009 in
1596 1976 1717 2009 iudicio
1745 1983 1776 2009 et

1030 2034 1119 2061 extra
1144 2030 1350 2069 adhibeatur,
1375 2040 1458 2073 quae
1484 2029 1563 2073 ipsis
1591 2029 1775 2072 praesenti-

1030 2083 1087 2115 bus
1112 2083 1325 2116 adhiberetur
1350 2083 1374 2116 si
1397 2083 1504 2116 forent
1529 2083 1695 2116 exhibitae
1724 2083 1773 2115 vel

1030 2141 1194 2169 ostensae.

1073 2189 1187 2222 Datum
1209 2189 1340 2229 Romae,
1364 2189 1450 2232 apud
1476 2189 1507 2221 S.
1525 2189 1654 2221 Mariam
1681 2188 1777 2221 Maio·-

1031 2253 1109 2283 rem,
1135 2244 1195 2276 sub
1226 2244 1348 2276 annulo
1368 2243 1555 2282 piscatoris,
1574 2242 1626 2276 die
1647 2252 1687 2275 xli
1710 2242 1777 2274 iulii

1030 2305 1205 2336 noccxxxi,
1232 2294 1449 2339 pontificatus
1473 2295 1577 2328 nostri
1604 2306 1690 2328 anno
1717 2305 1738 2328 1.

1066 2357 1125 2385 Dat.
1149 2358 1193 2385 die
1215 2358 1248 2384 12
1271 2358 1327 2384 iulii
1353 2358 1429 2392 1731,
1452 2357 1554 2393 pontif.
1577 2365 1649 2384 anno
1672 2363 1689 2383 ι.

1369 2430 1402 2463 F.
1430 2429 1518 2463 eard.
1546 2429 1729 2463 Otivssaius.

1685 215 1749 249 ⁶269
1797 225 1846 250 An*
1866 225 1893 251 c.
1920 226 1980 254 1731

1867 762 1980 790 Derogauo

1796 792 1959 811 contrariorum.

1823 1719 1976 1746 Traneumpio·

1789 1751 1813 1766 ru
1823 1753 1833 1766 u
1849 1746 1909 1767 fidus.
