2182 3137
40 227 137 264 Amo,
160 234 227 262 ¹732
869 236 1011 258 emanas
1037 236 1081 259 xu
1109 238 1158 259 PP.
1665 227 1731 261 343
1776 239 1829 265 An.
1845 239 1875 265 c,
1895 237 1964 266 1732

274 294 312 314 iv.
338 285 369 314 In
393 284 561 314 domesticis
583 282 837 313 exhortationibus
866 281 901 315 ab
931 281 981 311 ab·
999 285 1002 318 Ι
1023 288 1052 313 et
1074 293 1110 313 an
1133 285 1220 315 alicui
1243 287 1280 316 sit
1305 287 1369 325 plus
1391 287 1545 316 familiaris
1566 295 1652 325 quam
1678 286 1767 322 attis3

234 332 302 363 hate
331 334 497 363 inculcetur
526 337 584 362 tam
615 336 733 362 sanctus
768 336 796 361 et
826 331 980 361 laudabilis
1000 322 1002 379 J
1023 341 1058 361 an
1082 334 1265 363 aversionem
1288 334 1379 364 animi
1401 337 1507 365 sentiat
1537 335 1573 364 ab
1604 335 1716 374 aliquo,
1741 339 1770 364 et

235 391 297 411 mos
319 391 333 411 a
358 382 465 412 sanctis
488 381 620 420 patribus
642 381 751 410 nostris
773 381 928 413 inductus.
951 384 979 410 et
1000 386 1002 431 t
1023 390 1058 408 an
1090 381 1218 411 offensus
1250 382 1287 412 sit
1320 383 1348 412 in
1385 384 1483 422 aliquo
1512 393 1526 412 a
1560 383 1716 422 quopiam,
1740 388 1770 412 et

234 430 362 460 alumnis
384 431 444 459 suis
466 429 592 458 maxime
615 429 845 458 commendatus.
862 428 935 458 Item
951 439 981 458 e-
1000 435 1002 452 ’ν
1023 430 1168 467 quomodo
1191 430 1230 459 sit
1253 431 1374 461 aflectus
1397 441 1465 470 erga
1489 442 1602 461 omnes.

233 478 280 507 ius
302 479 462 507 necessitas
485 482 513 506 et
536 477 645 506 utilitas
670 487 727 506 non
750 477 845 505 solum
867 477 901 505 ad
922 477 981 515 pri·
1000 455 1001 488 ¹
1101 479 1208 513 Quinto
1227 489 1233 507 z
1257 480 1330 509 Num
1356 486 1418 518 post
1455 482 1587 511 ultimam
1621 481 1765 511 rationem

234 530 349 562 vatum,
373 526 422 555 sed
446 526 534 555 etiam
557 526 592 555 ad
615 534 771 555 commune
793 525 902 554 bonum
919 525 979 564 spi·
1000 522 1001 561 Ῐ
1023 527 1220 557 conscientiae
1239 552 1246 565 ,
1271 538 1358 567 quam
1382 530 1527 560 reddidit.
1552 531 1690 559 maiorem
1720 535 1770 559 aut

233 575 341 604 rituale
364 575 548 604 ostendatur.
1000 599 1001 610 ,
1023 575 1168 604 minorem
1192 576 1320 605 fructum
1346 577 1459 606 fecerit.

59 641 90 661 „a
104 640 221 667 aperienda
272 633 299 653 ν.
325 623 533 662 Unusquisque
555 624 645 661 igitur
668 624 776 661 magna
798 631 864 652 cum
884 623 980 652 humi·
999 645 1001 668 l
1064 633 1111 653 vu.
1136 624 1217 659 Quod
1240 625 1400 654 monachus
1430 635 1496 655 cum
1527 626 1630 656 abbate
1650 651 1657 664 ,
1692 627 1768 656 idem

38 667 136 715 ξξιξζξῑίἃ
173 673 326 710 c⁰¹¹‘litate‚
345 672 398 702 sub
415 673 511 710 sigillo
533 672 638 702 secreti
662 672 816 709 naturalis,
837 677 886 701 aut
908 681 978 710 qua·
999 669 1001 724 Ξ
1024 676 1172 710 praestare
1195 672 1280 702 debet
1302 672 1393 702 abbas
1415 683 1482 702 cum
1505 675 1604 713 aliquo
1637 684 1672 703 ex
1707 684 1767 704 mo-

233 730 360 760 cumque
384 721 496 750 ratione
518 721 544 749 ei
569 721 730 759 placuerit,
746 725 833 750 totam
852 721 978 749 animam
1000 728 1001 755 ξ
1024 721 1125 749 uachis
1147 721 1224 750 circa
1248 721 1390 751 rationem
1417 723 1613 752 conscientiae
1631 724 1768 762 propriae

233 779 317 800 suam
345 770 444 800 abbati
470 770 653 799 manifestam
682 769 768 799 faciat
785 793 791 805 ‚
820 770 979 808 aperiendo
999 776 1001 804 ξ
1023 770 1214 799 reddendam.

234 819 366 849 defectus
389 829 472 857 suos,
496 828 544 848 eos
569 819 742 857 praesertim
759 818 865 857 quibus
886 819 979 856 magis
999 832 1000 837 =
1083 820 1155 848 Cin.
1180 818 1228 848 Xl.
1252 838 1290 842 —
1314 819 1352 848 [te
1373 821 1547 849 renovatione
1571 825 1701 849 roim-nm.

234 873 382 907 gravatur.
406 868 483 904 Quos
505 877 573 897 vero
596 868 624 897 in
645 867 784 897 fratribus
803 868 863 897 suis
879 868 979 906 depre-
1000 869 1001 897 i
1064 876 1082 896 Ι,
1107 867 1142 897 l't
1173 868 1286 897 firmius
1317 869 1476 898 umnasuca
1510 868 1666 907 disciplina
1699 870 1769 898 reti-

232 917 370 947 henderit
391 917 542 953 desectus,
567 916 661 946 eidem
684 916 782 946 abbati
805 917 924 947 revelet.
948 922 980 946 ut
999 929 1001 935 ⁴
1023 922 1148 953 neatur‚
1174 918 1310 946 monachi
1334 918 1427 948 nostri
1452 919 1480 947 in
1504 918 1549 947 die
1573 919 1645 947 festo
1674 919 1767 948 sancti

233 975 395 1004 congruum
419 966 580 995 remedium
603 970 704 1004 aptare
727 966 831 1004 possit.
999 961 1001 1015 j
1023 967 1113 1005 patris
1135 967 1254 996 Antonii
1276 967 1322 996 die
1346 976 1403 996 xvii
1426 967 1536 996 mensis
1556 967 1682 996 ianuarii
1705 971 1767 996 vota

274 1024 312 1044 v1.
327 1015 428 1053 Capita
445 1019 554 1049 autent,
572 1014 681 1053 ‹piibus
697 1014 894 1043 conscientiae
914 1024 979 1053 prn-
999 1018 1001 1065 ‡
1023 1015 1163 1044 solemnia
1181 1015 1310 1055 quolibet
1328 1025 1403 1045 anno
1419 1020 1561 1045 renovent
1584 1016 1638 1045 boc
1665 1017 1767 1046 modo:

234 1063 315 1103 priae
338 1064 412 1093 ratio
434 1064 581 1093 reddenda
605 1064 681 1094 erit.
707 1064 778 1093 baec
802 1064 860 1093 fere
884 1069 949 1093 sunt
970 1088 976 1097 .
999 1089 1000 1094 ,
1063 1073 1092 1093 n.
1117 1064 1148 1093 Iu
1172 1064 1403 1103 Congregatione
1422 1065 1632 1094 monachorum
1646 1067 1705 1094 una
1720 1066 1770 1095 he-

233 1122 267 1142 ex
290 1113 397 1152 quibus
419 1122 486 1142 cnm
509 1122 539 1142 ea
563 1113 698 1142 retulerit
722 1123 795 1152 quae
815 1113 978 1152 adplenum
999 1106 1001 1147 ζ
1024 1112 1163 1142 bdomadai
1190 1118 1256 1142 ante
1286 1114 1391 1143 festum
1425 1114 1518 1143 sancti
1553 1114 1642 1152 patris
1675 1115 1767 1144 nostri

234 1162 280 1191 sui
302 1162 568 1191 manifestationem
585 1162 706 1191 dicenda
723 1162 880 1201 putaverit,
901 1167 978 1201 petat
999 1168 1000 1200 1
1024 1162 1143 1191 Antonii
1177 1162 1266 1192 abbas
1289 1167 1405 1192 moneat
1427 1172 1528 1191 omnes
1551 1163 1704 1200 religiosos
1733 1163 1767 1192 de

234 1210 270 1240 ab
293 1211 398 1241 abbate
429 1215 460 1241 ut
489 1220 519 1240 se
551 1211 644 1250 ipsum
669 1211 877 1249 interrogando
901 1212 977 1241 iuvet
999 1209 1001 1237 ἶ
1024 1212 1123 1240 futura„
1146 1215 1277 1240 votorum
1296 1211 1500 1247 renovatione,
1518 1216 1549 1241 ut
1566 1212 1768 1250 unusquisque

234 1270 268 1289 ac
290 1261 447 1299 suppleat,
471 1261 495 1290 si
518 1261 587 1300 quid
613 1270 676 1290 esse
699 1261 805 1290 iudicet
839 1262 914 1300 qued
944 1262 978 1290 ad
1000 1249 1001 1260 ¹
1024 1270 1054 1289 se.
1071 1265 1224 1298 praeparet
1241 1260 1275 1289 ad
1293 1259 1507 1289 consessionem
1525 1260 1766 1289 sacramentalem

234 1310 375 1339 maiorem
400 1310 493 1348 ipsius
517 1310 650 1339 monachi
681 1311 841 1349 profectum
876 1320 980 1350 oppor-
1024 1309 1052 1337 in
1078 1309 1230 1347 pervigilio
1254 1309 1318 1338 festi
1353 1309 1398 1338 vel
1430 1309 1493 1347 ipso
1516 1309 1561 1338 die
1584 1309 1743 1338 faciendam
1759 1334 1766 1346 ,

235 1363 340 1388 tunum
364 1368 427 1388 esse
451 1359 604 1388 videatur:
1000 1355 1001 1358 ’
1023 1357 1085 1394 ubi,
1111 1358 1316 1387 conununione
1340 1358 1462 1387 fratrum
1486 1367 1517 1387 ac
1541 1358 1661 1396 liturgia
1685 1358 1769 1387 :bso-

55 1419 86 1440 Ds
100 1419 224 1446 quibust-e-
315 1408 434 1437 Primot
458 1408 501 1437 An
525 1408 602 1437 vivat
625 1413 779 1437 contentus
801 1408 880 1437 iuxta
898 1418 978 1437 suani
1024 1407 1082 1435 luta
1101 1431 1108 1443 ,
1132 1411 1348 1444 congregentur
1371 1415 1472 1435 omnes
1496 1406 1523 1435 in
1549 1406 1643 1435 locum
1667 1416 1681 1435 a
1706 1416 1768 1435 sne-

39 1445 224 1495 {pao-reddenda
236 1457 438 1491 vocationem,
463 1461 491 1486 et
523 1457 669 1496 quomodo
702 1466 732 1485 se
763 1456 869 1486 habeat
902 1458 978 1486 virt-a
1001 1462 1002 1465 ’
1023 1455 1173 1485 cularibus
1206 1459 1372 1493 separatum
1390 1480 1397 1488 ,
1422 1455 1451 1484 in
1474 1465 1530 1494 quo
1560 1454 1648 1484 abbas
1683 1455 1769 1484 faciat.

236 1510 301 1535 vota
325 1505 528 1535 substantialia
553 1505 715 1543 religionis.
1000 1518 1002 1542 ³.
1024 1504 1141 1533 brevem
1164 1504 1396 1533 adhortationem
1419 1504 1454 1533 de
1476 1503 1551 1532 votis
1584 1513 1650 1532 mox
1683 1513 1768 1532 reno-

317 1554 468 1584 Secundb:
492 1555 535 1583 An
555 1554 661 1583 sentiat
680 1554 793 1593 aliquas
809 1555 898 1583 animi
916 1565 981 1593 per·
1000 1566 1002 1591 g
1025 1554 1142 1583 vandis:
1169 1554 1274 1583 deiude
1301 1554 1425 1583 cantatis
1450 1553 1562 1582 litaniis
1588 1553 1620 1582 Β.
1639 1553 1767 1591 Virginis

238 1603 440 1640 turbationes,
474 1603 652 1632 tentationes
685 1604 821 1632 molestas
838 1627 844 1635 .
888 1608 917 1633 et
945 1605 980 1634 de
1000 1609 1002 1650 ;
1024 1602 1129 1631 Mariae
1147 1627 1153 1635 .
1179 1608 1205 1632 et
1228 1603 1358 1632 recitatis
1380 1606 1493 1631 secreto
1516 1601 1648 1631 oratione
1672 1602 1767 1631 (lomi-

237 1652 375 1681 t'acilitatc
398 1662 449 1681 seu
472 1652 645 1681 difficultate
667 1656 696 1681 et
719 1652 803 1681 modo
835 1653 876 1681 eis
909 1653 981 1682 resi-
1023 1652 1088 1681 nic-i:
1113 1657 1140 1681 et,
1163 1652 1338 1681 salutatione
1361 1651 1512 1690 angelica.
1537 1652 1599 1690 ipse
1615 1651 1705 1681 abbas
1718 1652 1769 1681 sse-

236 1701 331 1731 stendi
350 1726 357 1736 ,
382 1706 409 1730 et
431 1701 466 1730 ad
489 1711 561 1740 quos
583 1701 703 1730 affectus
727 1702 771 1730 vel
795 1706 910 1740 peccata
944 1702 981 1731 sit
1024 1701 1066 1730 xis
1089 1701 1213 1739 genibus
1235 1710 1333 1730 coram
1356 1701 1442 1730 altari
1475 1701 1551 1738 legat.
1584 1701 1661 1730 clara
1697 1711 1767 1730 voce

237 1749 330 1788 magis
366 1759 527 1789 propensus
550 1753 578 1779 et
602 1750 740 1779 incitatus
756 1754 814 1786 3'et
836 1750 980 1789 quomodo
1000 1740 1001 1756 ³
1022 1750 1192 1789 sequentem
1217 1750 1392 1779 formulam:

236 1798 372 1829 observet
407 1808 482 1838 quae
519 1808 553 1828 ex
585 1799 844 1828 constitutionibus
877 1804 905 1828 et
937 1809 980 1830 re·
1067 1809 1078 1825 α
1103 1799 1161 1837 Ego
1184 1799 1217 1828 N.
1242 1798 1276 1828 N.
1301 1808 1409 1828 renovo
1432 1808 1524 1827 ineam
1556 1800 1767 1837 profe-sionem

236 1847 313 1886 gulis
342 1852 403 1877 tum
435 1847 640 1877 communibus
673 1852 732 1877 tum
755 1847 843 1877 officii
866 1848 911 1877 sui
944 1849 979 1878 ad
1000 1866 1002 1876 i
1024 1848 1234 1879 monasticam,
1259 1852 1286 1877 et
1310 1847 1448 1886 promitto
1470 1848 1526 1876 Deo
1549 1848 1765 1886 omnipotenti,

236 1895 333 1935 ipsum
356 1896 515 1935 pertinent.
1024 1896 1208 1927 beatissimae
1246 1897 1357 1935 Virgini
1390 1897 1523 1934 Mariae,
1558 1901 1658 1926 sancto
1691 1897 1768 1935 patri

317 1944 431 1974 Tertio:
449 1945 598 1980 Quomodo
618 1944 705 1974 rebus
723 1945 928 1984 spiritualibus
943 1946 980 1976 sit
1024 1947 1115 1975 nostri
1130 1946 1267 1982 Antonio,
1284 1951 1311 1975 ct
1329 1946 1573 1975 reverendissimo
1590 1955 1654 1975 mco
1669 1945 1767 1975 abbati

238 1994 370 2029 affectus,
383 2003 508 2033 quarum
532 1994 675 2023 virtutum
698 1995 795 2024 statio
825 1995 980 2034 praecipue
1000 2002 1001 2024 t
1023 1995 1152 2033 generali
1175 1995 1208 2024 N.
1232 1994 1267 2024 N.
1290 1995 1412 2033 eiusque
1447 1994 1665 2023 successoribus
1700 1994 1768 2024 obe—

236 2043 379 2079 intentus,
403 2043 696 2082 quantumtemperisv
719 2044 842 2073 orationi
859 2044 978 2081 tribuat,
1023 2044 1161 2073 dic-utiam
1177 2069 1184 2077 ,
1209 2047 1408 2082 paupertatem
1432 2047 1460 2073 et
1483 2043 1648 2072 castitatem
1671 2053 1766 2082 usque

237 2097 266 2122 et
287 2097 348 2123 tum
372 2093 485 2129 vocali,
509 2103 544 2122 an
569 2094 664 2132 potius
699 2094 817 2123 mentali
839 2094 977 2129 iuvetur3
1000 2085 1002 2110 *
1023 2094 1057 2122 ad
1082 2097 1204 2123 mortem
1228 2095 1305 2121 iuxta
1330 2093 1460 2130 regulam
1484 2097 1512 2121 et
1540 2092 1766 2122 constitutiones

237 2152 308 2172 nuni
333 2143 361 2171 in
386 2143 524 2172 exercitio
547 2152 645 2172 rerum
666 2143 862 2182 spiritualium
880 2153 980 2173 conso·
1024 2147 1147 2171 nostras.
1173 2142 1244 2171 Item
1268 2142 1432 2180 promitto,
1458 2150 1502 2170 me
1525 2141 1635 2170 nullam
1669 2141 1766 2179 digni-

237 2192 377 2222 lationem
401 2191 517 2227 babeat,
543 2201 578 2221 an
603 2201 670 2221 vero
693 2194 807 2224 contra,
825 2192 980 2222 desolatio·
1000 2220 1002 2227 Α
1024 2195 1110 2220 tatem
1133 2191 1193 2220 sive
1216 2190 1245 2219 in
1268 2190 1376 2220 Ordine
1399 2194 1498 2219 nostro
1520 2189 1681 2219 monastico
1703 2190 1765 2219 sive

237 2250 305 2270 nem
328 2245 356 2270 et
379 2241 562 2279 vagationem
585 2240 690 2270 mentis
706 2241 852 2279 patiatur;
870 2241 904 2270 de
921 2242 981 2271 fru-
1023 2245 1102 2269 extra
1127 2239 1323 2276 ambiturum‚
1341 2239 1385 2268 vel
1409 2238 1622 2277 postulaturum
1646 2248 1698 2276 per
1718 2248 1764 2268 me

238 2293 306 2326 ctu,
330 2299 416 2329 quem
440 2299 474 2319 ex
497 2290 583 2319 sacra
604 2289 810 2319 communione
827 2313 834 2327 ‚
869 2291 981 2320 confes-
1023 2290 1118 2328 ipsum
1142 2293 1192 2318 aut
1215 2298 1265 2327 per
1287 2288 1370 2326 alios,
1389 2297 1439 2317 scu
1456 2290 1688 2326 acceptaturum,
1706 2288 1761 2318 nisi

238 2339 319 2369 sione
343 2343 371 2369 et
393 2339 458 2368 aliis
481 2338 630 2368 exercitiis
652 2338 856 2378 spiritualibus
886 2339 981 2378 perci·
1023 2339 1103 2368 iussu
1127 2339 1310 2377 superiorum
1334 2348 1362 2366 ».

238 2388 298 2428 piat
315 2398 323 2425 3
348 2388 382 2417 de
405 2387 684 2417 mortificationibus
703 2412 710 2425 ‚
736 2388 923 2427 poenitentiis
952 2393 979 2418 et
1103 2387 1131 2416 Si
1148 2387 1186 2416 sit
1202 2386 1292 2416 abbas
1306 2386 1463 2424 generalis,
1482 2385 1598 2415 omittat
1613 2394 1644 2414 ea
1662 2385 1760 2421 verba.

238 2436 305 2466 aliis
337 2445 411 2476 quae
433 2436 544 2466 faciunt
576 2436 610 2465 ad
638 2436 760 2475 spiritus
793 2436 952 2475 profectum
970 2462 977 2475 ‚
1022 2441 1046 2465 et
1068 2436 1296 2465 reverendissimo
1318 2444 1375 2463 meo
1395 2434 1484 2463 abbati
1499 2434 1635 2471 generali,
1652 2437 1764 2474 eiusque

237 2489 267 2516 et
289 2485 318 2515 in
342 2485 439 2524 specie
470 2484 506 2514 de
538 2485 760 2523 praeparatione
788 2485 823 2514 ad
855 2485 979 2515 iniurias
1022 2485 1232 2521 successoribus,
1250 2488 1278 2513 et
1293 2484 1355 2512 loco
1374 2491 1474 2512 corum
1491 2483 1578 2521 dicat,
1595 2487 1620 2512 et
1637 2493 1764 2513 revereri-

238 2537 267 2564 et
288 2534 343 2563 alia
368 2534 489 2563 molesta
511 2542 604 2572 aequo
626 2533 724 2563 animo
747 2533 877 2563 serenda.
1021 2535 1132 2564 dissime
1150 2534 1239 2563 abbati
1260 2532 1383 2570 pencrali
1403 2541 1455 2571 pro
1477 2535 1596 2570 tempore
1617 2533 1755 2563 existenti.

277 2581 410 2618 Quarto:
438 2582 477 2611 De
509 2581 649 2611 fratribus
665 2606 672 2619 ‚
705 2585 735 2611 et
765 2583 911 2621 quomodo
943 2592 977 2612 ex
1100 2582 1172 2612 Tum
1195 2590 1318 2619 surgens
1340 2579 1430 2609 abbas
1452 2580 1486 2609 ad
1510 2580 1586 2610 latus
1607 2580 1760 2612 dexterum

237 2639 340 2661 eorum
363 2631 585 2661 conversatione
608 2630 741 2670 proficiat
772 2631 801 2660 in
835 2630 976 2666 Domino,
1021 2631 1121 2660 altaris
1142 2630 1257 2660 sedeat:
1282 2638 1347 2658 mox
1370 2628 1419 2658 alii
1443 2628 1589 2664 monachi,
1607 2629 1687 2660 iuxta
1710 2640 1762 2660 an-

1797 887 1913 908 tjuotannis
1929 893 1961 907 re-

1780 918 1790 930 n
1802 912 1877 932 ›van-la
1894 916 1949 933 vota.

1806 1822 1905 1843 Fui-mula
1914 1839 1919 1846 ,
1934 1829 1960 1843 ac

1779 1854 1926 1870 caeremoniae
1940 1856 1961 1870 m

1779 1878 1875 1896 votorum
1899 1882 1961 1897 reno-

1779 1903 1872 1924 vatione.
