2182 3137
220 159 269 184 Aa.
284 157 314 183 G.
335 155 406 182 ¹730

248 1629 278 1650 De
296 1630 359 1649 modo
376 1630 405 1648 vi-

221 1659 330 1676 sitationis
356 1661 405 1681 spe-

221 1683 290 1703 stalis.

451 147 516 180 1⁶28

416 204 453 234 ad
474 204 568 234 dictos
592 204 756 233 visitatores
777 203 900 233 adducta
923 203 1044 239 suerint,
1068 202 1160 233 tribu-

418 252 546 287 natibus,
564 253 599 282 ad
618 261 691 292 quae
714 252 748 282 de
771 251 833 281 iure
856 251 1015 291 pertinent,
1039 260 1160 290 prorsus

414 301 594 340 relinquant.

458 360 487 379 x.
505 349 603 384 Quoad
616 358 761 388 expensas
773 348 955 378 visitatorum
968 348 1160 386 generalium,

417 402 550 428 servetur
564 397 662 436 praxis
678 400 706 426 et
718 396 900 426 consuetudo
915 397 1007 426 nostri
1020 396 1158 432 Ordinis;

420 455 526 485 nempe
549 446 624 486 quod
649 445 764 484 singula
789 445 966 475 monasteria
988 445 1067 474 illam
1091 454 1162 483 quo-

416 500 474 526 tam
498 500 526 525 et
548 496 741 534 quantitatem
756 518 763 531 ,
787 504 875 534 quam
897 495 927 524 in
949 493 1160 523 consuetudine

417 545 559 584 praxique
583 544 713 582 habent,
737 543 938 574 visitatoribus
960 542 1158 572 contribuant.

418 594 469 623 Sin
494 603 562 623 vero
585 593 701 631 aliquae
716 601 860 631 expensae
876 590 1127 621 extraordinariae
1145 599 1159 619 a

418 642 618 672 visitatoribus
636 642 731 671 factae
747 641 867 676 suerint,
885 645 953 680 puta
970 641 999 670 in
1016 640 1103 677 longa
1116 639 1159 668 in-

417 692 567 728 firmitate,
582 691 641 720 sive
660 695 752 720 morte
769 690 893 720 alicuius
909 689 1045 724 iumenti,
1060 688 1160 717 aliisve

417 728 575 775 similibus,
593 738 688 767 omnia
705 737 880 766 monasteria
898 745 968 765 suae
984 734 1160 764 visitationis

417 787 529 817 solvere
558 790 713 816 teneantur
745 786 827 815 iuxta
859 784 1098 815 distributionem
1130 784 1159 812 in

417 837 545 876 capitulo
568 836 696 875 generali
719 834 854 874 sequenti
876 833 1037 863 secundum
1060 832 1161 870 singu—

416 885 510 915 lorum
534 884 760 924 possibilitatem
783 883 861 912 inter
883 882 931 911 illa
959 880 1133 911 faciendam.

460 944 498 964 x1.
523 934 676 964 Monentur
698 933 863 962 visitatores
886 931 1057 969 generales,
1082 930 1159 968 quod

419 984 448 1013 in
476 982 659 1012 monasteriis
692 990 793 1011 eorum
823 979 1000 1009 visitationis
1035 983 1091 1008 tam
1125 979 1159 1007 ad

416 1032 572 1071 prandium
596 1039 681 1069 quam
704 1029 739 1058 ad
762 1037 898 1064 coenam,
922 1032 1008 1066 atque
1031 1028 1066 1056 ad
1088 1027 1160 1056 alios

415 1079 634 1109 communitatis
656 1082 748 1113 actuS,
772 1086 830 1116 qno
852 1076 956 1105 melius
980 1078 1117 1114 poterunt
1133 1079 1160 1104 et

417 1138 518 1159 eorum
542 1128 669 1157 officium
693 1126 863 1165 permittat,
894 1124 1059 1154 accedant:
1083 1124 1157 1153 intra

418 1178 544 1207 claustra
568 1176 726 1211 dormiant,
743 1179 774 1204 ut
796 1174 907 1203 silentii
929 1173 1091 1202 custodiam
1114 1182 1160 1201 ze-

416 1228 487 1262 lent,
504 1231 532 1256 et
547 1235 623 1256 unus
642 1225 745 1254 saltem
767 1223 886 1253 illorum
909 1222 1054 1252 matutino
1069 1222 1161 1251 inter-

418 1276 526 1305 veniat.
550 1274 658 1304 Curent
680 1273 814 1311 insuper,
834 1281 870 1300 ne
885 1274 968 1300 extra
983 1270 1159 1300 monasteria

416 1325 596 1361 discurrant,
613 1322 669 1351 nisi
692 1331 727 1350 ex
750 1319 916 1350 rationabili
939 1321 1038 1357 causa,
1056 1323 1086 1348 ut
1102 1318 1160 1348 cito

416 1372 545 1402 visitatio
568 1370 758 1410 expediatur3
781 1373 869 1408 atque
892 1369 927 1398 ea
949 1368 1090 1407 completa
1105 1391 1113 1405 ,
1130 1367 1159 1397 in

416 1419 603 1449 monasteriis
626 1418 671 1448 vel
693 1417 820 1456 granciis
853 1426 911 1446 non
934 1426 964 1446 se
987 1416 1158 1453 detineant,

416 1478 452 1498 ne
475 1467 592 1505 gravosi
615 1467 687 1506 ipsis
710 1465 895 1495 monasteriis
917 1464 998 1494 fiant.

628 1542 824 1573 Coxsrlrurio
847 1540 941 1570 LXIX.

455 1616 504 1645 Est
525 1619 550 1644 et
576 1615 633 1644 alia
661 1615 762 1652 species
789 1613 976 1649 visitationis,
1010 1621 1078 1650 quae
1106 1612 1156 1650 sit,

416 1664 543 1703 quando,
571 1673 624 1702 pro
647 1663 804 1692 necessitate
832 1661 926 1700 aliqud.
951 1666 1011 1700 post
1033 1662 1159 1699 gencra'e

416 1712 570 1752 capitulum
588 1715 751 1749 emcrqente,
768 1712 857 1740 maior
875 1720 943 1749 pars
965 1710 1086 1739 alicuius
1106 1720 1160 1739 mo-

417 1761 534 1790 nasterii
553 1764 714 1796 conventus,
733 1759 773 1788 vel
795 1759 897 1797 aliquis
912 1758 1059 1787 monachus
1080 1759 1157 1796 eius,

419 1811 484 1849 quia
513 1809 699 1849 periculosum
727 1809 779 1837 sibi
806 1809 913 1837 videtur
941 1812 988 1837 aut
1008 1808 1091 1837 nimis
1112 1809 1160 1837 da-

416 1868 541 1888 mnosum
564 1868 648 1896 usque
673 1858 708 1886 ad
724 1857 877 1896 capitulum
898 1856 1026 1894 ⁸qenerale
1045 1857 1160 1895 differre

419 1908 489 1946 quod
502 1911 600 1945 yrarat
611 1930 618 1944 ,
635 1907 700 1935 duos
717 1906 749 1935 de
766 1905 880 1938 Ordine,
898 1914 978 1943 quam
1000 1906 1029 1933 ob
1048 1914 1160 1934 causam

418 1966 461 1986 cos
488 1960 563 1994 petat
591 1956 753 1988 insinuans,
779 1964 795 1983 a
821 1959 901 1992 patre
921 1953 1046 1990 generali
1073 1954 1159 1982 cidem

416 2004 580 2033 monasterio
599 2002 720 2042 postulat
741 2003 886 2032 destinari.
912 2001 966 2037 Qui
985 2002 1093 2040 quidem
1109 2012 1160 2040 pa-

417 2058 458 2082 ter
476 2051 613 2091 generalis
630 2061 713 2080 unam
738 2055 785 2080 aut
806 2051 875 2079 duas
895 2049 1009 2080 Ordinis
1028 2060 1159 2088 personas

418 2102 539 2138 idoneas,
556 2100 610 2135 vel,
629 2101 652 2129 si
668 2100 719 2129 sibi
735 2100 898 2129 commodius
913 2100 1048 2137 videatur,
1066 2100 1159 2128 risita-

419 2154 489 2178 tores
507 2149 646 2187 generales
658 2158 709 2186 per
722 2149 848 2187 prorime
868 2148 1034 2186 praecedens
1052 2150 1160 2186 capitu-

418 2199 476 2228 [τινι
500 2199 650 2236 assignatos
670 2198 708 2226 eis
728 2198 864 2226 destinare
886 2207 937 2226 non
957 2198 1079 2236 disfurat,
1097 2202 1156 2231 suri,

417 2251 500 2286 prout
515 2246 644 2285 expedire
659 2247 768 2283 viderit,
783 2247 942 2284 provisuros
959 2246 1156 2276 sollicitudine.

418 2295 452 2324 Et
467 2296 539 2324 idem
558 2295 645 2333 possit
660 2296 751 2333 facere
766 2295 854 2323 dictus
872 2298 953 2333 pater
973 2295 1111 2332 qenerulis
1126 2306 1159 2323 ea:

383 2342 388 2346 “
419 2354 466 2372 suo
487 2345 602 2383 proprio
622 2344 719 2382 officia,
736 2347 766 2372 ut
785 2344 886 2372 viderit
908 2344 1090 2372 necessarium
1113 2354 1158 2372 seu

421 2396 624 2430 opportunum,
649 2392 758 2420 etiamsi
780 2401 833 2420 non
855 2395 966 2430 petatur
988 2402 1003 2420 a
1025 2396 1159 2420 conarmtu

420 2451 466 2469 seu
493 2441 524 2469 ab
552 2441 647 2479 aliqud
673 2441 732 2469 eius
749 2442 887 2479 persona:
910 2449 992 2479 super
1021 2450 1072 2478 quo
1093 2441 1160 2469 dicti

420 2490 510 2527 patris
529 2489 667 2526 generalis
691 2489 884 2518 conscientiam
905 2498 1060 2518 oneramus.
1080 2489 1160 2518 Missi

422 2541 512 2566 autem
538 2537 631 2566 debent
656 2539 686 2566 eo
704 2538 841 2577 proficisci
865 2546 980 2572 necesse,
1009 2538 1064 2566 nisi
1088 2538 1160 2566 iustti

1002 154 1185 179 BULLARIUM
1212 155 1369 179 ROMANUM

1202 205 1287 233 causti
1302 205 1501 244 impediantur,
1519 215 1600 245 quam
1618 206 1703 235 eidem
1724 207 1802 246 patri
1820 207 1944 245 generali

1203 253 1350 290 notificent,
1366 254 1413 291 qui
1427 253 1495 283 alios
1511 254 1543 283 ad
1559 254 1588 283 id
1603 256 1726 293 ipsorum
1742 254 1798 284 loco
1813 257 1941 293 asstynet.

1202 298 1234 329 Si
1262 310 1323 329 vero
1352 301 1508 331 huiusmodi
1529 303 1671 337 destinati,
1695 303 1793 342 absque
1820 303 1944 341 legitima

1204 349 1399 387 excusatione,
1426 351 1477 388 qao
1506 350 1649 385 iubentur,
1684 361 1737 380 non
1766 352 1886 389 iverint,
1910 352 1944 380 ad

1203 405 1283 435 saepe
1305 398 1372 427 dicti
1391 399 1480 436 patris
1501 399 1639 436 qenai-alis
1660 399 1809 428 arbitrium
1822 400 1945 438 punian-

1204 447 1260 473 tur.
1284 445 1353 474 Pari
1372 455 1476 485 quoque
1494 449 1585 485 forma
1603 458 1655 486 per
1684 448 1808 476 eumdem
1836 452 1945 486 patrem

1201 493 1355 530 =qeneralem
1372 495 1472 532 puniri
1486 495 1659 524 decernimus
1674 505 1854 534 quoscumque
1868 497 1945 535 prio-

1204 551 1247 570 res
1270 542 1312 571 [εἰ
1333 543 1493 580 monarbos,
1517 545 1564 582 qui
1592 544 1623 573 ab
1645 546 1725 583 ipso,
1754 554 1806 583 pro
1831 546 1945 583 negotiis

1204 599 1272 627 quae
1296 589 1394 620 Ordini
1425 596 1471 620 aut
1499 593 1624 631 propriis
1652 594 1824 622 monasteriis
1853 593 1945 622 taliter

1204 643 1356 668 vocatorum
1379 641 1509 679 empedire
1531 642 1707 677 iudicaverit,
1730 642 1869 679 accersiti,
1889 643 1945 671 sive

1204 686 1295 725 aliquo
1318 688 1358 717 ire
1386 689 1471 725 iussi,
1496 689 1530 717 ad
1558 690 1648 728 ipsum
1676 692 1787 723 venire,
1817 699 1865 718 seu
1894 691 1945 728 qno

1203 737 1351 765 mittuntur
1372 738 1413 766 ire
1435 738 1615 776 neglexerint.
1631 739 1686 767 nisi
1707 740 1791 767 causa
1810 738 1943 776 legitima,

1204 788 1233 813 ut
1247 786 1446 823 praemittitur,
1471 791 1646 816 excusentur.
1671 787 1835 816 Huiusmodi
1855 792 1946 817 autem

1204 834 1335 872 speciales
1367 835 1521 864 visitatores
1543 846 1601 865 eam
1631 841 1789 874 potestatem
1812 837 1944 873 habeant,

1204 891 1272 920 quae
1292 883 1467 919 generalibus
1495 885 1684 914 visitatoribus
1710 895 1835 914 concessa
1862 889 1901 915 est
1929 896 1946 915 a

1204 931 1323 969 capitulo
1344 933 1491 969 yrenei-ali:
1513 937 1538 962 et
1559 944 1618 962 eam
1634 935 1663 963 in
1678 935 1801 972 negotiis,
1825 934 1855 963 ob
1877 944 1946 973 quae

1203 980 1292 1009 vocati
1314 984 1386 1014 sunt,
1412 982 1644 1019 irrefragabiliter
1656 987 1784 1021 poterunt
1798 993 1944 1013 exercere:

1203 1027 1283 1056 nulla
1305 1033 1395 1057 tamen
1418 1031 1647 1067 transmedientes
1668 1041 1701 1059 ez
1721 1036 1801 1069 parte
1826 1033 1946 1069 formam

1204 1085 1284 1113 quam
1304 1077 1478 1113 generalibus
1500 1079 1686 1107 rrisitatoribus
1701 1089 1785 1117 supra
1801 1080 1948 1118 descripsi.-

1204 1133 1264 1152 mus
1298 1134 1353 1152 esse
1387 1125 1541 1154 tenendam.
1581 1126 1706 1155 Ceterum
1742 1128 1766 1156 si
1800 1132 1946 1157 conventus

1203 1171 1233 1202 S.
1257 1172 1474 1211 Bartliolomaei,
1498 1179 1545 1204 aut
1576 1176 1678 1214 aliquis
1700 1177 1946 1215 ciusmonachus,

1203 1221 1234 1249 de
1256 1231 1303 1250 suo
1323 1223 1428 1260 priore,
1453 1224 1560 1261 quando
1588 1225 1709 1253 vicarius
1734 1226 1872 1263 yeneratis
1895 1225 1946 1256 Or-

1203 1270 1277 1299 dinis
1298 1272 1402 1309 easistit,
1426 1273 1527 1301 iustam·
1548 1282 1576 1302 se
1604 1274 1696 1303 credat
1725 1275 1822 1304 babere
1850 1285 1946 1314 quere-

1204 1318 1278 1353 lam,
1301 1324 1387 1358 possit
1409 1320 1444 1349 ad
1465 1322 1585 1350 eiusdem
1606 1324 1765 1352 monasterii
1793 1324 1945 1354 visitatores

1203 1368 1327 1396 eumdem
1350 1368 1447 1397 habere
1478 1378 1641 1404 recursum,
1673 1380 1751 1408 quem
1773 1375 1861 1401 cetera
1889 1382 1946 1401 mo-

1204 1417 1325 1445 nasteria
1342 1415 1455 1446 Ordinis
1474 1423 1587 1455 possunt
1609 1419 1643 1447 ad
1662 1424 1770 1457 patrem
1789 1420 1946 1458 generalem

1204 1465 1301 1494 babere
1314 1477 1324 1499 ,·
1348 1465 1376 1494 in
1398 1475 1449 1504 quo
1471 1475 1536 1495 casu
1557 1468 1712 1496 visitatores
1731 1469 1868 1506 praedicti
1889 1479 1946 1498 mo-

1204 1515 1319 1543 nasterii
1340 1514 1370 1544 S.
1390 1515 1600 1549 Bartlzolomaei,
1618 1526 1678 1545 cum
1698 1527 1749 1555 per
1770 1522 1943 1555 conventum,

1203 1568 1250 1591 aut
1272 1563 1391 1601 aliquem
1422 1564 1584 1593 monachum
1610 1565 1729 1594 eiusdem
1757 1567 1866 1604 fuerint
1886 1577 1946 1596 evo-

1203 1612 1266 1645 cati,
1290 1614 1383 1640 venire
1404 1622 1457 1640 non
1479 1613 1622 1651 differant,
1646 1617 1671 1641 et
1694 1614 1721 1642 in
1744 1624 1773 1642 eo
1794 1624 1859 1643 casu
1878 1625 1946 1654 pro-

1203 1660 1323 1697 videant,
1347 1661 1429 1689 sicuti
1451 1661 1477 1689 in
1501 1663 1596 1690 ceteris
1620 1672 1686 1691 suae
1715 1663 1878 1692 visitationis
1899 1665 1946 1694 do—

1203 1707 1289 1736 mibus
1307 1709 1334 1736 in
1354 1718 1418 1737 casu
1440 1708 1527 1737 simili
1547 1710 1734 1747 proriderent.
1761 1710 1838 1745 Quod
1852 1713 1876 1741 si
1895 1713 1947 1741 liu-

1203 1757 1320 1785 iusmodi
1343 1758 1494 1786 risitatores
1516 1760 1590 1796 faetti
1613 1748 1790 1797 inquisitione
1804 1763 1946 1799 reperiant

1205 1806 1292 1843 (quod
1314 1806 1358 1834 abs
1373 1809 1397 1837 t)
1421 1807 1543 1835 eunulem
1564 1809 1685 1845 priorem
1709 1809 1846 1837 ricarium
1866 1819 1946 1847 yene-

1202 1853 1289 1881 ralem
1313 1852 1427 1883 Ordinis
1449 1865 1464 1882 a
1483 1856 1626 1893 prioratus
1649 1857 1736 1894 officio
1757 1858 1816 1895 fore
1847 1858 1946 1887 merito

1203 1901 1412 1939 absolvendmn,
1444 1908 1534 1931 vocent
1566 1904 1628 1932 illos
1660 1906 1707 1942 qui
1738 1915 1788 1943 per
1816 1906 1944 1943 generale

1203 1951 1355 1989 capitulum
1376 1953 1491 1990 fuerunt
1513 1953 1547 1981 ad
1568 1954 1713 1982 tenendum
1738 1954 1879 1992 privatum
1900 1964 1946 1984 ca-

1200 2000 1321 2037 pitulum
1351 2001 1483 2037 assignati
1497 2025 1504 2037 ,
1529 2006 1553 2029 et
1576 2001 1621 2030 illi
1649 2001 1843 2031 absolutionem
1865 2003 1945 2032 illam

1202 2051 1294 2087 facere
1313 2053 1453 2087 poterunt,
1477 2051 1501 2078 si
1524 2050 1641 2079 viderint
1663 2052 1803 2088 expedire.
1824 2050 1941 2088 Rursus,

1202 2098 1226 2125 si
1248 2097 1341 2135 aliqua
1370 2099 1533 2126 monasteria
1561 2100 1646 2127 nostri
1676 2098 1789 2128 Ordinis
1816 2100 1889 2128 inter
1916 2110 1944 2130 se

1202 2146 1339 2183 continyat
1355 2146 1452 2174 babere
1467 2146 1641 2182 discordiam,
1655 2148 1859 2184 monasterimn,
1875 2148 1944 2186 qaod

1203 2197 1337 2225 iniuriam
1357 2197 1474 2234 patitur,
1491 2196 1567 2233 patri
1585 2195 1706 2230 qenerali
1728 2196 1880 2234 siqnfficet:
1896 2197 1944 2234 qui

1202 2244 1345 2273 destinabit
1374 2245 1399 2273 ei
1429 2253 1513 2272 unum
1536 2244 1576 2272 vel
1598 2244 1663 2272 duos
1685 2244 1815 2273 discretos
1837 2246 1869 2274 dc
1893 2244 1944 2275 Or-

1202 2294 1274 2326 dine,
1298 2293 1345 2330 qui
1365 2292 1448 2331 plane
1470 2296 1494 2320 et
1522 2293 1581 2321 sine
1602 2294 1701 2330 nzrtqnti
1724 2294 1795 2322 iuris
1816 2293 1946 2322 solemni·-

1202 2346 1255 2370 tate
1276 2341 1440 2369 discordiam
1462 2341 1654 2369 terminabunt.
1680 2340 1756 2376 Quod
1785 2342 1808 2370 si
1841 2341 1944 2380 aliquis

1202 2390 1242 2419 vel
1264 2389 1353 2428 aliqui
1368 2390 1495 2428 priorum
1511 2394 1557 2418 aut
1574 2389 1769 2418 monachorum
1784 2390 1944 2419 discordan-

1202 2439 1270 2468 tium
1285 2440 1392 2477 fuerint
1413 2442 1583 2467 contumaces
1598 2439 1626 2467 in
1649 2448 1701 2467 non
1723 2439 1853 2467 servando
1874 2439 1945 2476 quod

1202 2489 1289 2526 fuerit
1308 2488 1460 2526 definitum,
1484 2488 1518 2516 ad
1540 2488 1661 2526 ipsorum
1683 2487 1882 2516 destinatorum
1897 2497 1950 2516 ar*

1203 2537 1315 2566 bitrium
1338 2537 1572 2566 animadversione
1593 2536 1682 2565 debita
1704 2536 1882 2574 castigentur.
