2182 3137
225 252 277 279 An.
293 253 321 279 c.
346 250 412 278 ¹733
459 241 522 275 520

255 1480 375 1503 Concessio,

1226 130 1237 145 Ὶ

1018 249 1198 274 BULLARIUM
1222 249 1377 275 ROMANUM
1948 250 1997 277 An.
2015 250 2044 277 G.
2069 249 2135 279 1733
2150 258 2155 266 ““

421 300 595 334 accedente
632 299 785 343 insuper,
813 300 923 344 quod,
950 309 1020 332 cum
1045 309 1163 332 memo-
1208 303 1292 332 trum
1320 298 1584 332 Praedicatorum
1601 325 1608 338 ,
1636 309 1714 342 quas
1730 297 1946 332 observantes

422 359 508 386 ratae
534 353 809 396 congregationes
836 358 978 387 exactam
1006 352 1163 395 regularis

422 406 610 449 disciplinae
648 406 889 439 observantiam
929 406 1164 450 profiteantur,

421 459 525 493 omnis
558 459 653 502 aequi
690 459 833 503 bonique
859 461 955 493 etiam
983 459 1162 493 communis

423 512 518 547 totius
542 512 671 545 Ordinis
696 513 779 546 ratio
806 513 929 556 poscit,
956 513 1083 546 illarum
1117 513 1163 545 vi-

422 566 526 599 carios
562 566 715 609 capitulis
753 566 939 599 huiusmodi
977 566 1104 606 adesse,
1132 565 1162 598 in

423 620 542 663 quibus
569 619 608 652 de
635 618 856 662 praeficiendo
881 619 1033 662 magistro
1068 630 1164 661 gene-

423 673 492 713 rali,
520 673 569 706 vel
596 673 635 705 de
662 673 883 716 promovenda
909 672 1049 716 regulari
1072 672 1166 705 disci·

423 727 511 770 plina
537 726 690 770 praefata,
716 727 765 759 vel
793 727 832 759 de
860 726 1032 766 tollendis,
1060 725 1084 758 si
1111 726 1165 769 qui

423 779 638 823 irrepserint,
671 779 827 812 abusibus
861 779 981 821 agitur,
1020 778 1165 821 alioquin

423 834 527 867 dictae
553 834 824 876 congregationes
849 834 890 867 ob
909 834 1013 876 ipsam
1032 832 1167 866 exactio-

423 897 490 920 rem
517 887 757 920 observantiam
779 886 827 919 eui
850 886 977 920 assidue
997 885 1164 925 insistunt,

424 940 598 974 deterioris
618 945 728 973 essent
740 939 937 972 conditionis
953 938 1070 972 ceteris
1087 938 1165 970 eius-

424 994 497 1027 dem
523 992 651 1026 Ordinis
684 992 864 1035 religiosis,
890 1002 926 1025 ac
958 992 1109 1024 damnum
1135 996 1167 1024 et

424 1045 666 1079 incommodum
692 1045 870 1083 sentirent,
898 1044 924 1077 si
962 1044 1001 1076 iis
1038 1044 1165 1087 privile-

424 1099 484 1142 giis
511 1103 680 1139 carerent,
708 1099 825 1142 quibus
850 1098 953 1131 dictae
978 1092 1165 1142 provinciae

424 1152 576 1195 gaudent,
596 1162 632 1185 ac
658 1151 747 1195 ipsae
772 1151 867 1184 etiam
893 1150 1165 1194 congregationes

424 1206 503 1239 citra
528 1205 623 1239 ullam
649 1204 895 1238 contentionem
912 1205 915 1208 ’
932 1215 969 1237 ac
995 1203 1167 1237 dubitatio-

424 1270 498 1293 nem
525 1259 717 1301 gauderent,
735 1258 773 1299 si,
793 1258 933 1292 remisso
955 1257 1166 1291 accuratioris

425 1312 616 1357 disciplinae
642 1312 768 1353 studio,
794 1312 826 1345 in
856 1311 1039 1356 provincias
1065 1311 1167 1354 erige-

425 1371 555 1406 rentur,
583 1366 669 1409 quod
695 1365 822 1409 aliquot
847 1366 960 1398 saltem
987 1375 1022 1398 ex
1048 1364 1113 1405 eis,
1141 1363 1167 1398 si

426 1424 595 1464 peterent,
622 1419 777 1462 denegari
802 1418 972 1462 nequiret:

472 1473 543 1517 §2
571 1472 654 1506 Hinc
688 1477 737 1505 est
772 1472 860 1516 quod
895 1482 974 1512 nos,
1001 1471 1039 1504 ad
1074 1481 1168 1516 prae-

426 1527 522 1560 missa
546 1531 701 1570 paternae
726 1531 858 1559 nostrae
888 1525 1066 1568 dirigentes
1092 1536 1168 1559 con·

427 1579 635 1614 siderationis
660 1580 823 1621 intuitum,
850 1579 1073 1623 dictarumque
1092 1590 1169 1613 con·

427 1634 653 1677 gregationum
689 1644 725 1666 ac
752 1634 885 1666 fratrum
912 1633 944 1665 in
970 1633 1014 1666 eis
1050 1633 1169 1675 degen-

429 1689 505 1721 tium
532 1686 649 1727 statui,
677 1686 880 1720 indemnitati
907 1697 942 1719 ac
968 1686 1167 1719 felicioribus

428 1741 459 1774 in
486 1741 553 1774 dies
578 1740 818 1784 progressibus,
845 1744 1001 1783 quantum
1020 1749 1092 1772 cum
1111 1739 1169 1772 Do-

427 1795 516 1829 mino
552 1805 746 1839 possumus,
784 1793 962 1827 salubriter
998 1794 1169 1827 consulere

428 1849 599 1888 volentes,
637 1858 766 1882 necnon
807 1847 996 1881 eorumdem
1036 1847 1169 1879 fratrum

428 1902 611 1945 singulares
637 1911 793 1945 personas
819 1911 835 1933 a
853 1899 1021 1944 quibusvis
1043 1909 1170 1933 excom-

428 1955 670 1995 municationis,
697 1953 916 1998 suspensionis
942 1958 973 1986 et
993 1952 1172 1993 interdicti,

429 2009 564 2053 aliisque
580 2007 806 2042 ecclesiasticis
822 2005 1005 2047 sententiis,
1025 2005 1171 2039 censuris

429 2069 461 2096 et
486 2063 613 2107 poenis,
640 2073 657 2095 a
682 2062 751 2094 iure
770 2062 818 2095 vel
837 2061 876 2094 ab
895 2060 1041 2100 homine,
1062 2058 1171 2103 quavis

428 2117 599 2151 occasione
623 2116 674 2149 vel
699 2117 793 2148 causa
811 2114 892 2155 latis,
911 2114 936 2146 si
959 2113 1076 2157 quibus
1094 2123 1172 2156 quo-

428 2170 610 2204 modolibet
634 2169 810 2202 innodatae
846 2168 1007 2207 existunt,
1032 2167 1071 2200 ad
1099 2165 1173 2199 ell'e-

429 2229 514 2257 ctum
540 2223 762 2268 praesentium
790 2222 954 2254 dumtaxat
971 2230 1173 2264 consequen·

431 2279 516 2317 dum,
543 2277 656 2310 barum
683 2276 766 2310 serie
793 2276 1000 2309 absolventes
1027 2278 1059 2307 et
1084 2274 1173 2307 abso-

431 2332 514 2364 lutas
547 2331 616 2364 fore
649 2334 839 2369 censentes,
866 2334 954 2362 motu
981 2328 1114 2372 proprio
1143 2333 1174 2361 et

431 2395 467 2418 ex
494 2385 581 2417 certa
606 2383 741 2416 scientia
778 2393 814 2415 ac
850 2383 976 2414 matura
1012 2380 1174 2414 delibera-

433 2437 518 2470 tione
534 2436 664 2477 nostris,
680 2437 784 2479 deque
798 2434 996 2479 apostolicae
1005 2435 1173 2479 potestatis

431 2490 659 2534 plenitudine,
686 2490 772 2533 quod
811 2489 964 2533 deinceps
1003 2487 1171 2532 perpetuis

433 2544 548 2576 suturis
574 2544 774 2588 temporibus
801 2553 913 2577 omnes
939 2548 970 2576 et
994 2543 1114 2586 singuli
1133 2543 1173 2576 vi-

432 2597 508 2630 carii
540 2607 625 2630 nunc
661 2603 691 2630 et
721 2607 780 2640 pro
814 2602 961 2640 tempore
995 2596 1172 2629 existentes

1205 357 1339 391 vocant,
1368 357 1429 384 tam
1456 351 1534 384 citra
1570 362 1665 395 quam
1702 351 1785 383 ultra
1818 357 1947 385 montes

1207 405 1395 438 auctoritate
1430 404 1612 448 apostolica
1644 404 1799 438 hactenus
1825 409 1947 437 crecta-

1207 469 1290 498 rum,
1316 463 1347 491 et
1371 458 1396 491 si
1422 469 1502 501 quas
1527 458 1605 491 alias
1631 458 1662 490 in
1688 458 1829 490 futurum
1849 456 1947 490 simili

1208 511 1397 545 auctoritate
1434 511 1513 554 erigi
1548 510 1743 554 contigerit,
1769 511 1947 544 dummodo

1210 570 1316 598 tamen
1353 575 1407 598 sex
1446 566 1558 598 saltem
1595 569 1772 597 conventus
1800 565 1949 598 formales

1209 618 1408 658 habuerint,
1434 628 1507 651 cum
1533 618 1657 651 duobus
1682 617 1845 660 religiosis
1871 627 1949 650 suae

1210 671 1389 714 respective
1415 670 1675 713 congregationis
1710 681 1769 713 pro
1803 670 1952 714 quolibet.

1210 735 1246 757 ex
1272 724 1400 757 vicariis
1426 723 1622 763 huiusmodi,
1640 734 1704 757 uno
1725 723 1878 756 nimirum
1898 723 1952 757 de-

1211 777 1359 818 finitore,
1385 788 1420 810 ac
1446 788 1510 810 uno
1535 777 1622 810 socio
1647 787 1702 809 seu
1729 777 1891 816 electore,
1917 776 1950 809 in

1211 831 1395 864 earumdem
1440 830 1617 874 respective
1661 829 1952 873 congregationum

1211 883 1325 917 diaetis
1344 883 1514 927 eligendis,
1533 884 1566 916 in
1585 883 1846 927 quibuscumque
1871 881 1952 926 capi-

1212 937 1285 969 tulis
1311 937 1516 979 generalibus
1542 937 1688 970 eiusdem
1715 936 1844 970 Ordinis
1874 936 1953 970 inte-

1210 1000 1301 1022 resse
1327 989 1440 1029 libere,
1467 990 1556 1023 licite
1582 995 1613 1024 et
1640 990 1744 1024 valide
1770 989 1896 1033 possint
1920 994 1954 1023 et

1211 1043 1347 1083 valeant,
1367 1042 1494 1086 ipsique
1519 1042 1629 1076 vicarii
1655 1052 1691 1075 ac
1716 1042 1904 1076 definitores
1922 1047 1954 1076 ct

1211 1095 1289 1129 socii
1327 1106 1381 1128 seu
1419 1096 1580 1129 electores
1614 1095 1647 1129 in
1684 1095 1776 1129 dictis
1802 1095 1952 1140 capitulis

1210 1148 1420 1192 generalibus
1457 1154 1565 1182 votum
1595 1148 1661 1182 sive
1687 1148 1874 1192 suffragium
1901 1149 1954 1182 ha-

1210 1203 1307 1236 beant
1332 1202 1363 1235 in
1388 1203 1539 1236 omnibus
1566 1207 1596 1236 et
1620 1213 1680 1246 per
1706 1202 1815 1236 omnia
1845 1202 1884 1235 ad
1908 1203 1955 1236 in-

1211 1262 1275 1290 star
1300 1256 1446 1300 priorum
1473 1255 1731 1300 provincialium,
1753 1265 1789 1289 ac
1811 1255 1955 1290 definito-

1211 1321 1280 1342 rum
1308 1315 1339 1343 et
1363 1309 1525 1343 sociorum
1553 1309 1793 1352 provinciarum
1824 1309 1954 1343 Ordinis

1210 1362 1359 1407 praefati,
1387 1368 1418 1396 et
1443 1362 1580 1406 perinde
1605 1373 1642 1395 ac
1663 1362 1688 1396 si
1715 1362 1804 1406 ipsae
1822 1372 1956 1406 congre-

1211 1417 1356 1461 gationes
1381 1417 1414 1449 in
1439 1416 1626 1460 provincias
1664 1415 1853 1449 huiusmodi
1889 1426 1956 1450 ere.

1212 1476 1281 1504 ctae
1318 1475 1350 1504 et
1386 1469 1551 1504 institutae
1578 1470 1704 1510 forent,
1730 1469 1846 1502 harum
1870 1468 1953 1503 serie

1212 1524 1382 1558 statuimus
1420 1528 1516 1568 atque
1541 1522 1751 1557 concedimus
1788 1527 1819 1556 et
1853 1522 1955 1557 indul·

1213 1589 1339 1621 gemus.

1255 1633 1270 1676 ξ,
1295 1631 1326 1665 3.
1351 1631 1579 1671 DecernenteS,
1604 1631 1734 1664 easdem
1760 1634 1952 1674 praesentes
1967 1641 2150 1690 nuffifsslflssff
2173 1656 2174 1688 ἦ

2174 1704 2182 1802 i

1211 1686 1343 1725 litteras,
1370 1689 1402 1718 et
1426 1684 1458 1717 in
1485 1684 1530 1717 eis
1556 1689 1719 1724 contenta,
1742 1683 1838 1717 etiam
1857 1693 1892 1717 ex
1912 1693 1952 1717 eo
1965 1695 2081 1717 servantia.

1212 1738 1299 1782 quod
1320 1738 1518 1782 quicumque
1537 1737 1569 1770 in
1588 1735 1775 1780 praemissis
1794 1735 1954 1771 interesse

1213 1794 1396 1832 babentes,
1439 1802 1494 1825 seu
1536 1791 1659 1825 habere
1703 1790 1955 1835 quomodolibet

1213 1846 1478 1891 praetendentes,
1505 1845 1602 1878 etiam
1630 1845 1782 1889 specifica
1808 1849 1839 1878 et
1863 1844 1955 1878 indi-

1214 1901 1309 1933 vidua
1345 1899 1512 1932 mentione
1550 1904 1582 1932 et
1616 1898 1825 1942 expressione
1851 1898 1953 1942 digni,

1214 1954 1279 1989 illis
1304 1964 1369 1987 non
1396 1952 1629 1992 consenserint,
1649 1962 1709 1985 nec
1726 1952 1764 1985 ad
1784 1962 1821 1985 ea
1838 1951 1952 1993 vocati,

1215 2007 1301 2041 citati
1327 2012 1358 2040 et
1383 2006 1499 2046 auditi,
1525 2016 1633 2050 neque
1659 2016 1794 2045 causae,
1820 2010 1956 2050 propter

1216 2072 1296 2106 quas
1321 2061 1410 2104 ipsae
1436 2064 1625 2103 praesentes
1652 2058 1846 2099 emanarint,
1871 2058 1956 2092 suffi-

1215 2116 1341 2148 cienter
1368 2114 1547 2153 adductae,
1573 2112 1754 2146 veriticatae
1779 2116 1812 2145 et
1843 2112 1956 2145 iustifi-

1215 2174 1303 2202 catae
1329 2167 1468 2207 suerint,
1494 2172 1548 2200 aut
1582 2177 1619 2199 ex
1656 2165 1719 2199 alia
1753 2175 1956 2209 quacumque

1215 2221 1421 2266 quantumvis
1447 2220 1611 2263 legitima,
1637 2218 1776 2252 ini-idiea
1800 2224 1832 2252 et
1855 2219 1956 2263 privi-

1216 2276 1335 2319 legiata
1360 2276 1478 2316 causa,
1504 2275 1627 2314 colore,
1653 2278 1822 2317 praetextu
1848 2277 1880 2306 et
1904 2283 1957 2306 ca-

1216 2330 1304 2374 pite,
1341 2329 1436 2362 etiam
1474 2328 1506 2361 in
1546 2337 1683 2371 corpore
1715 2326 1795 2360 iuris
1829 2327 1954 2368 clauso,

1216 2382 1314 2416 etiam
1341 2380 1495 2421 enormis,
1521 2379 1765 2414 enormissimae
1791 2384 1822 2413 et
1847 2379 1955 2414 totalis

1216 2435 1393 2475 laesionis,
1426 2435 1516 2468 nullo
1553 2443 1697 2477 unquam
1734 2438 1882 2477 tempore
1915 2433 1963 2467 de·

1215 2487 1439 2532 subreptionis
1472 2487 1521 2521 vel
1548 2485 1752 2530 obreptionis
1784 2490 1837 2519 aut
1861 2485 1956 2520 nulli-

1215 2542 1286 2576 tatis
1311 2541 1403 2582 vitio,
1430 2551 1487 2574 seu
1513 2539 1702 2573 intentionis
1738 2544 1866 2573 nostrae
1900 2545 1956 2573 aut

1214 2596 1374 2630 interesse
1401 2594 1591 2628 habentium
1615 2603 1791 2627 consensus
1808 2620 1815 2633 ,
1850 2593 1953 2627 aliove

433 2650 722 2693 congregationum
758 2650 917 2694 praedicti
950 2649 1079 2684 Ordinis
1113 2650 1173 2683 sra-
1215 2649 1361 2694 quolibet
1393 2648 1490 2683 etiam
1527 2646 1730 2692 quantumvis
1767 2655 1885 2690 magno
1922 2650 1954 2680 et
