2182 3137
194 278 246 306 an.
264 278 292 304 c.
318 277 385 304 1732
429 269 493 301 444.

210 656 330 678 Pontifices,
343 656 378 681 qni

199 682 371 703 constitutionem

195 714 234 733 pro
276 714 376 728 canonista

196 736 268 761 rapae
291 736 379 754 elei-tw-

196 767 222 782 ue
238 761 355 782 edati-runt.

391 327 457 359 siae
493 327 621 360 utilitati
659 332 892 360 consentaneas
929 328 1016 369 leges
1052 327 1128 359 diri-

391 379 504 421 gendis
529 385 626 422 atque
647 380 856 420 ordinandis,
875 380 1046 423 pastoralis
1065 381 1128 412 sol-

391 432 567 465 licitudinis
592 438 719 465 nostrae
745 438 852 475 partes
873 433 1126 475 interponamus,

391 486 491 525 sicut,
518 486 668 518 omnibus
695 486 838 519 diutinae
857 486 1128 518 considerationis

391 539 510 570 trutina
536 538 708 582 perpensis
725 565 733 578 ‚
759 538 791 570 in
817 538 950 572 Domino
976 539 1128 582 expedire

390 592 596 624 arbitramur.

434 645 448 687 ξ
473 645 504 676 t.
532 644 613 677 Sane
638 644 767 687 plurimi
784 645 1056 688 praedecessores
1075 655 1130 677 no-

390 698 459 737 stri,
477 703 508 730 et
526 699 718 741 praesertim
739 699 935 731 recolendae
950 699 1128 730 memoriae

389 752 609 795 Symmachus,
639 751 788 784 Nicolaus
811 752 844 791 ΙΙ,
872 752 1052 784 Alexander
1076 751 1125 791 ΙΙΙ,

389 805 566 846 Gregorius
592 806 640 844 X,
667 804 814 838 Clemens
839 805 887 844 V,
915 805 1064 837 Clemens
1082 805 1128 843 vt,

390 858 488 891 lulius
515 858 558 897 lt,
586 858 701 890 Paulus
727 858 783 897 IV,
810 858 882 890 Pius
915 858 974 897 tv,
1009 857 1128 899 Grego-

390 911 458 943 rius
485 911 546 951 XV,
575 922 611 944 ac
636 911 782 944 Urbanus
807 911 885 950 VIII,
911 911 1011 954 probe
1037 910 1129 943 intel-

390 970 503 1007 gentes
529 965 639 1008 quanti
666 965 820 1007 ponderis
846 969 877 996 et
904 963 1057 996 momenti
1088 963 1129 995 sit

390 1018 429 1050 ad
456 1017 608 1050 dominici
635 1017 741 1059 gregis
767 1027 802 1048 ac
822 1016 1002 1048 catholicae
1020 1015 1126 1047 Eccle-

389 1070 454 1102 siae
481 1070 650 1112 providum
675 1069 820 1111 regimen
846 1069 962 1101 electio
995 1068 1127 1100 Romani

390 1122 570 1161 Pontificis,
596 1122 649 1165 qui
675 1123 799 1154 domini
825 1127 855 1155 et
880 1122 1049 1154 salvatoris
1071 1132 1129 1154 no-

389 1176 446 1208 stri
471 1176 540 1207 lesu
566 1174 682 1207 Christi
710 1175 741 1206 in
767 1175 862 1207 terris
886 1174 1033 1212 vicarius,
1054 1174 1129 1206 bea-

390 1230 476 1271 tique
501 1229 587 1261 Petri
613 1238 794 1266 successor,
820 1239 857 1259 ac
882 1227 1026 1259 omnium
1050 1225 1129 1259 side-

389 1283 465 1314 lium
491 1287 584 1325 pater
609 1287 640 1314 et
664 1286 773 1324 pastor
805 1280 930 1319 existit3
956 1291 1015 1312 nec
1033 1279 1128 1311 unius

389 1335 536 1376 membri,
555 1335 611 1367 sed
638 1334 733 1367 totius
756 1334 902 1376 corporis
923 1333 1058 1374 salutem
1077 1333 1127 1375 agi

389 1388 498 1420 animo
522 1393 730 1430 reputantes,
758 1397 829 1418 cum
856 1387 895 1418 de
921 1386 1024 1429 capite
1051 1396 1128 1418 eon-

391 1441 522 1473 sulitur:
537 1442 653 1473 multas
669 1439 804 1472 diversis
818 1440 1019 1481 temporibus
1031 1439 1126 1471 etiam

391 1494 422 1525 in
437 1493 585 1526 conciliis
601 1492 809 1535 generalibus
821 1491 1052 1524 saluberrimas
1067 1491 1128 1523 edi-

390 1547 506 1579 derunt
531 1545 787 1585 constitutiones,
814 1545 944 1588 quibuS,
971 1544 1058 1577 omni
1077 1555 1129 1576 cu-

390 1600 515 1642 piditati
531 1626 538 1639 ,
563 1599 754 1638 ambitioni,
780 1598 981 1637 simoniacae,
996 1598 1127 1631 alterive

389 1653 488 1686 cuivis
520 1652 690 1696 pravitati,
726 1651 945 1695 turpitudini,
977 1651 1128 1683 deformi-

391 1707 462 1747 tati,
490 1717 526 1739 ac
551 1706 693 1739 dissidiis
718 1706 757 1738 ab
783 1705 942 1738 eiusmodi
968 1705 1127 1737 electione

389 1762 560 1804 praecluso
586 1760 691 1799 aditu,
718 1762 840 1792 summa
866 1758 1047 1802 prudentia,
1073 1769 1128 1801 pa-

390 1814 482 1856 rique
508 1813 647 1845 consilio
674 1812 904 1855 providerunt,
931 1818 965 1844 nt
983 1813 1044 1844 hoc
1064 1818 1126 1844 tam

390 1874 533 1900 sanctum
545 1894 552 1907 ,
580 1871 706 1909 tamque
732 1877 825 1908 grave
843 1877 924 1910 opus
942 1867 995 1910 pie
1013 1877 1049 1899 ac
1067 1867 1127 1900 rite

390 1926 615 1964 perageretur,
643 1926 675 1953 et
699 1921 730 1953 in
757 1931 795 1953 eo
821 1932 886 1953 non
912 1932 986 1954 caro
1013 1927 1127 1953 etsan-

390 1976 461 2017 guis
487 1980 541 2007 aut
557 1975 674 2018 aliquis
693 1975 853 2007 humanus
871 1974 1002 2007 affectus
1022 1976 1126 2007 locum

389 2030 491 2062 ullum
510 2029 571 2061 sibi
588 2029 784 2069 vendicaret,
802 2029 857 2061 sed
870 2028 1005 2071 Spiritus
1022 2029 1127 2061 Sancti

391 2083 494 2125 gratia
519 2088 632 2115 cuncta
657 2082 878 2124 dirigerentur
903 2093 938 2114 ac
962 2083 1128 2124 guberna-

392 2142 528 2176 rentur,
555 2136 667 2179 sicque
692 2136 730 2168 ad
757 2134 875 2167 Christi
903 2136 1127 2175 haereditatis,

392 2200 486 2233 quam
511 2190 656 2233 pretioso
683 2189 838 2231 sanguine
863 2199 918 2221 suo
944 2189 1100 2231 quaesivit
1119 2216 1127 2229 ,

391 2253 502 2275 curam
527 2248 559 2275 et
583 2241 896 2275 administrationem
930 2242 1127 2284 gerendam,

392 2296 521 2329 nonnisi
540 2296 595 2338 qui
613 2301 742 2328 vocatus
758 2298 840 2327 toret
857 2307 874 2327 a
890 2295 954 2328 Deo
967 2301 1127 2339 tamquam

393 2350 496 2381 Aaron
523 2354 768 2380 assumeretur:
795 2348 891 2380 veluti
918 2359 1061 2391 quoque,
1089 2349 1127 2381 de

392 2401 522 2444 ancipiti
556 2413 593 2434 ac
625 2402 787 2433 Romanae
813 2406 844 2433 et
869 2401 1039 2434 universali
1074 2402 1128 2434 Ec-

392 2455 510 2488 clesiae
536 2455 719 2497 periculoso
746 2460 906 2497 tempore,
935 2465 997 2497 quo
1016 2455 1069 2487 illa
1087 2455 1129 2487 vi-

393 2508 510 2541 visibili
543 2518 602 2540 suo
635 2508 739 2550 capite
775 2518 811 2540 ac
846 2513 974 2551 pastore
1000 2508 1127 2540 viduata

394 2566 558 2601 remanet,
585 2560 678 2593 anxie
697 2560 828 2593 solliciti
847 2560 920 2593 dicti
940 2561 1130 2603 praedeces-

392 2625 480 2647 sores
496 2641 503 2653 ,
528 2625 568 2647 nc
593 2615 705 2647 eadem
730 2613 870 2646 Ecclesia
895 2614 1128 2657 multiplicibus

393 2665 508 2707 longae
525 2665 700 2698 vacationis
718 2670 939 2709 exponeretur
956 2665 1128 2698 incommo-

976 279 1156 301 auctmuuu
1183 280 1338 303 nonnisi
1921 284 1970 309 Aa.
1985 281 2015 309 C.
2035 282 2103 311 ¹732

1171 328 1218 360 dis
1232 356 1240 368 ,
1261 329 1346 360 baud
1365 329 1655 371 praetern'iiscrunt
1673 340 1710 362 ea
1727 335 1912 373 opportune

1171 386 1328 420 statuere,
1364 392 1445 424 quae
1482 382 1520 414 ad
1553 382 1777 415 maturandum
1810 382 1911 425 ipsius

1172 433 1341 467 electionis
1368 434 1493 466 felicem
1519 435 1638 467 exitum
1663 435 1844 468 conducere
1868 436 1912 468 vi-

1173 487 1334 519 debantur
1353 514 1360 527 ,
1387 497 1423 519 ac
1459 487 1637 520 decernere
1669 499 1751 531 quac
1787 488 1911 521 interea

1172 541 1297 582 agenda
1321 546 1354 573 et
1378 541 1532 573 servanda
1569 546 1677 573 essent
1696 552 1705 580 ;-
1741 547 1772 574 et
1807 541 1908 580 alias,

1173 599 1270 636 prout
1295 593 1325 625 in
1344 594 1499 636 praefatis
1518 594 1815 632 constitutionibus,
1833 605 1911 638 qua-

1174 656 1243 678 rum
1271 652 1402 678 tenores
1428 646 1655 689 praesentibus
1680 657 1738 689 pro
1764 648 1861 690 plene
1879 652 1912 679 et

1172 698 1369 731 sufficienter
1402 699 1560 741 expressis
1596 710 1632 732 ac
1669 699 1707 731 dc
1739 700 1837 732 verbo
1871 700 1910 732 ad

1172 752 1305 784 verbum
1332 752 1459 784 insertis
1486 751 1598 784 haberi
1627 753 1796 791 volumus,
1833 753 1911 786 ube-

1172 803 1237 835 rius
1262 804 1458 837 continetur.

1215 857 1230 900 ξ
1255 857 1286 890 ⁶2.
1314 856 1391 895 Quia
1419 864 1523 890 tamen
1552 868 1648 901 saepe
1681 859 1840 901 contingit
1875 864 2102 913 utdfssaffizsegggj

1172 911 1280 952 legum
1305 912 1355 943 vel
1380 911 1517 944 maxime
1542 912 1751 951 salutarium,
1783 912 1808 945 si
1842 923 1908 946 non
1919 917 2041 939 ⁵¹¹¹=¹²⁵0=¹i⁵·

1171 963 1285 996 crebro
1311 964 1482 1003 excitetur,
1507 965 1628 997 sensim
1655 977 1690 997 ex
1718 966 1831 999 animis
1850 967 1908 999 ho—

1172 1016 1295 1048 minum
1333 1017 1443 1049 esssuat
1478 1018 1659 1057 memoria,
1694 1019 1909 1061 experientia-

1172 1080 1233 1111 que
1255 1070 1388 1109 edocet,
1414 1072 1571 1103 nonnulla
1592 1082 1628 1103 ex
1651 1072 1689 1104 iis
1718 1082 1802 1114 quae
1827 1072 1909 1105 Sede

1172 1122 1359 1165 Apostolica
1384 1129 1516 1156 vacante
1543 1125 1732 1168 praescrip·
1780 1125 1910 1158 suerunt

1171 1180 1225 1207 aut
1248 1186 1323 1207 usus
1348 1175 1489 1215 invexit,
1515 1187 1575 1219 pro
1600 1183 1707 1220 tempo
1752 1188 1782 1210 m
1807 1179 1909 1212 varie-

1173 1234 1248 1268 tate,
1276 1229 1362 1262 iuxta
1387 1241 1483 1273 quam
1505 1231 1645 1263 humana
1661 1231 1756 1263 etiam
1774 1231 1909 1265 consilia

1172 1283 1335 1315 multoties
1366 1284 1490 1316 variare
1522 1289 1674 1326 oportet,
1710 1284 1909 1318 immutanda

1171 1346 1207 1367 ac
1232 1337 1415 1378 supplenda
1440 1347 1535 1376 esse,
1560 1343 1595 1369 ut
1619 1343 1708 1370 recto
1733 1337 1765 1369 in
1794 1338 1908 1380 primis

1171 1399 1277 1420 rernm
1306 1394 1367 1421 tam
1393 1389 1516 1422 difficili
1543 1395 1690 1432 tempore
1710 1391 1907 1432 agendarum

1172 1441 1301 1482 ordini,
1327 1441 1468 1474 iustitiae
1494 1442 1785 1481 administrationi,
1812 1449 1908 1485 atque

1172 1494 1287 1526 aerarii
1315 1495 1458 1537 pontifici
1485 1495 1688 1528 indemnitati
1713 1496 1908 1529 cumulatius

1171 1554 1378 1590 prospectum
1403 1553 1595 1591 cautumque
1620 1548 1677 1589 sit,
1704 1549 1908 1591 quemadmo-

1172 1600 1248 1632 dum
1273 1600 1482 1643 nosmetipsi,
1502 1601 1556 1644 qui
1582 1601 1615 1633 in
1636 1601 1815 1634 minoribus
1835 1612 1907 1635 con-

1172 1653 1271 1685 stituti
1299 1653 1454 1686 maiorem
1480 1654 1591 1686 aetatis
1616 1659 1741 1697 partem
1777 1655 1810 1687 in
1845 1655 1908 1688 Ro·
2177 1660 2182 1682 Β

1171 1709 1265 1739 mana
1289 1706 1385 1739 Curia
1409 1707 1552 1749 egimus,
1580 1717 1635 1748 ac,
1662 1708 1737 1740 dum
1762 1708 1908 1741 cardina·
2068 1695 2077 1703 ”

1172 1761 1253 1792 latus
1280 1760 1405 1792 honore
1441 1760 1677 1803 fungebamur,
1703 1761 1844 1793 comitiis
1868 1761 1907 1794 ad

1170 1813 1351 1845 Romanum
1377 1813 1565 1846 Pontificem
1590 1814 1776 1856 eligendum
1801 1819 1849 1847 ter
1864 1815 1907 1847 in·

1171 1866 1357 1906 tersuimus,
1385 1867 1461 1899 satis
1486 1867 1722 1910 perspeximuS‚
1741 1877 1778 1900 ac
1794 1867 1906 1910 plures

1170 1930 1206 1952 ex
1229 1920 1467 1952 venerabilibus
1485 1921 1636 1953 fratribus
1655 1920 1772 1953 nostris
1789 1920 1904 1954 S.R.E.

1171 1973 1388 2005 cardinalibus
1413 1973 1528 2006 eximia
1552 1973 1670 2016 pietate
1701 1984 1738 2006 ac
1772 1973 1907 2006 circum-

1169 2027 1333 2070 spectione
1359 2026 1497 2069 praediti
1525 2027 1620 2060 nobis
1641 2027 1736 2060 etiam
1764 2027 1905 2060 innuere

1171 2086 1267 2123 atque
1293 2080 1474 2122 significare
1501 2091 1566 2113 non
1592 2080 1788 2113 omiserunt:

1215 2135 1229 2176 ἓ
1255 2134 1286 2166 3.
1314 2133 1395 2165 Ilinc
1421 2139 1468 2165 est
1493 2134 1581 2176 quod
1607 2144 1664 2166 nos
1695 2144 1753 2176 pro
1778 2139 1906 2176 aposto-

1172 2186 1223 2219 lici
1250 2187 1394 2218 muneris
1420 2186 1514 2219 nobis
1541 2185 1693 2218 divinitus
1725 2186 1904 2224 commissi,

1171 2240 1297 2272 ratione
1339 2240 1449 2272 habita
1473 2240 1561 2283 prius
1597 2250 1694 2282 super
1723 2239 1907 2282 praemissis

1171 2304 1243 2325 cum
1266 2294 1451 2327 memoratis
1472 2294 1703 2336 nonnullisque
1718 2294 1789 2326 aliis
1805 2293 1905 2337 ipsius

1170 2347 1201 2380 S.
1230 2347 1268 2379 R.
1295 2347 1330 2380 E.
1359 2347 1581 2380 cardinalibus
1607 2348 1730 2380 matura
1749 2347 1907 2380 delibera-

1172 2401 1270 2439 tione,
1290 2401 1329 2432 dc
1345 2400 1473 2433 illorum
1491 2400 1635 2438 consilio,
1654 2410 1690 2432 ac
1707 2400 1800 2433 etiam
1818 2405 1906 2433 motu

1172 2453 1305 2496 proprio
1331 2459 1363 2485 et
1389 2464 1424 2485 cx
1452 2455 1539 2486 certa
1564 2453 1711 2493 scientia,
1750 2453 1854 2496 deque
1874 2463 1907 2486 a-

1171 2507 1349 2549 postolicae
1387 2506 1554 2549 potestatis
1590 2506 1806 2549 plenitudine,
1844 2506 1905 2540 hac

1171 2562 1280 2592 nostra
1312 2566 1469 2603 perpetuo
1501 2559 1635 2592 valitura
1659 2560 1902 2601 constitutione,

1171 2624 1218 2653 ea,
1247 2624 1329 2655 quae
1356 2617 1554 2656 sequuntur,
1581 2613 1770 2652 statuenda,
1794 2613 1902 2646 decer-

1168 2667 1278 2699 nenda
1304 2672 1335 2699 et
1360 2665 1537 2699 ordinanda
1563 2665 1720 2699 duximus.
