2182 3137
0 251 3 253 ’
25 253 72 281 Νη.
87 251 116 277 C.
143 248 211 276 1733

257 308 319 343 que
342 297 512 343 regimine,
537 308 609 332 cum
629 306 699 331 voce
721 301 828 331 tamen
853 296 958 330 activa

259 355 287 385 et
310 352 452 396 passiva.

426 413 562 441 Clemens
584 413 664 447 Papa
683 414 747 446 ΧΠ,

357 458 394 485 ad
414 457 548 485 futuram
567 457 612 485 rei
632 457 815 485 memoriam.

51 525 135 547 penno.
258 511 273 554 ξ
299 511 329 544 i.
357 510 468 554 Nuper
484 521 542 554 pro
561 518 653 554 parte
680 510 788 544 dilecti
809 510 865 544 tilii
886 521 959 554 pro-

57 2554 156 2577 Pacatum
179 2556 204 2577 ¹⁴10

26 2587 65 2609 qua
76 2589 94 2603 111
110 2584 203 2604 rubrum.

203 1850 363 1895 'tempore
389 1853 551 1892 existenti,
578 1854 616 1886 ad
644 1864 739 1897 quem
766 1855 854 1887 iuxta
880 1865 957 1888 eou-
980 1876 981 1889 1

214 564 376 597 curatoris
403 565 566 607 generalis
585 564 857 607 Congregationis
874 564 959 597 Mon-

214 616 255 650 tis
279 616 391 650 Oliveti
418 617 655 650 monachorum
690 616 820 650 Ordinis
856 617 957 650 sancti
981 613 983 635 's

213 669 379 704 Benedicti
406 670 499 703 nobis
525 671 708 714 expositum
734 670 814 709 suit,
847 670 932 714 quod
949 698 956 711 ,

213 734 285 757 cum
311 735 371 768 per
395 725 474 758 alias
500 731 631 758 nostras
668 724 699 757 in
733 725 829 757 simili
856 725 957 758 torma

213 777 323 811 Brevis
349 777 524 811 novissime
549 778 716 822 expeditas
746 779 871 812 litteras
897 778 954 811 ab·

213 831 334 865 batiam
361 837 392 865 et
416 831 562 874 regimen
581 832 770 865 monasterii
789 832 819 865 S.
839 832 957 866 Mariae

842 246 985 273 CLEMENS
1011 247 1057 273 ΧΠ
1082 249 1131 274 ΡΡ.

212 884 318 918 Novae
344 884 520 928 nuncupati
547 885 586 918 de
616 885 697 918 Urbe
735 886 956 929 procurationi

211 937 358 981 generali
385 937 528 971 ciusdem
555 938 824 982 Congrcgationis
841 939 957 972 Montis

212 990 372 1034 Virginis,
398 990 479 1024 itaut
503 991 658 1036 deinceps
685 997 878 1036 procurator
903 1005 957 1036 ge-

212 1045 336 1078 neralis
377 1056 437 1089 pro
480 1051 629 1089 tempore
671 1047 811 1080 existens
853 1048 955 1081 dictae
978 1055 979 1058 ’

211 1098 482 1142 Congregationis
508 1100 637 1133 insimul
665 1101 765 1134 abbas
793 1107 956 1135 monaste·
978 1108 979 1138 ἶ

211 1152 250 1186 rii
271 1153 429 1196 praedicti
456 1159 542 1186 esset
567 1164 602 1186 ac
628 1164 700 1187 esse
721 1155 867 1195 deberet,
882 1165 956 1198 per·
978 1171 979 1203 1

211 1206 311 1250 petuo
337 1206 537 1240 univerimus
563 1213 594 1240 et
626 1209 893 1249 annexum-imus,
920 1220 955 1242 ac
978 1210 979 1237 ἶ

211 1260 300 1293 unita
334 1266 365 1294 et
400 1271 526 1294 annexa
559 1261 627 1294 sore
664 1253 980 1311 declarave1·imus‚l

212 1313 322 1357 sicque
335 1324 490 1347 numerus
505 1314 658 1347 abbatum
677 1316 863 1359 praedictae
879 1316 956 1350 Con·
978 1312 980 1342 3

212 1367 414 1411 gregationis
461 1368 674 1412 imposterum
725 1371 956 1405 diminuendus

212 1422 310 1462 soret3
338 1422 449 1455 dilecti
485 1433 559 1455 vero
591 1422 647 1456 filii
683 1424 830 1457 moderni
856 1425 980 1459 abbas:

212 1486 249 1509 ac
275 1474 463 1508 definitores
490 1477 662 1519 generales
688 1478 790 1520 ipsius
813 1478 957 1522 Congre-
979 1469 981 1490 ἶ

211 1529 352 1572 gationis
369 1529 500 1563 minime
521 1531 673 1574 expedire
693 1531 885 1571 existiment,
901 1532 955 1565 uni

212 1583 323 1630 potius
360 1594 455 1627 qnam
493 1585 585 1617 alteri
624 1596 639 1618 e
677 1596 731 1618 sex
759 1586 981 1634 provinciis&

213 1637 331 1681 quibus
346 1637 460 1670 eadem
475 1637 690 1681 Congregatio
706 1645 840 1680 constat⁷
855 1650 955 1672 unum

213 1691 364 1725 abbatem
391 1691 551 1725 adimere:
577 1693 661 1726 idem
686 1699 881 1737 procurator
907 1705 958 1737 ge-

212 1745 331 1779 neralis
348 1756 405 1788 pro
420 1746 528 1788 quiete
548 1751 579 1778 et
598 1747 832 1790 tranquillitate
852 1748 956 1781 dictae

213 1798 484 1842 Congregationis
503 1799 589 1832 illius
607 1799 714 1833 abbati
735 1801 879 1843 generali
896 1812 956 1845 pro

214 1905 401 1938 stitutiones
427 1905 529 1948 ipsius
555 1905 824 1949 congregauonis
850 1907 958 1940 distri-

212 1959 305 1992 butio
332 1958 499 2002 regiminis
525 1960 798 1993 monasteriorum
819 1966 958 2004 spectat,
980 1965 981 1994 l

213 2013 400 2046 facultatem
433 2013 567 2045 concedi
588 2013 765 2056 plurimum
792 2014 957 2048 desiderat

215 2065 425 2109 relinquendi
454 2076 584 2109 semper
602 2076 702 2099 unum
730 2067 877 2101 abbatem
897 2079 957 2112 pro
980 2074 982 2101 ἰ

215 2119 349 2153 arbitrio
376 2130 436 2152 suo
462 2120 583 2163 absque
609 2120 768 2162 gubernio
790 2132 860 2154 cum
878 2132 957 2155 voce

216 2180 324 2207 tamen
351 2173 449 2207 activa
475 2179 507 2206 et
529 2173 653 2216 passiva
681 2174 712 2206 in
739 2175 888 2218 capitulis
906 2186 959 2218 ge-

214 2227 401 2267 neralibus,
427 2226 613 2270 ceterisque
639 2228 775 2261 aliorum
803 2228 958 2262 abbatum
981 2241 982 2264 3

214 2279 451 2324 praerogativis
485 2285 517 2312 et
543 2280 826 2323 praeeminentiis.
860 2281 982 2320 Nobis]

215 2340 392 2378 propterea
419 2333 586 2366 humiliter
612 2335 790 2378 suppl-icari
819 2335 893 2368 fecit
925 2341 958 2367 ut
981 2331 982 2371 f

215 2389 247 2421 in
274 2387 464 2432 praemissis
497 2394 681 2431 opportune
718 2389 892 2432 providere
929 2395 982 2426 et,

215 2447 250 2475 nt
275 2441 357 2474 infra
383 2441 552 2483 indulgere
578 2442 617 2474 dc
651 2441 852 2484 benignitate
886 2454 982 2490 apo-,¹

216 2495 331 2529 stolica
357 2495 581 2537 dignaremur.
980 2527 982 2541 ι

260 2549 275 2593 ἓ
300 2547 332 2581 2.
359 2547 423 2581 Nos
455 2547 577 2590 igitur,
603 2547 807 2591 praedictum
841 2544 982 2593 procu-i

216 2607 356 2636 ratorem
390 2602 576 2645 generalem
614 2601 809 2645 specialibus
843 2603 959 2636 sarori-

214 2655 274 2690 hus
298 2660 329 2690 et
353 2654 465 2700 gratiis
497 2654 653 2700 prosequi
686 2656 853 2696 volentes,
879 2661 911 2690 et
942 2666 959 2688 a

1002 298 1169 342 quibusvis
1205 300 1568 341 excommunicationis,
1602 310 1746 344 suspen—-

1002 351 1101 385 sionis
1134 358 1166 386 et
1198 353 1382 393 interdicti,
1419 354 1556 398 aliisque
1591 354 1745 389 ecclesia-

980 403 1091 451 }sticis
1116 406 1310 446 sententiis,
1337 408 1484 440 censuris
1510 414 1541 440 et
1566 410 1702 452 poenis,
1729 420 1744 441 a

1004 457 1073 490 inre
1099 459 1148 491 vet
1184 459 1222 491 ab
1258 459 1405 499 bomine,
1434 461 1545 504 quavis
1572 461 1745 494 occasione

1003 510 1052 543 vel
1078 514 1174 543 causa
1200 511 1284 551 latis,
1310 513 1333 545 si
1362 513 1477 556 quibus
1499 513 1745 557 quomodolibet

1005 563 1178 597 innodatus
1212 565 1330 607 existit,
1356 567 1394 599 ad
1417 566 1566 599 ett'ectum
1593 578 1747 610 praescn-

1005 617 1082 649 tium
1117 618 1283 651 dumtaxat
1316 620 1603 663 consequendum,
1632 621 1745 653 harum

981 689 982 693 =
1003 670 1088 703 sorio
1110 671 1315 705 absolventes
1333 677 1363 705 ct
1381 673 1565 705 absolutum
1590 674 1658 707 sore
1678 684 1746 707 cen·

981 729 1134 763 isentcs,
1162 724 1347 758 huiusmodi
1375 726 1668 769 supplicationibus
1700 727 1746 760 in—

980 777 1131 817 'clinati,
1159 778 1267 810 abbati
1294 779 1439 820 generali
1467 779 1570 812 dictae
1596 779 1744 822 Congre-

1003 831 1142 873 gationis
1170 841 1228 875 pro
1256 837 1402 875 tempore
1428 832 1589 874 existenti,
1617 839 1651 866 ut
1676 834 1747 877 ipse

1003 895 1133 928 semper
1166 896 1266 918 unmn
1299 886 1448 919 abbatem
1484 886 1552 919 sine
1588 887 1747 930 regimine

1002 939 1191 971 monasterii
1214 939 1359 972 eiusdem
1387 939 1671 983 Cougregaffionis,
1692 942 1745 985 qui

1004 997 1107 1025 tamen
1135 1004 1212 1026 voce
1247 993 1348 1026 activa
1380 1000 1411 1027 et
1444 994 1567 1037 passiva
1601 995 1633 1027 in
1660 995 1748 1039 capi-

1004 1047 1069 1079 tulo
1095 1047 1264 1089 generali,
1293 1048 1475 1091 ceterisque
1503 1049 1744 1092 praerogativis

1002 1109 1037 1131 ac
1059 1100 1327 1142 praeeminentiis
1353 1101 1391 1133 ad
1421 1101 1518 1134 instar
1536 1102 1674 1135 aliorum
1696 1103 1746 1135 ab·

1002 1153 1110 1185 batum
1137 1153 1305 1196 regiminis
1339 1154 1399 1186 l'rui
1425 1164 1460 1187 ac
1487 1154 1585 1198 potiri
1613 1155 1744 1195 debeat,

1002 1206 1136 1239 arbitrio
1158 1217 1217 1240 sno
1243 1207 1430 1251 relinquere
1458 1218 1493 1240 ac
1518 1208 1684 1242 destinare
1712 1210 1749 1242 li-

1001 1259 1080 1293 bere
1107 1266 1136 1293 et
1162 1261 1250 1294 licite
1277 1261 1378 1304 possit
1403 1267 1433 1295 ct
1458 1262 1579 1303 valcat,
1605 1263 1744 1297 auctori-

1004 1319 1065 1346 tate
1080 1315 1268 1358 apostolica,
1285 1321 1396 1349 tenore
1416 1318 1652 1360 praesentium,
1669 1328 1747 1351 con-

978 1367 1147 1400 [cedimus
1173 1374 1203 1401 et
1228 1369 1451 1411 indulgemus.

1046 1422 1060 1465 ξ,
1085 1421 1118 1455 3.
1142 1422 1211 1454 Non
1231 1422 1437 1456 obstantibus
1456 1424 1744 1459 constitutionibus

1002 1480 1033 1507 et
1065 1475 1326 1508 ordimuionitms
1353 1477 1565 1520 apostolicis,
1592 1489 1743 1519 necnon,

979 1533 1159 1572 ,quatenus
1198 1540 1278 1572 opus
1316 1529 1375 1569 sit,
1403 1530 1676 1574 Congregationis
1715 1538 1745 1565 ct

1002 1582 1132 1614 Ordinis
1159 1583 1412 1625 praedictorum,
1433 1584 1546 1617 aliisve
1567 1585 1744 1629 quibusvis,

1003 1635 1098 1667 etiam
1125 1635 1319 1676 iuramento,
1347 1636 1593 1671 confirmatione
1618 1644 1746 1682 aposto-

979 1690 980 1694 ’
1003 1688 1075 1728 lica,
1103 1689 1153 1721 vel
1176 1689 1289 1732 quavis
1317 1689 1467 1723 tirmitate
1490 1691 1551 1723 alia
1571 1693 1745 1732 1·ot)01·ati<‚

979 1742 1130 1775 'statutis
1164 1748 1196 1774 et
1228 1743 1541 1785 consuettulinibus‚
1568 1745 1746 1788 privilegiis

1004 1806 1144 1839 quoque,
1167 1796 1300 1828 indultis
1321 1802 1351 1829 et
1373 1797 1487 1830 litteris
1506 1798 1695 1841 apostolicis
1715 1799 1746 1832 in

1004 1849 1205 1881 contrarium
1225 1849 1482 1892 praemissorum
1502 1852 1749 1894 ‹piomodolibct

1004 1903 1179 1942 (concessis,
1201 1903 1398 1936 contirniatis
1424 1909 1454 1936 et
1479 1903 1657 1945 innovatis;
1678 1906 1748 1948 qui-

1004 1957 1064 1989 bus
1090 1957 1241 1989 omnibus
1268 1962 1298 1988 et
1324 1957 1473 1999 singulis,
1500 1957 1630 1991 illorum
1659 1965 1748 1992 teno-

980 2008 981 2020 ¹
1005 2020 1055 2042 res
1083 2010 1313 2053 praesentibus
1331 2020 1388 2053 pro
1407 2011 1502 2053 plene
1530 2017 1561 2043 ct
1585 2011 1747 2045 sufficicn-

1005 2068 1052 2096 ter
1094 2063 1254 2106 expressis
1293 2074 1327 2095 ac
1366 2064 1404 2095 ad
1444 2064 1578 2097 verbum
1616 2064 1746 2098 insertis

1005 2116 1172 2155 babentes,
1196 2116 1260 2149 illis
1286 2116 1365 2149 alias
1391 2117 1423 2149 in
1449 2127 1506 2149 suo
1533 2118 1651 2150 robore
1673 2129 1746 2161 per-

1005 2170 1189 2210 mansuris,
1215 2171 1254 2203 ad
1292 2170 1546 2213 praemissorum
1574 2170 1745 2215 ellectum,

1006 2224 1065 2257 liae
1104 2224 1171 2257 vice
1209 2225 1397 2264 dumtaxat,
1425 2225 1612 2268 specialiter
1638 2231 1670 2258 ct
1695 2236 1747 2258 ex-

1006 2288 1120 2322 presse
1139 2278 1352 2320 derogamus3
1369 2278 1554 2321 ceterisque
1574 2278 1747 2312 contrariis

1006 2332 1278 2376 quibuscumque.

1049 2387 1160 2419 [latum
1188 2386 1316 2425 Itomae,
1342 2386 1426 2429 apud
1454 2385 1483 2418 S.
1506 2386 1637 2419 Mariam
1656 2387 1747 2420 Maio-

1006 2452 1092 2481 rem,
1119 2440 1176 2472 sub
1203 2440 1325 2472 annulo
1352 2439 1540 2479 Piscatoris,
1569 2440 1620 2473 die
1646 2452 1674 2474 vr
1697 2452 1747 2474 oc-

980 2494 1107 2527 itobris
1145 2503 1354 2533 mcccxxxul,
1395 2493 1603 2537 pontificatus
1640 2495 1745 2528 nostri

1004 2558 1089 2581 anno
1116 2559 1156 2582 lv.

1040 2605 1098 2632 Dat.
1120 2605 1165 2632 die
1185 2605 1201 2632 6
1222 2604 1342 2632 octobris
1370 2604 1450 2639 1733,
1474 2605 1571 2641 pontif.
1600 2614 1670 2634 anno
1692 2614 1727 2634 iv.

1348 2654 1381 2688 F.
1402 2655 1491 2688 card.
1514 2654 1698 2693 OtivEmUS.

1640 240 1705 275 543
1752 250 1800 278 An.
1820 250 1848 277 c,
1872 250 1940 278 1733

1805 1436 1938 1458 ‘nutantium

1757 1462 1875 1487 iit-rogatio.
