2182 3137
33 212 84 237 Au.
100 208 130 235 C.
152 205 223 233 1730

91 359 214 381 Vacatiouis

34 387 128 409 indictio.

51 1388 88 1412 Qui
98 1388 126 1408 ad
140 1394 205 1414 oppo-

23 1415 118 1436 sinonem
132 1415 204 1436 huius·

23 1441 79 1463 modi
122 1442 203 1463 admitti

23 1470 136 1495 nequeant.

66 2220 96 2241 De
111 2222 200 2252 praevio

23 2252 90 2268 eorum
97 2253 199 2269 examine.

254 281 316 310 Τιτ.
341 280 401 310 XII.
425 299 463 304 —
485 281 525 311 De
546 281 714 320 oppositione
736 280 770 309 ad
790 279 944 310 cathedras.

265 352 512 391 Quotiescumque
551 351 719 381 cathedram
762 350 891 389 aliquam
934 360 969 380 ex

225 401 355 440 qualibet
392 402 482 430 causa
520 409 622 429 vacare
661 399 818 437 contigerit
835 423 842 437 ‚
877 399 969 428 conti-

224 459 283 479 nuo
305 449 498 479 scholasticus
517 449 611 478 edicta
635 448 796 478 vacationis
812 448 842 478 in
859 448 968 478 scholis

222 498 301 536 affigi
323 502 351 527 et
374 506 425 536 per
447 497 615 536 quindecim
635 497 699 527 dies
722 497 867 536 publicari
886 506 969 526 man-

222 545 287 582 det;
311 545 419 584 quihus
442 546 561 585 elapsis,
585 546 609 575 si
632 546 770 576 cathedra
793 546 883 576 fuerit
901 555 969 585 pro-

222 594 356 632 prietatis
388 603 439 624 seu
463 599 620 633 perpetua,
644 599 708 633 post
731 594 880 631 triduum,
904 598 968 634 post

221 652 310 673 unam
334 653 402 673 vero
431 643 527 679 diem,
551 644 575 673 si
598 644 685 673 fuerit
718 644 900 683 temporalis,
924 644 969 673 iu-

221 691 287 721 beat
310 691 345 721 ab
368 692 536 722 academiae
563 692 662 722 scriba
683 692 891 732 competitores
919 692 967 721 ad-

221 740 310 769 mitti.

261 788 318 818 Nec
341 789 438 818 iterim
462 789 591 828 negligat
613 790 805 820 substitutum
827 790 965 820 idoneum

221 842 249 866 et
271 837 364 875 gradu
398 838 572 875 congruenti
603 838 778 876 insignitum
810 839 965 869 cathedrae

221 887 338 916 vacanti
366 886 520 925 sufficere,
554 887 588 917 de
618 888 742 917 consilio
765 889 964 927 professorum

220 934 255 964 ad
278 944 352 973 quos
375 935 423 964 illa
447 936 579 965 noscitur
602 937 761 975 pertinere.

260 983 419 1013 Substituti
437 993 543 1014 munus
560 985 726 1015 huiusmodi
742 986 869 1024 gratuito
882 995 964 1015 exer-

219 1036 323 1068 ceant,
349 1036 406 1062 tam
429 1032 458 1062 in
483 1042 552 1063 casu
575 1034 754 1072 vacationis,
778 1044 864 1074 quam
888 1034 912 1064 si
935 1035 963 1064 id

220 1080 283 1110 fieri
306 1086 425 1120 propter
446 1082 610 1120 legitimum
638 1083 813 1122 professoris
842 1083 964 1123 impedi-

218 1134 349 1159 mentum
373 1131 543 1168 contingat3
567 1131 704 1171 idemque
726 1133 755 1162 in
779 1132 963 1162 substitutio-

217 1178 303 1207 nibus
327 1179 542 1216 ministrorum,
564 1189 638 1219 quae
662 1181 839 1211 valetudinis
873 1183 963 1211 causa

217 1226 299 1264 fient,
323 1227 443 1256 omnino
466 1232 612 1258 servetur.
629 1229 774 1258 Salarium
791 1239 872 1267 vero,
893 1230 961 1259 dum

218 1279 299 1304 vacat
321 1276 471 1313 cathedra,
495 1277 524 1305 in
553 1277 719 1307 academiae
753 1278 961 1317 compendium

217 1324 311 1354 cedat.

257 1373 468 1412 Competitores
500 1384 618 1413 omnes,
652 1381 808 1416 antequam
843 1378 960 1416 opposi-

215 1422 286 1451 tioni
319 1423 477 1452 cathedrae
510 1425 641 1454 vacantis
674 1425 880 1462 subscribant,
914 1426 959 1455 vel

214 1470 350 1500 licentiae
372 1472 495 1509 gradum
518 1473 639 1511 adeptos
663 1483 728 1503 esse
751 1475 909 1513 oportebit,
934 1475 959 1504 si

214 1519 351 1549 cathedra
370 1520 408 1549 sit
430 1525 591 1559 perpetua,
616 1526 665 1551 aut
688 1522 957 1560 baccalaureatum,

213 1568 237 1597 si
259 1568 347 1598 fuerit
369 1570 553 1608 temporalis;
578 1571 735 1601 dummodo
754 1572 878 1611 insuper
894 1583 959 1602 cur-

212 1617 338 1647 riculum
370 1618 536 1648 studiorum
570 1621 681 1650 emensi
715 1621 843 1660 fuerint,
881 1622 958 1661 quod

212 1666 375 1705 requiritur
397 1667 432 1696 ad
455 1667 617 1697 licentiam.

253 1714 366 1745 Gradus
389 1720 487 1745 autem
521 1716 689 1747 huiusmodi
722 1719 957 1758 uniuscuiusque

212 1763 371 1793 cathedrae
393 1764 524 1794 facultati
547 1766 658 1804 singuli
681 1768 892 1806 respondeant,
911 1777 958 1797 ve-

211 1811 267 1842 luti
289 1812 397 1850 gradus
420 1813 493 1842 iuris
516 1815 650 1844 canonici
674 1825 727 1854 pro
750 1817 896 1846 cathedris
913 1826 958 1846 ca-

211 1870 334 1898 nonum,
359 1862 455 1891 civilis
478 1872 531 1901 pro
553 1863 703 1900 civilibus,
723 1865 887 1903 theologiae
906 1875 957 1905 pro

211 1910 342 1939 eiusdem
374 1911 533 1940 cathedris.
558 1911 766 1943 Verumtamen
786 1914 820 1943 ad
844 1914 957 1954 reliqua

210 1959 285 1988 iuris
309 1959 463 1998 utriusque
486 1961 586 1990 munia
619 1962 784 1992 exercenda
815 1963 957 2002 praedicti

210 2008 318 2046 gradus
358 2009 524 2047 promiscue
560 2015 760 2049 censeantur,
799 2021 872 2051 quos
908 2021 958 2041 ne-

211 2065 293 2086 cesse
315 2057 371 2086 erit
394 2057 438 2086 vel
467 2057 497 2087 in
526 2058 580 2087 hac
602 2058 784 2089 Cervariensi
807 2061 957 2091 academia

211 2114 276 2135 esse
298 2110 461 2145 susceptos,
480 2107 524 2136 vel
541 2107 571 2137 in
588 2108 720 2138 eamdem
743 2109 873 2147 legitime
892 2120 957 2141 coo-

211 2158 316 2194 ptatos.

252 2204 465 2243 Competitores
487 2205 606 2244 singuli,
625 2207 675 2246 qui
691 2207 868 2246 oppositioni
886 2208 955 2238 sub-

212 2252 400 2292 scripserint,
418 2253 441 2282 si
459 2255 656 2293 postmodum,
674 2265 769 2295 neque
786 2257 955 2287 valetudine

211 2310 308 2339 neque
331 2301 388 2331 alia
411 2302 513 2341 quavis
546 2306 635 2333 causa
667 2304 800 2343 legitima
833 2315 956 2345 praepe-

212 2349 285 2386 diti,
320 2354 395 2380 stato
429 2355 559 2390 tempore
592 2353 690 2391 legere
723 2354 905 2393 destiterint,
939 2365 954 2385 a

212 2398 359 2428 cathedris
387 2399 482 2438 primo
504 2402 650 2431 vacaturis
680 2407 854 2433 arceantur:
878 2404 955 2434 iusta

212 2456 283 2476 vero
306 2447 341 2476 de
359 2449 445 2476 causa
468 2449 616 2487 impeditis
633 2451 741 2489 poterit
755 2452 790 2481 ad
807 2453 954 2483 modicum

212 2500 328 2534 tempus
349 2496 540 2526 scholasticus
562 2498 729 2536 indulgere:
753 2501 831 2539 quod
856 2505 953 2531 tamen

211 2548 276 2573 octo
299 2544 412 2573 dierum
436 2546 564 2584 spatium
588 2555 646 2576 non
661 2548 792 2578 excedat.

251 2592 401 2623 Lectiones
431 2595 565 2633 praeviae
588 2595 622 2624 ad
650 2595 823 2626 obtinendas
854 2598 953 2628 cathe-

850 205 993 228 CLEMENS
1020 206 1037 228 X
1044 206 1066 229 ΙΙ
1091 207 1140 230 ΡΡ.

1647 197 1707 230 171

1012 252 1080 283 dras
1102 254 1204 284 diebus
1221 260 1334 285 tantum
1358 257 1492 296 profestis
1515 257 1544 287 in
1568 257 1631 296 ipso
1654 256 1757 286 acade-

1012 303 1087 332 miae
1121 303 1257 341 theatro,
1292 305 1357 342 vel,
1383 307 1407 336 si
1430 307 1625 346 opportunius
1658 306 1755 336 visum

1012 350 1110 388 fuerit,
1130 351 1160 380 in
1176 354 1337 391 gymnasio,
1355 359 1421 384 ante
1445 355 1489 385 vel
1506 359 1571 394 post
1587 355 1754 391 meridiem,

1012 408 1026 427 a
1055 399 1219 430 candidatis
1247 402 1428 441 habeantur,
1453 413 1487 433 eo
1520 409 1618 434 tamen
1652 405 1755 434 ordine

1760 208 1809 232 An.
1829 205 1857 233 C.
1880 206 1952 234 1730

1012 451 1043 476 ut
1079 450 1228 486 postremo
1263 451 1389 481 recitent
1430 452 1521 489 gradu
1557 453 1751 492 antiquiores.
1795 479 1799 483 «

1011 495 1208 526 Scholasticus
1231 498 1260 527 in
1285 500 1413 538 propriis
1436 501 1573 538 aedibus,
1597 506 1752 540 praesente

1011 545 1178 574 academiae
1201 547 1359 576 secretario
1390 553 1418 577 et
1441 549 1553 579 duobus
1582 550 1752 580 doctoribus

1011 594 1238 633 antiquioribus,
1263 596 1375 634 singula
1400 597 1523 635 singulis
1553 599 1754 638 competitori-

1011 642 1065 671 bus
1088 643 1123 672 ad
1146 643 1300 682 legendum
1326 645 1420 684 capita
1447 647 1576 684 assignet
1599 658 1633 677 ex
1657 649 1750 686 libro,

1011 691 1071 730 qui,
1089 694 1199 722 remota
1216 693 1295 722 omni
1312 694 1424 731 fraude,
1442 700 1530 732 sorte,
1546 696 1615 726 ferri
1632 698 1752 737 cuspide

1010 740 1081 779 ipsis
1103 741 1338 780 inspectantibus
1354 744 1516 782 tripartito,
1535 746 1692 784 aperiatur,
1714 748 1753 776 fa-

1009 791 1055 818 cta
1072 789 1181 819 eisdem
1199 790 1327 829 optione,
1345 792 1422 830 quod
1439 793 1597 831 voluerint,
1611 794 1751 832 eligendi,

1009 842 1037 866 et
1060 847 1111 876 pro
1134 838 1301 869 huiusmodi
1324 840 1449 870 lectione
1466 842 1659 880 contexenda,
1677 853 1752 882 quae

1008 884 1037 913 in
1061 884 1148 915 horae
1171 886 1297 925 spatium
1321 887 1461 917 continua
1483 888 1614 918 oratione
1645 890 1753 928 produ-

1008 934 1098 963 cenda
1122 935 1200 971 erit,
1225 935 1339 973 integer
1361 937 1505 966 naturalis
1536 937 1598 967 dies
1627 938 1752 977 singulis

1008 983 1196 1014 concedatur.

1046 1032 1184 1069 Quilibet,
1209 1038 1363 1073 postquam
1393 1035 1551 1065 lectionem
1581 1036 1750 1074 absolverit,

1007 1082 1182 1111 sententiam
1207 1092 1288 1112 suam
1312 1084 1451 1114 adversas
1475 1085 1547 1114 duos
1569 1095 1604 1115 ex
1634 1095 1750 1125 compe-

1007 1130 1161 1169 titoribus,
1185 1141 1200 1161 a
1235 1133 1413 1162 cancellario
1446 1133 1663 1172 designandos,
1699 1144 1752 1174 per

1006 1180 1202 1210 semihorulae
1221 1181 1347 1220 spatium
1365 1183 1578 1222 propugnabit,
1596 1184 1751 1224 utriusque

1007 1232 1103 1258 tamen
1126 1229 1199 1258 iuris
1223 1231 1404 1268 professores
1434 1231 1488 1261 hac
1519 1232 1583 1271 lege
1616 1243 1674 1262 non
1709 1237 1752 1263 te-

1006 1281 1142 1307 neantur.

1045 1326 1087 1364 Si,
1105 1328 1260 1367 temporali
1277 1329 1418 1359 cathedra
1439 1334 1572 1367 vacante,
1591 1331 1689 1361 nullus
1706 1331 1750 1361 in-

1005 1379 1048 1404 tra
1075 1380 1189 1415 tempus
1215 1377 1377 1415 legitimum
1412 1379 1589 1417 oppositioni
1620 1379 1751 1409 subscri-

1005 1424 1114 1462 pserit,
1149 1425 1314 1463 professor,
1349 1426 1397 1465 qui
1421 1428 1552 1457 eamdem
1576 1427 1749 1465 obtinebat,

1005 1481 1111 1502 munus
1133 1482 1219 1503 suum
1249 1474 1284 1503 ad
1315 1475 1439 1505 alterum
1471 1486 1564 1515 usque
1586 1478 1748 1507 vacationis

1003 1526 1119 1560 tempus
1142 1528 1347 1562 prosequetur,
1372 1524 1441 1562 quin
1466 1525 1588 1564 peritiae
1611 1535 1680 1555 suae
1697 1536 1748 1556 no-

1004 1579 1070 1598 vum
1094 1571 1257 1609 periculum
1280 1572 1376 1601 facere
1398 1573 1554 1611 obligetur.

1042 1618 1200 1655 Omnibus,
1225 1630 1300 1659 quae
1333 1621 1367 1650 ad
1390 1623 1597 1653 cathedrarum
1632 1625 1749 1663 opposi-

1003 1667 1110 1697 tionem
1135 1669 1294 1707 pertinent,
1319 1670 1376 1700 rite
1399 1672 1538 1709 peractis,
1563 1672 1747 1710 singulorum

1002 1718 1227 1756 competitorum
1262 1719 1340 1748 tituli
1372 1724 1400 1748 et
1434 1721 1561 1759 merita,
1586 1721 1622 1750 ab
1645 1722 1748 1752 acade-

1004 1766 1077 1795 miae
1100 1766 1194 1796 scriba
1219 1767 1325 1797 litteris
1357 1769 1528 1799 authentice
1561 1771 1745 1810 consignata,

1002 1815 1169 1844 scholastici
1192 1817 1284 1855 ipsius
1307 1819 1398 1856 opera
1420 1818 1453 1847 ad
1477 1828 1646 1858 supremum
1669 1821 1748 1858 regis

1003 1864 1158 1893 consilium
1182 1865 1363 1895 deferantur.
1392 1866 1563 1896 Cathedram
1589 1878 1658 1898 vero
1681 1869 1748 1898 ade-

1003 1913 1080 1951 ptis,
1105 1923 1163 1942 non
1193 1918 1261 1943 ante
1295 1915 1510 1953 possessionem
1537 1916 1612 1946 inire
1639 1917 1744 1956 liceat,

1002 1971 1089 1999 qnam
1113 1962 1177 1991 iura
1200 1963 1260 1992 sive
1284 1963 1428 2002 stipendia
1445 1988 1452 2001 ,
1477 1974 1551 2003 quae
1584 1966 1619 1995 ad
1643 1967 1746 1996 acade-

1002 2010 1090 2039 miam
1103 2015 1248 2050 spectant,
1262 2012 1450 2049 exsolverint,
1465 2013 1596 2044 scilicet:
1613 2015 1745 2053 proprie-

1002 2059 1068 2088 tarii
1092 2060 1285 2098 quadraginta
1301 2060 1393 2090 libras
1410 2067 1542 2091 monetae
1558 2062 1741 2102 Cataloniae‚

1001 2113 1136 2146 regentes
1159 2114 1256 2139 autem
1280 2110 1405 2148 viginti;
1431 2121 1465 2140 ex
1489 2112 1595 2150 quibus
1618 2113 1744 2152 qnadra-

1000 2157 1078 2194 ginta
1112 2158 1220 2195 regalia
1253 2159 1431 2195 secretario,
1456 2161 1586 2199 quinque
1619 2161 1743 2199 singulis

1000 2206 1127 2244 bidellis,
1142 2207 1322 2245 totidemque
1336 2209 1587 2238 caeremoniarum
1602 2210 1742 2247 magistro

999 2255 1219 2291 attribuantur,
1244 2257 1357 2295 reliqua
1381 2266 1495 2286 summa
1531 2258 1561 2286 in
1594 2258 1742 2288 aerarium

999 2305 1153 2334 inferatur.
1178 2305 1259 2334 Fidei
1284 2315 1400 2344 quoque
1424 2306 1634 2345 professionem
1657 2307 1742 2336 emit-

1000 2358 1082 2383 tant:
1107 2354 1284 2383 cancellario
1307 2355 1406 2384 einsve
1436 2355 1527 2384 iudici
1549 2355 1741 2385 iureiurando

999 2402 1195 2432 obedientiam
1235 2403 1413 2442 spondeant:
1451 2413 1539 2443 seque
1572 2404 1600 2433 in
1639 2405 1740 2434 eadem

998 2450 1084 2480 verba
1107 2452 1275 2481 academiae
1297 2452 1463 2481 sanctiones
1485 2457 1513 2481 et
1529 2452 1663 2482 mandata
1680 2463 1741 2483 ser-

998 2505 1127 2538 vatur-03,
1141 2511 1286 2540 suumque
1306 2510 1412 2530 munus
1428 2501 1552 2531 solerter
1570 2502 1740 2541 expleturos

997 2549 1192 2588 obstringant.
1210 2550 1319 2589 Neque,
1342 2555 1498 2590 antequam
1521 2552 1592 2581 haec
1615 2551 1739 2591 praesti-

997 2598 1097 2635 terint,
1121 2599 1227 2628 salario
1250 2599 1396 2629 fruantur.

1781 1644 1943 1666 Praemittenda

1759 1670 1786 1690 ad
1824 1673 1942 1697 possessio·

1758 1703 1805 1725 nem
1827 1699 1943 1721 cathedrae

1758 1726 1892 1750 capiendam.
