2182 3137
33 277 87 302 An.
104 275 132 302 C.
155 273 222 301 ¹732

88 866 171 885 Erectio
191 864 216 885 de

30 898 75 918 qua
91 899 110 912 iu
122 891 215 912 rulisica.

846 271 987 294 ccenssxs

230 321 517 364 congregationem
528 321 590 353 sub
601 319 870 353 denominatione
881 328 971 361 prae·
992 318 994 325 '

229 375 293 408 fata
309 375 502 408 auctoritate
520 373 702 417 apostolica
719 378 880 415 perpetuo
899 382 971 404 ere·
992 398 994 403 .

229 427 331 461 ximus
356 434 387 460 et
411 427 619 466 instituimus,
646 436 683 458 ac
700 425 746 458 illi
769 425 816 458 sic
842 430 971 457 erectae

230 481 365 524 eiusque
403 480 622 513 confratribus
658 484 690 511 et
728 478 970 511 consororibus

228 533 403 566 nonnullas
440 532 661 574 indulgentias
695 537 726 564 et
762 535 995 573 peccatorum»

229 586 437 619 remissiones
474 595 510 618 ac
541 585 819 628 poenitentiarum
845 584 972 616 relaxa-

227 638 344 678 tiones,
370 639 427 671 sub
453 639 550 671 certis
578 638 675 670 modo
701 642 732 670 et
763 638 865 669 forma
896 642 972 668 tunc

229 693 399 736 expressis,
418 693 530 726 itidem
557 697 720 735 perpetuo
738 691 970 729 concessimus,

229 751 261 778 et
286 746 373 785 alias,
399 751 496 789 prout
523 746 554 778 in
574 745 696 778 eisdem
715 744 830 778 litteris
852 744 972 777 nostris
994 719 996 776 i

229 798 360 831 uberius
384 799 580 832 continetur.

272 853 288 895 ἓ
313 853 343 886 2.
370 852 448 885 Cum
473 858 593 891 autem,
621 852 706 885 sicut
731 851 846 884 eadem
874 862 973 894 expo-

232 905 306 938 sitio
329 906 559 948 subiungebat‚
580 905 657 938 dicii
676 910 879 948 exponentes
899 915 974 936 con-

229 959 465 992 fraternitatem
501 970 555 991 seu
594 958 884 1001 congregationem
919 958 976 990 liu-

230 1011 371 1045 iusmodi
396 1012 768 1045 arcliiconfraternitatis
800 1012 894 1044 titulo
920 1012 976 1044 de-

231 1172 295 1205 sibi
318 1173 349 1205 in
376 1173 564 1216 praemissis
588 1179 775 1216 opportune
800 1172 976 1215 providere

232 1232 264 1259 et
289 1233 323 1258 ut
344 1227 430 1259 infra
455 1227 628 1269 indulgere
654 1227 694 1259 de
720 1226 924 1268 benignitate
945 1236 977 1258 a-

233 1280 395 1322 postolica
416 1280 637 1322 dignaremur.
665 1279 729 1312 Nos
756 1279 865 1321 igitur,
891 1279 977 1322 ipsos

235 1339 436 1376 exponentes
456 1334 651 1377 specialibus
672 1333 836 1366 favoribus
856 1339 886 1365 et
904 1344 977 1375 gra-

233 1386 285 1418 tiis
310 1387 464 1429 prosequi
497 1388 667 1426 volentes,
694 1392 725 1419 et
759 1396 872 1418 eorum
909 1386 976 1418 sin-

231 1440 361 1481 gulares
387 1450 544 1483 personas
564 1450 582 1471 a
599 1439 767 1482 quibusvis
794 1450 978 1472 excommu-

232 1491 425 1531 nicationis,
460 1491 690 1534 suspensionis
724 1497 755 1524 et
794 1492 1001 1532 interdictu,

232 1546 369 1589 aliisque
381 1545 609 1578 ecclesiasticis
627 1546 809 1586 sententiis,
828 1546 976 1578 censuris

234 1605 266 1632 et
284 1599 410 1642 poenis,
436 1610 453 1631 a
470 1599 539 1631 iure
565 1600 615 1631 vel
634 1599 673 1631 ab
693 1598 843 1638 bomine,
864 1599 975 1641 quavis

235 1652 406 1685 occasione
425 1653 475 1685 vel
497 1654 594 1684 causa
612 1652 695 1692 latis,
717 1652 740 1684 si
760 1652 875 1695 quibus
899 1663 977 1696 quo-

233 1706 599 1739 modolibetinnodatae
610 1706 763 1745 existunt,
779 1707 816 1738 ad
827 1706 976 1739 effectum

234 1759 457 1802 praesentium
494 1760 660 1792 dumtaxat
694 1761 974 1803 consequendum,

234 1813 350 1845 harum
386 1813 470 1845 serie
503 1814 709 1846 absolventes
742 1818 774 1846 et
810 1815 977 1847 absolutas

234 1867 302 1899 fore
323 1872 517 1906 censentes,
550 1867 739 1900 huiusmodi
765 1868 978 1911 supplicatio-

236 1920 330 1952 nibus
371 1920 535 1959 inclinati,
574 1921 877 1953 confraternitatem
919 1932 976 1953 seu

237 1973 526 2015 congregationem
560 1973 759 2015 praedictam
798 1973 831 2005 in
871 1974 979 2006 archi-

237 2026 560 2065 confraternitateni,
586 2037 657 2059 cum
684 2027 834 2059 omnibus
860 2033 892 2058 et
913 2028 979 2059 sin-

237 2079 321 2122 gulis
347 2079 600 2122 praerogativis,
627 2079 763 2119 iuribus,
793 2081 977 2113 bonoribus

237 2137 269 2165 et
300 2132 571 2175 praeeniinentiis
608 2132 713 2165 solitis
744 2138 775 2165 ct
800 2133 976 2173 consuetis,

236 2185 431 2218 auctoritate
445 2186 597 2228 praefata,
618 2191 730 2218 tenore
748 2187 980 2228 praesentium,

236 2239 306 2272 sine
332 2239 487 2282 cuiusque
512 2240 722 2282 praeiudicio,
743 2246 903 2283 perpetuo
926 2252 980 2284 pa-

238 2293 318 2325 riter
339 2292 493 2335 erigimus
519 2298 551 2325 et
577 2293 792 2333 instituimus;
819 2305 854 2326 ac
879 2294 980 2337 ipsius

239 2346 611 2379 archieonfraternitatis
639 2347 684 2379 sic
710 2352 837 2380 erectae
862 2347 981 2380 officia-

238 2400 323 2433 libus
361 2405 393 2432 et
424 2400 643 2432 confratribus
680 2401 910 2444 praesentibus
950 2407 982 2434 et

239 2453 366 2491 futuris,
390 2458 426 2485 ut
450 2453 512 2496 ipsi
538 2453 616 2486 alias
642 2464 865 2498 quascumque
902 2464 981 2487 con-

239 2507 456 2540 fraternitates
493 2517 549 2539 seu
586 2508 859 2550 congregationes
897 2509 982 2542 eius-

239 2561 313 2593 dem
339 2559 478 2592 instituti
512 2565 601 2592 extra
633 2560 750 2594 Urbem
782 2562 981 2604 praedictam

239 2613 436 2656 ubicumque
479 2614 626 2646 locorum
664 2615 840 2647 existentes
874 2615 980 2648 eidem

238 2667 590 2700 archiconfraternitati
616 2667 763 2711 (servata
788 2673 892 2701 tamen
919 2669 982 2701 for-

1014 271 1057 293 xi1
1084 272 1133 294 pr.

1014 321 1066 351 ma
1091 325 1154 352 tam
1187 319 1426 352 constitutionis
1464 318 1565 352 felicis
1601 317 1756 350 recorda-

1015 371 1111 403 tionis
1136 372 1310 405 Clementis
1332 372 1439 415 Papae
1459 371 1535 411 VIII,
1558 370 1756 414 praedeces-

1015 425 1096 456 soris
1122 426 1237 463 nostii,
1262 436 1359 468 quarn
1385 425 1593 457 decretorum
1615 423 1757 465 Congre-

1014 478 1155 518 gationis
1181 477 1295 510 sulz.
1313 478 1526 510 cardinalium
1543 476 1758 519 indulgentiis

1015 530 1181 574 sacrisque
1208 531 1353 574 reliquiis
1384 531 1604 574 praepositae,
1640 531 1691 562 die
1726 540 1757 563 Vi

1016 584 1120 615 martii
1147 593 1267 623 imeri,
1295 590 1327 616 et
1358 584 1410 616 die
1442 595 1460 616 x
1493 583 1604 626 aprilis
1629 592 1756 616 Moccxx

1017 637 1156 679 desuper
1175 636 1354 679 respective
1376 636 1550 678 editorum)
1566 646 1758 679 aggregare,

1016 690 1148 733 illisque
1175 701 1288 722 omnes
1314 696 1346 722 et
1369 690 1512 731 singulas
1533 690 1755 731 indulgentias

1017 749 1049 776 et
1073 749 1283 786 peccatorum
1310 743 1535 781 reniissioneS,
1569 754 1605 774 ac
1641 743 1755 785 poeui-

1019 797 1193 829 tentiaruni
1221 796 1454 834 relaxationes,
1482 795 1541 837 ipsi
1568 796 1753 828 confrater-

1017 851 1109 883 nitati
1137 861 1192 882 scu
1230 849 1491 892 congregationi,
1519 849 1564 881 sic
1596 849 1626 880 in
1655 849 1760 881 archi-

1018 906 1319 937 confraternitatum
1348 908 1496 941 erectae,
1522 913 1539 934 a
1564 902 1659 935 nobis
1686 912 1761 935 con-

1019 969 1147 996 cessas,
1188 957 1433 990 coini'uuuicare
1470 956 1575 988 libere
1612 961 1643 988 et
1675 955 1762 988 licite

997 1053 999 1057 y
1019 1011 1146 1055 possint
1165 1017 1197 1043 ct
1215 1011 1360 1049 valeant,
1385 1009 1579 1042 auctoritate
1599 1014 1629 1041 et
1647 1013 1759 1041 tenore

230 1065 338 1098 corari
364 1066 542 1108 plurimum
561 1066 765 1099 desiderent:
788 1065 881 1098 nobis
899 1075 976 1108 pro·
997 1060 999 1071 '

231 1123 344 1162 pterea
369 1120 540 1152 humiliter
566 1119 744 1163 supplicari
771 1119 917 1151 fecerunt
943 1124 977 1151 ut
998 1121 1000 1127 ’

1020 1065 1221 1108 praesentis,
1251 1064 1459 1097 concedimus
1487 1069 1518 1096 et
1537 1062 1759 1104 indulgemus.

1050 1120 1064 1162 ἓ
1082 1118 1113 1151 3.
1126 1118 1361 1156 Decernmtes,
1374 1117 1503 1150 easdem
1515 1121 1704 1159 praesentes
1715 1116 1764 1149 lit.-

998 1204 1000 1220 4
1022 1178 1106 1205 teras
1125 1183 1253 1214 semper
1271 1171 1398 1209 firmas,
1425 1171 1546 1203 validas
1567 1176 1597 1202 et
1615 1170 1764 1203 efficaces

1021 1227 1159 1259 existere
1186 1231 1217 1257 et
1255 1226 1337 1264 fore,
1364 1235 1506 1268 suosque
1533 1224 1700 1267 plenarios
1731 1229 1764 1256 et

1022 1279 1167 1322 integros
1192 1278 1325 1311 effectus
1343 1278 1453 1311 sortiri
1473 1283 1504 1310 et
1536 1277 1701 1317 obtinere,
1727 1288 1764 1309 ac

1021 1333 1104 1373 illis,
1134 1333 1172 1365 ad
1201 1343 1283 1375 quos
1311 1337 1438 1375 spectat
1466 1337 1497 1363 et
1526 1342 1585 1374 pro
1618 1337 1766 1373 tempore

1021 1386 1295 1429 quandocumque
1322 1385 1495 1428 spectabit,
1514 1385 1546 1416 in
1564 1383 1714 1416 omnibus
1733 1391 1766 1417 et

1021 1450 1080 1482 per
1107 1440 1216 1472 onmia
1242 1438 1430 1481 plenissime
1457 1437 1640 1479 suffragari,
1666 1443 1698 1469 et
1724 1438 1763 1470 ab

1021 1494 1068 1525 eis
1093 1493 1276 1535 respective
1302 1491 1533 1524 inviolabiliter
1569 1491 1763 1530 observari,

1021 1546 1133 1589 sicque
1149 1546 1180 1578 in
1201 1545 1385 1587 praemissis
1400 1555 1457 1587 per
1476 1554 1699 1587 quoscumque
1721 1544 1766 1576 iu-

1021 1600 1109 1632 dices
1134 1599 1317 1632 ordinarios
1335 1604 1367 1631 et
1384 1599 1561 1641 delegatos
1581 1598 1678 1630 ctiam
1696 1609 1769 1630 eau-

1021 1664 1128 1686 sarum
1155 1653 1268 1695 palatii
1287 1652 1458 1696 apostolici
1485 1652 1660 1691 auditores,
1688 1651 1767 1683 iudi-

1021 1707 1085 1740 cari
1122 1714 1152 1740 et
1175 1706 1304 1739 definiri
1330 1706 1469 1744 debere,
1503 1716 1539 1738 ac
1571 1705 1701 1738 irritum
1735 1711 1767 1737 et

1021 1762 1117 1794 inane
1151 1761 1177 1793 si
1209 1771 1302 1793 secus
1328 1770 1428 1803 super
1460 1759 1511 1792 liis
1541 1770 1557 1791 a
1590 1769 1767 1802 quoquam,

1022 1814 1134 1858 quavis
1156 1813 1359 1852 auctoritate,
1376 1813 1520 1845 scienter
1539 1813 1589 1844 vel
1611 1813 1767 1854 ignoran-

1022 1874 1110 1906 nter,
1144 1867 1322 1908 contigerit
1347 1866 1511 1899 attentari.

1655 259 1723 292 413
1768 271 1819 294 An.
1835 269 1864 294 c.
1887 268 1954 295 1731!

1805 1126 1925 1146 elamat-ie.

1066 1922 1080 1963 g
1104 1921 1135 1953 4.
1153 1914 1229 1952 Non*
1245 1919 1450 1952 obstantibus
1471 1919 1762 1953 constitutionibus
1806 1925 1964 1945 Cfflstfflfflwm

1023 1981 1054 2007 et
1079 1973 1342 2007 ordinationibus
1362 1972 1566 2016 apostolicis⁷
1585 1983 1630 2013 ac,
1653 1979 1767 2016 quate-

1023 2038 1084 2059 nus
1102 2037 1184 2069 opus
1211 2026 1260 2065 sit,
1287 2026 1494 2069 supradictae
1520 2026 1769 2060 confraternita-

1024 2082 1063 2113 tis
1089 2091 1146 2113 seu
1172 2079 1447 2121 congregationis,
1475 2079 1612 2122 aliisque
1637 2080 1769 2122 quibus—

1023 2136 1079 2175 vis,
1105 2134 1201 2167 etiain
1226 2133 1429 2172 iuramento,
1456 2132 1701 2165 confirmatione
1738 2143 1769 2166 a-

1023 2187 1199 2231 postolica,
1226 2187 1275 2219 vel
1309 2186 1420 2228 quavis
1445 2185 1597 2219 firmitate
1634 2186 1696 2219 alia
1721 2197 1769 2219 ro-

1024 2241 1167 2282 boratiS,
1208 2240 1335 2273 statutis
1377 2245 1408 2272 et
1448 2239 1739 2272 consuetudinibus
1757 2268 1766 2281 ‚

1025 2294 1206 2338 privilegiis
1244 2304 1392 2336 quoque,
1426 2293 1560 2326 indultis
1592 2299 1624 2326 et
1648 2293 1767 2326 litteris

1025 2347 1222 2391 apostolicis,
1238 2346 1270 2378 in
1290 2346 1488 2378 contrarium
1506 2345 1765 2389 praemissorum

1025 2401 1277 2445 quomodolibet
1305 2399 1487 2439 concessis,
1508 2399 1708 2432 confirmatis
1736 2406 1770 2433 et.

1025 2454 1212 2494 innovatis,
1239 2454 1359 2497 quibus
1385 2453 1539 2486 omuibus
1565 2459 1596 2486 et
1617 2454 1766 2497 singulis,

1024 2508 1158 2541 illorum
1185 2514 1318 2540 tenores
1343 2506 1576 2549 praesentibus
1594 2517 1653 2550 pro
1671 2508 1770 2550 plene

1026 2567 1057 2594 et
1086 2561 1288 2594 sufficienter
1318 2559 1482 2603 expressis
1508 2570 1545 2592 ac
1569 2560 1608 2592 ad
1632 2561 1768 2594 verbum

1025 2614 1159 2647 insertis
1181 2614 1358 2654 babentes,
1384 2613 1450 2646 illis
1475 2612 1555 2646 alias
1581 2613 1614 2646 in
1635 2624 1693 2647 suo
1718 2625 1769 2648 ro-

1025 2669 1106 2701 bore
1147 2667 1372 2712 permansuris
1393 2694 1400 2707 ,
1434 2667 1474 2700 ad
1512 2667 1768 2711 praemissorum

1780 1951 1896 1976 derogatio.
