2182 3137
15 274 64 302 An.
88 272 118 300 C.
140 271 205 298 1732

832 266 975 290 crtzaitzxs

212 319 295 352 senti
322 319 552 362 reperiuntur,
580 328 597 350 a
629 315 782 360 praefatis
817 320 848 347 et
885 314 955 346 aliis

213 371 379 415 quibusvis
406 370 622 404 tribunalibus
660 374 691 401 et
728 367 891 401 iudicibus
916 367 955 400 ad

213 435 272 458 nos
309 425 423 457 barum
462 424 546 456 serie
584 433 776 461 avocamus,
818 421 955 463 illasque

212 489 325 511 omnes
351 484 382 511 et
412 478 559 520 singulas
592 475 840 519 supprimimus,
871 474 957 517 peri-

212 531 338 570 mimus,
375 530 594 573 extinguimus
631 535 662 561 et
695 529 884 567 abolemus,
920 538 956 560 ac

212 590 405 627 perpetuum
428 584 572 626 desuper
598 581 728 626 utrique
749 581 832 624 parti
859 581 956 614 silen-

213 638 290 670 tium
319 637 529 680 imponimus,
556 647 654 680 osque
682 635 899 668 occludimus.

256 692 429 724 Praeterea
457 692 643 723 earumdem
671 695 782 722 tenore
804 699 958 732 praesen-

212 745 289 777 tium
310 744 482 777 statuimus
500 750 527 776 et
548 743 751 776 ordinamus:
771 761 814 765 ——
829 753 850 776 t.
866 742 956 780 Quod

212 798 242 830 in
263 804 400 841 quatuor
415 797 527 840 primis
543 796 699 840 proximis
715 796 865 839 capitulis
880 795 956 828 Con-

213 851 361 894 gregatio
382 850 644 884 Cistcrciensium
664 850 840 893 Hispaniae
860 850 956 893 (quac

212 905 361 938 consistit
379 904 408 936 in
426 904 640 947 quadraginta
655 903 782 936 duobus
796 908 957 935 monaste-

213 959 288 998 riis,
316 968 456 1001 nempe,
484 957 596 989 decem
624 962 655 989 et
680 962 803 1000 septem
831 956 862 988 in
882 966 958 999 pro-

212 1011 318 1044 vincia
344 1011 383 1043 (le
416 1010 555 1053 Campos
588 1015 620 1043 et
654 1010 748 1042 terris
782 1009 957 1042 adiacenti-

213 1065 272 1097 bus
297 1064 389 1106 regni
422 1063 603 1106 Legionis,
636 1063 808 1096 tresdecim
843 1063 874 1094 in
907 1073 957 1095 re-

213 1129 276 1161 gno
302 1118 506 1157 Gallaeciae·,
533 1128 585 1150 sex
613 1116 643 1149 iu
670 1117 901 1156 Castellanova,
927 1122 958 1149 et

212 1171 360 1215 praecise
380 1172 412 1204 in
431 1182 533 1214 regno
552 1170 653 1203 Toleti
671 1182 678 1211 ;
696 1171 798 1202 tribus
818 1171 849 1202 in
869 1171 958 1202 Astu-

213 1226 281 1265 riis,
310 1231 342 1258 et
367 1226 494 1258 duobus
521 1225 551 1257 in
580 1225 745 1268 provincia
771 1223 901 1264 llioxae,
927 1229 958 1256 et

212 1290 277 1312 uno
298 1280 328 1312 in
352 1279 529 1312 Montaneis
554 1278 802 1321 But-gensibus),
825 1277 855 1309 in
878 1277 956 1309 duas

214 1339 322 1375 partes
348 1333 537 1365 dividatur:
572 1342 669 1364 unam
696 1341 813 1374 nempe
841 1330 957 1363 saciant

213 1385 354 1419 Callaeci
375 1392 406 1418 et
424 1386 554 1418 oriundi
575 1396 609 1417 ex
630 1384 794 1428 provincia
812 1384 850 1417 de
869 1384 958 1417 Cam-

213 1450 272 1481 pos
308 1445 340 1472 et
366 1439 460 1471 dictis
487 1438 582 1471 terris
607 1437 831 1471 adiacentibus
866 1438 955 1480 regni

214 1492 388 1535 Legionis:
416 1493 551 1525 alteram
578 1503 656 1524 vero
683 1491 812 1525 oriundi
839 1502 874 1524 ex
901 1491 958 1524 Ca-

213 1547 408 1586 stellanoxa,
423 1545 569 1585 Asturiis,
584 1544 716 1587 ttivogia
733 1551 764 1577 ct
777 1545 956 1578 Montaneis

214 1598 446 1641 burgensibus.
461 1617 504 1621 ——
521 1609 556 1631 11.
572 1597 662 1636 Quod
680 1598 764 1630 inter
778 1598 957 1631 monachos

213 1652 392 1693 Gallaecos,
408 1663 445 1685 ex
464 1654 536 1692 una,
552 1658 583 1684 et
601 1651 810 1694 Campcsinos
826 1651 876 1684 et¹
892 1658 957 1684 ter-

213 1707 256 1738 ris
272 1706 495 1740 adiacentibus
513 1705 605 1748 regni
624 1705 784 1747 Legionis,
801 1715 838 1738 ex
855 1706 957 1738 attera

213 1760 371 1804 partibus,
391 1759 446 1792 liat
471 1758 651 1792 subdivisio
673 1759 703 1791 in
726 1759 806 1792 duas
824 1764 955 1803 partes,

212 1813 446 1847 animadverso
480 1813 566 1856 quod
600 1818 773 1846 censeatur
798 1818 829 1845 et
861 1823 958 1856 repu-

175 1887 179 1891 ·
213 1873 299 1900 tetur
325 1867 486 1900 oriundus
512 1877 548 1899 ex
573 1866 748 1910 praedictis
775 1866 887 1905 terris,
914 1865 958 1898 ita

213 1920 324 1960 divisis
350 1926 383 1953 et
407 1920 596 1961 subdit-isis,
624 1920 678 1953 ille
711 1920 765 1963 qui
792 1919 823 1952 in
849 1919 957 1963 aliqua

213 1984 250 2007 ex
278 1973 342 2007 illis
367 1980 462 2007 natus
499 1979 548 2006 est
584 1980 754 2016 tempore,
789 1984 854 2017 quo
888 1973 957 2005 eius

213 2033 369 2071 parentes
395 2033 449 2060 aut
472 2027 590 2071 aliquis
608 2038 644 2059 ex
667 2027 730 2060 illis
758 2027 956 2060 domicilium

213 2091 414 2124 permanens
441 2081 471 2113 in
499 2080 675 2124 praedictis
698 2081 791 2113 terris
807 2080 957 2113 babebat.

212 2153 255 2157 —
280 2145 329 2167 111.
357 2133 446 2172 Quod
474 2133 582 2166 omnia
615 2133 719 2166 officia
752 2133 956 2176 capitularia,

213 2198 349 2231 quorum
373 2188 552 2221 electiones
578 2188 787 2221 celebrantur
812 2181 959 2231 quolibet

214 2241 369 2282 triennio,
397 2247 459 2274 tarn
486 2241 569 2274 intra
597 2253 693 2283 quam
721 2247 812 2274 extra
836 2241 959 2285 capitu—

214 2295 279 2328 lum
307 2297 471 2338 generale,
503 2295 743 2328 distribuantur
779 2295 960 2338 aequaliter

215 2349 301 2382 inter
322 2349 500 2382 monachos
536 2349 695 2382 oriundos
733 2359 769 2382 ex
808 2348 901 2382 terris
926 2354 960 2380 ut

216 2412 313 2445 supra
332 2402 452 2442 divisis,
474 2402 553 2434 itaut
580 2408 624 2435 tot
642 2401 749 2435 ol'licia
767 2401 960 2445 capitularia

216 2456 359 2490 habeant
384 2456 529 2498 religiosi
557 2454 708 2488 oriundi²
733 2466 769 2488 ex
791 2455 884 2488 terris
903 2455 961 2488 Ca-

215 2509 454 2549 stellaenovae‚
481 2508 646 2549 Astur-iae,
675 2508 796 2541 Ilioxae
821 2513 853 2541 et
878 2508 961 2541 Mon·

252 2593 261 2616 1
285 2589 358 2616 Adde
374 2589 515 2617 oriundos
530 2597 544 2615 e
558 2591 599 2624 (n.
615 2589 666 2622 τ.).

250 2635 267 2662 2
283 2634 372 2661 Verba
388 2643 424 2661 ex
440 2634 528 2662 terris
542 2655 548 2662 .
559 2654 564 2660 .
575 2655 581 2661 .
593 2633 717 2661 oriundi
738 2633 835 2660 desunt
854 2633 880 2660 in
901 2633 961 2661 loco

217 2679 346 2716 parallelo
362 2682 426 2706 tom.
444 2684 504 2708 xxi,
523 2686 582 2714 pag.
602 2678 652 2706 40⁹2
669 2678 683 2705 b
699 2679 740 2713 (n.
753 2679 800 2714 τ.).

1001 266 1044 290 xn
1070 267 1120 290 rr.
1643 253 1707 287 4⁶29

1000 321 1169 347 tanearum
1208 314 1447 357 Burgensium,
1481 319 1562 357 quot
1595 313 1742 355 religiosi

1000 368 1129 400 oriundi
1168 378 1205 400 ex
1243 378 1345 409 regno
1383 367 1563 400 Callaeciae
1590 372 1622 399 et
1648 365 1741 398 terris

1000 421 1188 464 provinciae
1214 421 1253 454 de
1280 421 1417 464 Campos
1450 427 1482 453 et
1517 419 1742 452 adiacentibus

1000 475 1092 517 regni
1119 474 1294 517 Legionis·,
1334 474 1526 506 alternando
1563 474 1649 505 inter
1687 473 1743 505 bas

1001 527 1079 560 duas
1104 533 1213 570 partes
1240 527 1285 559 sic
1310 527 1428 559 divisas
1455 527 1597 559 oflicium
1623 527 1744 570 dispar,

1001 587 1160 624 quatenus
1198 581 1301 620 adsit,
1342 581 1580 614 subdividendo
1621 580 1745 623 pariter

1002 634 1207 667 medietatem
1234 634 1451 676 praefatorum
1470 633 1649 666 osticiorum
1676 639 1745 665 tan-

1002 693 1131 729 gentem
1158 687 1337 719 monachos
1364 686 1533 719 Gallaecos
1559 692 1590 718 et
1616 687 1745 729 Campe-

1001 741 1090 773 sinos
1117 741 1147 773 in
1175 741 1253 773 duas
1279 745 1387 782 partes
1414 741 1579 782 aequales,
1607 751 1743 782 quarum

1002 805 1066 827 nna
1102 794 1132 826 in
1173 793 1326 826 omnibus
1367 798 1398 825 et
1435 793 1565 835 singulo
1600 793 1744 825 triennio

1001 848 1191 880 conseratur
1214 847 1375 889 religiosis
1398 845 1545 879 oriundis
1565 857 1600 878 ex
1620 845 1745 879 Gallae-

1002 901 1061 941 cia,
1083 906 1114 934 et
1131 902 1234 934 altera
1253 899 1417 942 religiosis
1444 900 1593 932 oriundis
1615 910 1650 931 ex
1670 910 1746 942 pro-

1002 954 1105 987 vincia
1131 955 1169 986 de
1191 954 1328 997 Campos
1347 958 1378 985 et
1397 952 1492 985 terris
1510 953 1744 992 adiacentibus,

1002 1008 1195 1041 alternando
1219 1007 1305 1039 inter
1330 1007 1388 1039 lias
1411 1006 1489 1038 duas
1510 1012 1619 1049 partes
1638 1017 1746 1038 mona-

1002 1061 1134 1094 cliorum
1162 1061 1207 1093 sic
1233 1061 1351 1093 divisas
1377 1059 1519 1092 osticium
1553 1060 1676 1103 dispar.
1702 1078 1746 1082 -

1003 1125 1045 1148 tv.
1072 1114 1162 1153 Quod
1189 1114 1294 1147 osticia
1321 1113 1510 1157 capitularia
1527 1140 1534 1152 ,
1573 1124 1655 1157 quae
1681 1113 1743 1146 eli-

1003 1174 1124 1211 guntur
1149 1168 1181 1200 in
1208 1168 1337 1210 singulo
1359 1167 1503 1210 capitulo
1529 1166 1676 1210 generali
1699 1167 1746 1209 <et

1003 1229 1078 1254 sunt
1101 1222 1288 1260 sexdecim,
1314 1231 1430 1264 nempe
1456 1231 1510 1253 sex
1537 1220 1745 1260 definitores,

1003 1282 1142 1320 quatuor
1162 1282 1391 1320 procuratores
1417 1277 1601 1318 gencrale&
1620 1276 1683 1308 duo
1703 1275 1747 1307 vi·

1002 1331 1151 1363 sitatores
1178 1331 1362 1373 generales,
1384 1329 1448 1362 duo
1473 1330 1680 1372 suppletores
1706 1329 1747 1361 vi-

1003 1384 1191 1423 sitatorum,
1217 1394 1302 1415 unus
1332 1388 1503 1426 promotor
1535 1382 1676 1421 liscalis,
1715 1388 1747 1414 et

1003 1448 1086 1470 unus
1111 1437 1307 1471 secretarius
1332 1437 1481 1480 capituli)
1504 1436 1688 1469 dividantur
1714 1437 1745 1468 iu

1002 1492 1080 1524 duas
1106 1496 1214 1534 partes
1240 1490 1374 1523 omnino
1399 1491 1573 1533 aequales;
1607 1490 1638 1522 in
1671 1500 1748 1533 qua-

1003 1555 1071 1577 rum
1098 1546 1160 1576 una
1180 1549 1341 1587 ponantur
1368 1549 1432 1576 tres
1459 1543 1661 1582 definitores,
1681 1543 1747 1576 duo

1002 1603 1228 1641 procuratores
1264 1598 1455 1640 generales,
1481 1608 1565 1629 unns
1602 1597 1749 1630 visitator

1001 1651 1173 1694 generalis,
1204 1661 1289 1683 unus
1322 1651 1493 1694 suppletor
1522 1656 1553 1683 et
1579 1657 1749 1694 promotor

1002 1705 1142 1745 fiscalis,
1182 1704 1213 1737 in
1246 1704 1308 1737 alia
1341 1714 1418 1737 vero
1446 1709 1510 1737 tres
1537 1704 1746 1744 definitores,

1002 1759 1064 1793 duo
1089 1764 1319 1803 procuratores
1341 1759 1532 1801 generales,
1558 1769 1641 1791 unus
1675 1758 1750 1791 visi-

1003 1818 1088 1846 tator
1114 1812 1298 1855 generalis,
1325 1822 1410 1844 unus
1436 1813 1610 1856 suppletor
1642 1818 1673 1844 et
1698 1823 1748 1845 se-

1002 1866 1157 1899 cretarius
1187 1866 1341 1909 capituli,
1380 1871 1412 1898 et
1449 1865 1534 1898 inter
1571 1866 1629 1898 lias
1667 1865 1746 1898 duas

1002 1925 1110 1963 partes
1137 1919 1255 1952 divisas
1273 1919 1453 1952 alternetur
1478 1918 1675 1952 secretarius
1701 1930 1748 1950 ca·

1003 1972 1096 2017 pituli
1124 1977 1156 2005 et
1181 1977 1348 2016 promotor
1372 1971 1510 2012 fiscalis,
1530 1983 1565 2005 ex
1594 1972 1644 2004 liis
1669 1983 1747 2004 vero

1003 2027 1127 2059 duabus
1144 2026 1300 2070 partibus,
1317 2036 1414 2058 unam
1434 2026 1577 2059 babeant
1595 2025 1747 2058 monachi

1003 2091 1039 2112 ex
1065 2079 1296 2119 Castellanora,
1319 2078 1465 2118 Asturiis,
1486 2078 1586 2111 Rioxa
1612 2083 1643 2111 et
1661 2078 1748 2111 Mou-

1004 2133 1107 2166 taneis
1127 2133 1164 2165 de
1184 2133 1332 2175 13111·g0s;
1352 2133 1447 2165 aliam
1474 2132 1619 2165 babeant
1640 2142 1749 2164 mona-

1002 2187 1055 2219 clii
1092 2197 1128 2219 ex
1155 2186 1318 2219 Gallaecia
1354 2191 1385 2218 et
1410 2186 1547 2229 Campos
1581 2196 1617 2218 ac
1654 2184 1748 2217 terris

1002 2240 1179 2273 convicinis
1215 2240 1307 2282 regni
1336 2240 1513 2282 Legionis;
1551 2239 1747 2272 alternando

1003 2294 1087 2326 iuter
1113 2293 1212 2326 dictas
1238 2293 1316 2325 duas
1334 2298 1443 2336 partes
1461 2293 1687 2336 generalatum
1707 2293 1746 2325 dc

1004 2347 1144 2380 triennio
1183 2347 1214 2379 in
1253 2346 1454 2386 triennium,
1489 2346 1577 2390 quod
1603 2346 1747 2379 officium

1003 2400 1207 2441 conseratur,
1236 2400 1266 2432 in
1293 2399 1398 2443 primo
1425 2400 1575 2443 proximo
1602 2399 1747 2443 capitulo

1004 2454 1161 2497 generali,
1189 2454 1352 2486 monac-lio
1369 2452 1520 2486 Gallaeco
1542 2454 1592 2486 vel
1613 2453 1747 2497 Campe-

1004 2508 1086 2547 sino,
1107 2507 1219 2550 sicque
1239 2507 1277 2539 de
1297 2506 1441 2539 triennio
1459 2506 1491 2539 in
1511 2506 1685 2539 triennium
1705 2507 1749 2539 al-

1006 2567 1166 2594 ternetur.
1184 2580 1225 2582 fi
1243 2571 1271 2592 v.
1290 2560 1379 2598 Quod
1399 2560 1480 2593 ltaee
1506 2570 1591 2603 pars
1610 2565 1747 2604 tangens

1005 2615 1184 2648 monachos
1210 2625 1246 2647 ex
1274 2613 1436 2646 Gallaecia
1461 2619 1494 2646 et
1511 2613 1649 2658 Campos
1675 2625 1748 2647 eum

1005 2668 1100 2703 terris
1126 2666 1304 2702 convicinis
1331 2667 1423 2711 regui
1456 2667 1616 2711 Legionis,
1643 2668 1750 2702 subdi-

1755 263 1803 289 An.
1826 262 1853 289 C.
1876 263 1940 290 1732
