2182 3137
197 209 248 234 An.
269 208 299 234 C.
316 207 385 233 1732

223 996 252 1016 De
269 998 346 1022 quibus
359 1002 380 1016 a·

199 1023 288 1048 gendum
308 1023 378 1044 rebus·

431 198 495 231 372

389 260 421 286 ut
443 256 593 286 sussiciens
616 260 730 295 tempus
759 255 863 286 habeat
892 255 927 285 ad
954 255 1129 285 sumendum

389 305 627 334 informationem
659 304 694 335 de
724 308 801 334 statu
830 304 1001 334 monasterii
1036 304 1129 344 deque

390 353 521 392 querelis
552 357 580 383 et
612 353 706 383 causis
728 354 950 383 monachorum.
982 353 1061 383 Idem
1087 353 1131 383 di-

390 402 514 432 cendum
536 402 571 432 de
592 403 672 432 socio
699 402 837 432 abbatum
867 402 900 432 ad
928 403 1131 441 congregatio-

390 460 457 480 nem
479 450 647 489 generalem
669 451 830 480 discessum
846 452 865 480 ¹.
889 450 992 481 Omnia
1015 455 1128 488 antem,

392 508 467 539 qnae
489 499 584 529 socius
609 500 830 538 congregationi
846 500 975 538 generali
999 500 1043 530 vel
1068 509 1133 538 pro-

391 541 509 578 vinciali
533 548 650 578 nomine
680 548 890 579 monachorum
912 548 1130 588 praesentabit,

391 595 501 626 debent
523 606 587 626 esse
609 596 663 626 sub
690 596 786 635 sigillo
819 597 990 627 monasterii
1012 597 1130 630 clausa,

391 649 419 675 et
440 644 476 674 ab
499 645 534 674 iis
556 644 733 685 subscripta.

431 702 467 723 iv.
492 693 522 723 ln
552 696 675 733 utraque
707 695 931 733 congregatione
960 694 1037 723 idem
1064 693 1134 723 ordo

390 748 540 781 servetur,
558 743 593 773 de
609 753 666 782 quo
682 753 770 783 supra
793 744 822 773 in
845 743 1070 781 congregatione
1086 743 1135 772 lie-

391 801 585 831 gumenorum
599 792 708 822 dictum
729 796 772 822 est
789 802 872 822 num.
887 801 916 822 ιιι
934 796 962 821 et
977 801 1015 821 vr.
1033 792 1135 821 Secre-

391 841 483 871 tarius
507 845 617 880 autem,
641 842 776 871 aedituus
797 846 825 871 et
849 841 957 870 ianitor
979 840 1015 870 ab
1031 840 1135 870 abbate

390 889 558 928 eligantur,
581 890 638 920 duo
658 900 724 920 vero
747 890 953 928 suffragiorum
969 890 1135 928 cognitores

391 948 406 968 a
430 939 580 969 monachis
603 940 638 969 ad
661 939 916 978 congregationem
940 940 1120 968 convocatis.

431 997 458 1017 v.
482 988 635 1026 Agendum
659 997 745 1027 porro
768 988 844 1017 erit:
870 988 965 1027 primo
987 988 1022 1017 de
1045 987 1134 1017 rebus

391 1037 596 1076 spiritualibus
612 1037 647 1066 ad
664 1037 826 1075 prefectum
844 1037 1054 1066 monachorum
1070 1046 1135 1075 spe-

393 1085 551 1124 ctantibus,
569 1085 837 1125 inquirendumque
861 1086 890 1115 in
914 1095 1010 1115 mores
1032 1085 1136 1115 unius—

393 1134 546 1173 cqusque,
570 1134 594 1164 si
617 1134 685 1173 quid
709 1138 810 1164 contra
834 1135 976 1173 regulam,
994 1134 1136 1164 constitu-

393 1183 486 1212 tiones
509 1188 538 1213 et
561 1183 787 1213 consuetudines
811 1188 971 1222 peccetur,
1005 1183 1134 1212 secundo

391 1232 426 1261 de
455 1231 598 1270 regimine
627 1232 836 1271 superiorum,
870 1237 898 1262 et
934 1232 1134 1262 subiectorum

392 1280 577 1318 obedientia,
598 1282 683 1311 tertio
701 1281 736 1311 de
759 1280 971 1320 temporalibus
990 1284 1136 1310 monaste-

393 1330 503 1360 riorum
526 1330 624 1360 rebus.

432 1388 470 1408 Vl.
494 1378 605 1408 Abbate
630 1379 665 1408 ad
687 1379 946 1417 congregationem
969 1380 1135 1417 generalem

392 1432 494 1463 eunte,
517 1432 566 1457 aut
588 1427 730 1457 vicarium
760 1428 905 1465 mittente,
936 1428 1031 1457 adhuc
1061 1428 1136 1457 cele-

393 1477 495 1507 bretur
517 1477 701 1516 congregatio
731 1477 943 1506 monachorum
971 1477 1007 1506 de
1037 1486 1136 1506 mense

392 1526 422 1555 in
445 1535 587 1562 mensem,
612 1525 659 1555 cui
682 1525 745 1564 ipse
777 1524 868 1555 abbas
902 1525 946 1554 vel
975 1526 1037 1555 eius
1060 1526 1136 1554 vica-

392 1575 454 1605 rius
477 1574 614 1614 praeerit.
639 1574 702 1604 Non
735 1578 832 1604 tamen
865 1574 1008 1604 celebrari
1032 1573 1137 1613 poterit

393 1624 581 1662 congregatio
606 1624 786 1663 provinciae,
810 1624 866 1653 nisi
889 1624 923 1653 de
942 1633 1019 1653 anno
1042 1624 1071 1653 in
1087 1634 1138 1653 an-

394 1683 476 1708 num,
500 1678 529 1703 et
551 1673 614 1712 ipso
636 1672 741 1702 abbate
765 1677 929 1711 praesente.

434 1731 482 1752 vn.
505 1721 534 1752 Si
557 1721 646 1751 abbas
668 1721 838 1751 monasterii
861 1721 1035 1759 decesserit,
1060 1721 1137 1751 vica-

394 1771 456 1800 rius
488 1774 611 1800 mortem
644 1770 707 1800 eius
739 1774 796 1799 tam
829 1770 926 1799 abbati
957 1771 1134 1809 provinciae,

395 1830 482 1860 quam
505 1820 603 1850 abbati
625 1819 756 1858 generali
773 1820 870 1849 statim
886 1819 1085 1857 significabit,
1108 1825 1136 1850 et

392 1870 511 1900 interim
530 1870 738 1899 monasterium
755 1869 971 1899 administrabit
987 1879 1080 1909 usque
1101 1870 1135 1899 ad

393 1919 462 1948 novi
484 1918 599 1948 abbatis
622 1918 796 1947 electionem
820 1922 847 1947 et
869 1919 1036 1947 adventum.
1054 1918 1134 1954 Quod

395 1968 420 1998 si
452 1968 580 1998 vicarius
612 1968 642 1997 in
675 1968 724 1997 illo
748 1969 926 1997 monasterio
950 1978 1006 1998 non
1031 1970 1133 2004 suerit,

394 2022 464 2047 tunc
483 2017 632 2056 antiquior
655 2017 833 2055 professione
857 2017 983 2046 vicarius
1005 2019 1070 2054 erit,
1095 2023 1133 2057 et,

393 2066 470 2096 inter
492 2066 628 2105 aequales
651 2066 846 2105 professione,
872 2067 1021 2105 antiquior
1042 2071 1135 2097 aetate

396 2116 587 2155 praeferatur,
604 2120 632 2143 et
654 2116 788 2144 sacerdos
811 2125 867 2145 non
890 2116 1045 2146 sacerdoti.
1064 2117 1137 2146 Mor-

396 2169 446 2195 tuo
469 2169 566 2193 autem
595 2163 697 2192 abbate
726 2164 904 2203 provinciae,
939 2164 1028 2194 abbas
1057 2166 1136 2195 illius

396 2212 578 2246 monasterii,
602 2212 631 2242 in
654 2222 710 2251 qno
730 2212 859 2242 residere
883 2213 968 2250 solet,
992 2214 1025 2243 ad
1049 2214 1137 2244 abba·

397 2267 455 2293 tem
478 2262 645 2301 generalem
669 2261 781 2292 litteras
795 2262 914 2292 scribat.
935 2263 1024 2292 Nemo
1042 2268 1136 2294 tamen

396 2313 425 2342 in
449 2312 511 2341 eius
530 2311 623 2341 officio
648 2321 678 2340 se
707 2311 898 2349 immiscebit,
928 2312 1020 2342 donec
1047 2313 1137 2343 abbas

396 2361 543 2399 generalis
558 2360 587 2389 in
604 2361 830 2398 congregatione
848 2361 1080 2398 hegumenorum
1103 2362 1137 2391 de

396 2419 566 2440 successore
588 2413 637 2438 aut
660 2409 767 2438 vicario
791 2409 965 2439 decreverit.

416 2459 485 2489 (ΞΜ).
512 2458 542 2487 V.
563 2474 603 2479 --
625 2457 664 2487 De
685 2460 891 2496 congregatione
914 2459 1110 2489 hebdomadali.

437 2516 455 2536 1.
478 2507 509 2536 ln
532 2506 663 2546 qualibet
686 2506 868 2536 bebdomada
885 2517 936 2546 per
958 2509 1054 2537 omnia
1079 2517 1140 2538 rno-

398 2556 523 2586 nasteria
546 2556 620 2585 feria.
641 2558 734 2592 sexta,
758 2560 807 2585 aut
839 2556 898 2585 alia
929 2556 976 2586 die
998 2566 1056 2586 non
1086 2558 1140 2587 im-

435 2611 446 2636 1
470 2609 573 2636 Forsan
593 2609 822 2637 discessurorum
841 2612 880 2642 (ιι.
898 2616 946 2637 ΤΛ,

967 207 1148 231 BULLARlUM
1174 207 1330 231 ROMANUM

1172 256 1280 296 pedite,
1303 256 1390 286 debet
1412 257 1476 286 sieri
1498 257 1687 295 congregatio
1705 257 1835 287 omnium
1852 266 1914 287 mo—

1173 305 1344 334 nachorum.

1213 363 1243 385 11.
1268 353 1443 383 Sedentibus
1465 353 1612 391 omnibus,
1629 358 1658 384 et
1677 354 1808 392 novitiis,
1825 354 1850 384 si
1864 354 1914 394 qui

1173 407 1272 440 erunt,
1295 402 1450 440 stantibus,
1473 402 1562 432 abbas
1584 412 1636 433 seu
1658 403 1785 433 vicarius
1806 403 1915 443 aliquid

1175 460 1213 480 ex
1237 450 1319 480 libris
1342 451 1544 490 spiritualIhus
1566 451 1657 490 legat,
1683 452 1727 481 vel
1750 452 1806 490 legi
1829 451 1917 482 saciat

1175 499 1209 528 ad
1232 500 1402 529 monachos.

1215 557 1256 577 ιιι.
1281 548 1389 578 Deinde
1412 549 1562 586 (novitiis¹
1578 550 1656 578 foras
1675 549 1819 588 dimissis)
1838 548 1914 578 idem

1176 595 1264 626 abbas
1287 606 1337 626 seu
1361 597 1488 627 vicarius
1521 598 1606 627 faciat
1634 597 1752 627 brevem
1781 597 1917 627 exhorta-

1177 646 1285 674 tionem
1301 650 1402 676 contra
1419 646 1548 675 defectus
1570 646 1600 675 in
1616 646 1792 676 monasterio
1815 655 1918 676 occur-

1178 699 1286 729 rentes,
1304 694 1414 724 nullam
1431 698 1527 723 tamen
1544 704 1697 733 personam
1713 694 1902 725 nominando.

1217 753 1255 773 iv.
1276 743 1416 774 Absoluta
1431 743 1644 778 exhortatione,
1662 743 1750 774 abbas
1765 748 1856 780 stans,
1874 753 1919 774 re-

1178 793 1266 832 liquis
1288 793 1464 830 genuflexis,
1488 793 1584 822 dicat:

1260 842 1332 872 Deus
1354 843 1521 872 misereatur
1551 843 1648 877 nostri,
1678 847 1703 872 et
1735 843 1854 872 dimittat
1875 843 1920 872 de-

1178 891 1233 920 bita
1255 896 1359 927 nostra,
1382 895 1407 920 ct
1429 892 1532 920 tribuat
1564 892 1640 921 nobis
1671 891 1868 921 absolutionem
1895 895 1920 920 et

1178 940 1288 969 veniam
1310 941 1431 969 omnium
1444 945 1619 979 peecatorum
1633 945 1799 970 nostrorum.
1818 941 1852 970 In
1873 950 1921 970 ηο-

1178 991 1251 1017 mine
1268 991 1285 1024 †
1302 989 1404 1026 Patris,
1426 994 1450 1018 et
1465 991 1483 1025 †
1499 989 1580 1027 Filii,
1603 993 1627 1018 et
1642 989 1766 1029 Spiritus
1780 991 1798 1026 ’ῖ-
1813 988 1919 1019 Sancti.

1258 1037 1387 1075 Fratres,
1421 1037 1510 1067 Amen
1523 1049 1533 1072 ;
1566 1041 1594 1067 et
1627 1042 1764 1076 surgunt,
1797 1038 1920 1078 eiusque

1179 1095 1297 1115 manum
1319 1085 1534 1124 deosculantur,
1564 1091 1592 1116 et
1613 1087 1648 1116 ad
1669 1096 1736 1117 suas
1765 1087 1922 1126 unusquis-

1179 1144 1236 1174 que
1257 1134 1345 1164 cellas
1367 1134 1487 1164 abeunt.

1229 1183 1298 1213 Cn».
1323 1182 1370 1213 Vl.
1390 1201 1424 1205 —
1447 1185 1492 1212 De
1514 1183 1645 1213 electione
1667 1186 1698 1212 in
1718 1185 1868 1214 communi.

1219 1241 1238 1262 1.
1262 1231 1306 1262 Ab
1329 1231 1471 1262 electione
1494 1236 1552 1261 tam
1575 1232 1673 1262 activa
1695 1242 1782 1272 quam
1805 1233 1919 1272 passiva

1179 1281 1209 1310 in
1244 1281 1375 1320 quolibet
1407 1281 1503 1310 officio
1536 1281 1654 1311 Ordinis
1689 1282 1795 1319 nostri,
1828 1281 1921 1312 donec

1179 1339 1246 1359 cum
1269 1339 1302 1359 eo
1324 1330 1413 1359 fuerit
1435 1330 1653 1369 dispensatum,
1677 1330 1845 1369 specialiter
1875 1339 1921 1361 ar—

1179 1382 1262 1407 cetur
1297 1378 1392 1408 omnis
1428 1379 1711 1418 excommunicatus,
1747 1389 1918 1419 suspensus,

1179 1426 1355 1456 interdictus
1372 1450 1380 1464 ‚
1417 1427 1589 1466 irregularis
1607 1451 1614 1464 ,
1652 1437 1711 1458 non
1748 1429 1894 1467 professus
1911 1452 1919 1467 ,

1179 1481 1208 1506 et
1231 1477 1281 1515 qui
1310 1485 1368 1506 non
1401 1476 1502 1506 subest
1533 1480 1653 1506 nostrae
1675 1477 1918 1515 congregationi,

1180 1526 1295 1555 etiamsi
1321 1526 1411 1555 fuerit
1443 1525 1604 1555 monachus
1627 1526 1775 1565 professus
1801 1525 1920 1557 Ordinis

1181 1574 1274 1605 sancti
1297 1574 1388 1614 patris
1410 1574 1504 1604 nostri
1526 1574 1662 1612 Antonii3
1697 1574 1780 1613 item,
1803 1574 1854 1614 qui
1885 1574 1920 1605 ab

1181 1624 1290 1654 Ordine
1314 1629 1413 1654 nostro
1436 1624 1664 1663 apostataverit,
1688 1628 1716 1654 et
1738 1624 1788 1664 qui
1812 1624 1848 1654 ab
1869 1624 1921 1655 illo

1180 1673 1215 1702 ad
1239 1673 1328 1702 alium
1352 1673 1510 1711 Ordinem,
1534 1673 1621 1702 etiam
1642 1682 1708 1703 cum
1731 1673 1852 1704 licentia
1873 1683 1921 1704 su-

1182 1722 1342 1761 periorum,
1366 1721 1513 1758 transivit,
1536 1731 1591 1752 nec
1614 1726 1713 1761 postea
1735 1722 1771 1752 ad
1786 1726 1919 1753 nostrum

1181 1771 1285 1808 rediit3
1309 1771 1391 1807 item,
1422 1771 1472 1811 qui
1495 1770 1583 1801 habet
1604 1771 1848 1810 impedimentum
1870 1781 1922 1802 na-

1181 1821 1286 1858 turale,
1311 1825 1342 1849 ut
1364 1821 1472 1855 fatuus,
1492 1820 1615 1858 delirus,
1651 1821 1814 1858 lunaticus;
1835 1821 1919 1860 item,

1180 1869 1228 1908 qui
1251 1873 1296 1898 est
1319 1870 1432 1899 notorie
1465 1869 1582 1898 insaniis
1615 1869 1650 1898 ob
1674 1869 1823 1908 publicum
1846 1870 1920 1900 deli-

1179 1923 1271 1956 ctum,
1289 1923 1320 1947 ut
1335 1922 1378 1947 est
1395 1918 1597 1956 homicidium,
1615 1918 1780 1957 fornicatio,
1797 1919 1919 1956 furtum,

1181 1968 1343 2007 periurium
1358 1991 1365 2005 ,
1390 1967 1536 2003 ebrietas;
1560 1968 1628 1997 item
1651 1967 1847 2005 subornator,
1870 1968 1921 2008 qui

1181 2027 1265 2056 prece
1281 2041 1288 2054 ,
1313 2017 1429 2055 pretio,
1454 2016 1541 2046 minis
1573 2017 1617 2046 vel
1652 2026 1840 2056 quocumque
1862 2017 1920 2047 atio

1180 2067 1264 2096 modo
1288 2066 1436 2096 induxerit
1458 2076 1518 2103 eos3
1542 2066 1637 2105 quiin
1654 2067 1798 2097 electione
1821 2076 1920 2097 vocem

1180 2116 1303 2145 activam
1325 2115 1444 2152 babent,
1465 2120 1496 2144 ut
1517 2125 1547 2144 se
1569 2116 1665 2154 ipsum
1682 2115 1726 2144 vel
1746 2115 1920 2145 monachum

1180 2166 1307 2204 aliquem
1335 2165 1565 2194 determinatum
1597 2164 1717 2202 eligant,
1750 2164 1920 2202 singulatim

1180 2223 1246 2243 eum
1270 2213 1469 2250 nominando;
1502 2213 1583 2250 item,
1608 2213 1658 2251 qui
1690 2221 1742 2251 per
1773 2222 1804 2242 se
1824 2213 1920 2252 ipsum

1182 2263 1225 2293 vel
1248 2262 1337 2292 alium
1361 2266 1499 2301 procurat
1521 2261 1576 2291 sibi
1598 2261 1771 2299 dignitatem
1793 2262 1920 2301 aliquam

1181 2316 1261 2341 extra
1285 2311 1445 2347 Ordinem3
1470 2310 1551 2348 item,
1575 2310 1625 2349 qui
1653 2309 1768 2349 publice
1790 2315 1818 2340 et
1839 2320 1923 2340 scan-

1182 2360 1281 2390 dalose
1303 2360 1435 2389 Romano
1451 2359 1597 2394 Pontifici,
1613 2363 1663 2388 aut
1679 2359 1862 2397 patriarchae
1877 2359 1921 2389 vel

1182 2408 1339 2438 Ordinario
1361 2407 1417 2437 loci
1441 2407 1612 2445 detraxerit,
1641 2412 1690 2436 aut
1712 2416 1812 2437 eorum
1836 2417 1922 2438 cano-

1183 2458 1264 2487 nicas
1279 2457 1445 2486 sanctiones
1467 2457 1693 2495 contempserit3
1717 2456 1855 2496 denique,
1869 2457 1921 2496 qui

1183 2507 1358 2536 monachum
1382 2506 1495 2535 notorie
1516 2505 1670 2543 indignum
1693 2505 1789 2536 sciens
1809 2510 1839 2536 et
1854 2515 1924 2546 pru-

1182 2557 1253 2586 dens
1275 2555 1432 2595 aliquando
1455 2554 1589 2592 elegerit.

1220 2612 1229 2636 1
1254 2609 1324 2636 Edit.
1345 2609 1429 2636 Main.
1450 2608 1514 2643 legit
1533 2609 1635 2636 novitii
1654 2609 1692 2642 (n.
1709 2611 1758 2640 T.).

1922 211 1973 234 An.
1994 209 2023 234 C.
2041 209 2110 238 1732

1978 1234 2059 1259 Quibus
2073 1240 2115 1255 uon

1932 1261 2080 1282 committenda
2086 1261 2114 1282 ot-

1932 1289 1986 1309 licia.
