2182 3137
30 267 214 304 an.c.1733

79 438 210 460 mutantium

31 467 148 493 den-gano.

63 2367 120 2388 Atina
146 2367 218 2388 ulcero-

40 2395 80 2414 lum
124 2395 218 2415 eiusdem

40 2419 115 2441 (urinae
131 2427 168 2447 pro
180 2423 218 2441 Or·

40 2447 85 2467 atne
99 2451 166 2468 ‹anctu
179 2450 218 2468 Αυ-

856 266 998 291 CLEMENS
1023 267 1069 291 ΧΠ
1095 268 1145 292 PP-

223 316 336 361 quavis
361 317 566 357 auctoritate,
583 317 725 350 scienter
745 315 792 349 rel
812 315 965 359 ignoran-

224 376 281 411 ter,
307 371 479 414 contigerit
503 370 668 404 attentari.

266 425 281 468 ξ,
305 424 336 458 4.
357 424 426 458 Non
448 425 650 458 obstantibus
675 423 963 458 constitutionibus

223 483 254 511 et
281 478 543 512 ordinationibus
571 478 759 522 apostolicis
779 505 786 518 ,
814 488 964 518 necnon,

222 536 382 574 quatenus
408 542 491 575 opus
510 531 559 571 sit,
580 531 770 574 provinciae
788 536 819 564 et
836 530 966 563 Ordinis

221 585 487 628 praedictorum,
516 585 628 618 aliisve
654 584 821 627 quibusvis
838 611 845 623 ,
871 583 965 617 etiam

222 637 413 678 iuramento,
441 637 689 671 confirmatione
710 637 897 681 apostoliea,
917 637 965 669 vel

222 691 335 734 quavis
360 690 509 724 firmitate
543 691 605 725 alia
631 690 813 730 roboratis,
840 690 966 722 statutis

223 750 253 776 et
278 745 582 784 consuetudinibus,
607 744 786 788 privilegiis
806 742 964 787 quoquc,

221 798 357 831 indultis
377 804 408 831 et
425 799 540 831 litteris
566 798 762 841 apostolicis,
782 797 814 830 in
839 802 967 830 contra-

222 851 305 883 rium
337 851 593 895 praemissorum
618 851 865 895 quomodolibet
893 861 966 883 con-

222 905 334 944 cessis,
360 905 554 938 conllrmatis
580 911 611 938 et
635 905 821 945 innovatis;
848 904 966 948 quibus

223 959 397 995 omnibns.
426 965 457 991 et
493 959 630 1001 singulis
667 959 797 992 illorum
835 964 966 991 tenores

222 1013 452 1056 praesentibus
490 1024 548 1056 pro
584 1015 679 1057 plene
713 1019 745 1047 et
769 1013 968 1046 sufficienter

223 1068 397 1110 expressi&
415 1078 451 1100 ac
470 1068 508 1100 ad
535 1068 667 1100 verbum
695 1067 823 1101 insertis
849 1068 968 1101 haben-

223 1127 279 1162 tes,
296 1122 358 1155 illis
372 1123 452 1155 alias
467 1122 497 1155 in
514 1134 588 1156 suos
603 1124 718 1156 robore
736 1123 967 1166 permansuris,

223 1175 261 1208 ad
281 1176 532 1218 praemissorum
547 1176 704 1217 effectum,
722 1177 781 1209 liae
799 1176 866 1210 vice
881 1177 969 1209 dum-

224 1234 318 1269 taxat,
335 1229 522 1272 specialiter
540 1236 571 1263 et
589 1241 741 1274 expresse
761 1231 966 1274 derogamus;

224 1283 409 1327 ceterisque
437 1284 610 1317 contrariis
636 1284 909 1328 quibuscumque.

227 1363 233 1368 ,
267 1337 380 1370 Datum
408 1337 537 1377 Romae,
564 1338 648 1381 apud
668 1338 698 1371 S.
720 1338 851 1371 Mariam
877 1338 969 1371 Maio-

223 1400 292 1424 rem
308 1417 315 1430 ‚
341 1392 402 1424 snb
437 1393 559 1425 annulo
595 1392 768 1425 PiscatorIs
784 1419 791 1431 ‚
815 1392 866 1425 die
891 1402 968 1425 xxm

224 1444 411 1477 novembris
443 1454 652 1483 ninccxxxm.
678 1444 884 1489 pontificatus
912 1455 969 1478 no-

224 1498 281 1530 stri
308 1509 393 1532 anno
419 1509 460 1532 lv.

260 1560 322 1587 Dat.
341 1560 386 1588 die
402 1561 435 1588 “23
455 1562 614 1588 novembris
634 1561 710 1594 1733,
728 1561 827 1597 pontif.
844 1569 917 1588 anno
933 1567 967 1588 tv.

559 1616 593 1648 F.
621 1616 708 1649 card.
737 1615 921 1649 Oris-emus

532 1769 661 1803 CXVIII.

225 1840 326 1874 Breve
349 1841 550 1874 sanctissimi
574 1841 702 1874 domini
732 1841 858 1881 nostri,
884 1841 970 1873 circa

270 1894 505 1938 appellationes
540 1900 569 1928 ec
599 1906 748 1928 recursus
773 1906 792 1927 a
818 1894 971 1929 fratribus

270 1947 402 1980 Ordinis
426 1949 648 1981 Eremilurnnz
666 1948 771 1981 saneti
787 1948 971 1991 Auquslini

268 2001 436 2045 qradalim
454 2002 496 2034 acl
519 2002 652 2035 Ordinis
671 2002 811 2034 eiusdem
830 2002 972 2045 superio-

268 2066 318 2087 res
342 2056 518 2098 faeiendos,
547 2056 589 2088 ad
613 2057 731 2099 fratres
756 2055 970 2088 Discalceacos

226 2110 228 2113 '
270 2109 566 2152 Conqreyalionum
590 2110 712 2143 Italiae
732 2114 760 2142 el
775 2109 972 2142 Germaniae

270 2161 352 2195 dicte·
377 2161 514 2196 Ordinis
539 2162 760 2196 esclemlilw·¹.

437 2245 573 2272 Clemens
596 2245 675 2278 Papa
694 2245 758 2277 XII,

358 2288 395 2316 ad
422 2290 558 2318 futuram
585 2290 630 2317 rei
656 2289 840 2317 memoriam.

273 2361 288 2404 ἓ
315 2362 345 2394 t.
372 2361 458 2394 Alias
482 2372 555 2402 nOS,
582 2362 727 2404 generali
755 2361 887 2394 decreto
914 2360 972 2393 du-

230 2414 304 2447 dum
330 2426 347 2448 a
371 2415 630 2458 Congregatione
663 2420 739 2448 tune
764 2413 971 2447 existentium

1009 316 1103 350 licam
1131 317 1220 350 adire
1246 317 1387 357 valeant,
1403 316 1490 350 iussu
1517 316 1618 350 felicis
1643 326 1753 349 recor-

1009 371 1204 403 cordationis
1229 370 1307 403 sixti
1326 371 1430 414 Papae
1449 371 1470 402 V
1489 370 1751 414 praedecessoris

1009 423 1111 456 nostri
1134 424 1231 463 edito,
1253 424 1473 463 inhaerentes,
1493 435 1528 457 ac
1546 424 1754 467 snpplicatio-

1010 477 1104 510 nibus
1131 488 1190 520 pro
1217 482 1307 521 parte
1334 478 1440 511 dilecti
1468 478 1522 511 filii
1550 478 1670 510 Nicolai
1695 478 1754 509 An-

1011 531 1089 563 tonii
1110 530 1324 569 Schial'linati,
1346 531 1464 574 prioris
1482 531 1641 573 generans
1660 530 1754 563 Ordi-

1010 584 1059 617 nis
1074 585 1207 617 fratrum
1221 584 1434 617 Eremitarum
1452 585 1553 617 sancti
1570 584 1751 627 Augustini,

1010 638 1105 672 nobis
1129 639 1299 671 humiliter
1324 638 1486 681 porrectis
1510 638 1674 676 inclinati,
1700 649 1754 671 au-

1010 692 1156 726 ctoritate
1182 692 1359 734 apostolica
1379 692 1551 724 statuimus
1579 691 1666 734 quod
1693 692 1754 724 sra-

1012 752 1077 779 tres
1103 745 1249 779 eiusdem
1268 745 1395 779 Ordinis
1418 746 1627 779 eremitarum
1653 746 1754 777 sancti

1012 799 1193 842 AngustinI,
1211 799 1338 832 casibus
1358 799 1388 831 in
1409 799 1526 843 quibus
1550 799 1595 832 eis
1621 799 1659 832 dc
1685 799 1753 831 iure

1012 854 1060 886 vel
1088 854 1174 886 iuxta
1209 853 1461 886 constitutiones
1499 852 1600 896 ipsius
1624 851 1753 885 Ordinis

1003 907 1180 958 *appellare
1199 907 1247 939 rel
1266 916 1436 938 recurrere
1462 905 1592 946 licebat,
1613 905 1643 938 id
1665 905 1756 938 dein-

1012 970 1088 1003 ceps
1115 970 1179 992 non
1207 959 1300 992 aliter
1332 960 1436 992 facere
1471 965 1630 1003 possent,
1660 969 1754 1002 quam

1011 1013 1182 1056 gradatim,
1201 1024 1216 1046 a
1235 1013 1344 1056 priore
1370 1013 1494 1046 scilicet
1511 1013 1549 1046 ad
1576 1013 1756 1056 provincia-

1012 1067 1085 1105 lem,
1112 1072 1143 1099 et
1167 1076 1184 1099 a
1209 1066 1402 1110 provinciali
1429 1067 1468 1099 ad
1494 1067 1682 1109 generalem
1709 1065 1755 1098 di-

1012 1120 1052 1153 cti
1073 1120 1202 1153 Ordinis
1220 1147 1227 1160 ‚
1253 1120 1333 1153 itaut
1369 1130 1486 1153 causae
1524 1119 1755 1163 appellationis

1011 1186 1067 1208 seu
1093 1185 1243 1208 recursus
1282 1174 1491 1214 huiusmodi,
1515 1180 1689 1217 antequam
1715 1173 1755 1206 ab

1013 1229 1127 1263 eodem
1154 1229 1265 1272 priore
1285 1229 1428 1272 generali
1447 1228 1598 1271 cognitae
1624 1233 1655 1260 et
1679 1227 1756 1260 deii-

1012 1283 1097 1316 nitae
1118 1283 1261 1322 fuissent,
1275 1289 1363 1316 extra
1377 1282 1529 1316 Ordinem
1550 1281 1755 1326 praedictum

1013 1337 1132 1370 deferri
1153 1342 1184 1370 et
1203 1337 1318 1380 agitari
1345 1337 1536 1380 nequirent,
1557 1346 1591 1368 ac
1610 1340 1755 1378 propter-

1013 1401 1049 1423 ea
1079 1390 1232 1424 omnibus
1266 1390 1430 1423 Romanae
1467 1389 1580 1422 Curiae
1619 1388 1756 1421 tribuna·

1012 1444 1097 1477 libus
1123 1455 1158 1477 ac
1184 1443 1367 1484 iudicibus,
1393 1449 1424 1476 et
1461 1442 1625 1487 quibusvis
1659 1441 1756 1475 etiam

1014 1497 1251 1531 venerabilium
1266 1498 1399 1530 fratrum
1418 1503 1605 1530 nostrorum
1623 1495 1652 1529 S.
1667 1496 1703 1528 R.
1719 1495 1753 1528 E.

1012 1551 1177 1595 praefatae
1193 1551 1405 1584 cardinalium
1426 1548 1755 1593 Congregationibus,

1014 1616 1142 1639 necnon
1158 1605 1261 1638 dictae
1277 1604 1369 1638 Sedis
1389 1604 1510 1637 nuntiis
1531 1614 1590 1647 pro
1611 1608 1757 1646 tempore

1013 1659 1236 1700 existentibus,
1255 1668 1295 1691 ne
1313 1658 1446 1691 fratrum
1472 1656 1601 1690 Ordinis
1629 1656 1758 1700 praedi-

1013 1713 1054 1746 cti
1081 1712 1334 1756 appellationem
1367 1723 1423 1745 seu
1455 1721 1622 1744 recursum
1648 1709 1758 1742 admit-

1015 1773 1128 1807 terent,
1140 1777 1320 1810 causasque
1332 1765 1492 1799 eiusmodi
1508 1769 1758 1808 cognoscerent,

1012 1820 1076 1853 nisi
1102 1820 1191 1864 prius
1210 1821 1256 1853 eis
1282 1820 1428 1863 legitime
1454 1818 1665 1858 constitisset,
1685 1818 1758 1851 illas

1014 1886 1072 1918 per
1090 1874 1194 1907 dictos
1213 1873 1413 1918 superiores,
1438 1877 1617 1906 memorato
1643 1872 1758 1905 ordine

1013 1934 1150 1968 servam,
1177 1928 1324 1971 cognitas
1350 1933 1381 1960 et
1402 1926 1551 1960 definitas
1571 1926 1677 1966 fuisse,
1699 1925 1758 1957 sub

1014 1985 1118 2026 poena
1143 1982 1297 2015 nullitatis
1330 1986 1475 2014 actorum
1506 1991 1542 2013 ac
1567 1980 1642 2012 inde
1668 1989 1760 2012 sccu—

1015 2043 1130 2078 torum,
1157 2041 1198 2075 et,
1224 2035 1330 2079 quoad
1357 2034 1529 2077 religiosos
1554 2034 1759 2077 appellantes
1806 2044 1816 2055 ·

1014 2092 1063 2124 vel
1091 2096 1307 2129 recurrentes,
1327 2089 1386 2122 sub
1413 2089 1563 2132 gravibus
1590 2093 1701 2121 nostro
1728 2093 1759 2120 et

1015 2144 1150 2178 Romani
1183 2143 1349 2176 Pontifieis
1377 2153 1436 2186 pro
1464 2149 1610 2186 tempore
1636 2141 1760 2185 pariter

1015 2198 1183 2231 existentis
1209 2197 1344 2230 arbitrio
1371 2197 1495 2240 poenis,
1521 2196 1758 2239 prohibuimus,

1016 2258 1046 2285 et
1069 2252 1147 2285 alias
1173 2258 1270 2295 prout
1296 2252 1327 2284 in
1353 2252 1472 2284 nostris
1499 2251 1638 2293 desuper
1663 2250 1695 2282 in
1721 2250 1761 2281 si-

1016 2306 1083 2339 mili
1107 2308 1208 2339 l'ormn
1228 2306 1339 2339 Brevis
1361 2305 1411 2337 die
1427 2314 1465 2338 xv
1485 2303 1604 2337 mensis
1621 2309 1761 2346 septem-

1017 2360 1082 2393 bris
1108 2360 1254 2403 proxime
1274 2358 1443 2402 praeteriti
1465 2357 1624 2401 expeditis
1642 2357 1760 2390 litteris

1016 2413 1149 2447 uberius
1174 2413 1372 2446 continetur.

1652 256 1715 290 549
1763 263 1948 291 An.c.¹733

1798 2472 1865 2493 Quare
1901 2473 1956 2495 [ιι-Μ-

39 2475 111 2522 ffifjffl
135 2468 260 2502 emm—S.
280 2468 318 2502 R.
337 2469 369 2501 E.
391 2469 606 2502 cardinalium
633 2468 773 2511 negotiis
792 2473 824 2501 et
841 2469 973 2501 consul-

230 2523 407 2556 tationibus
434 2523 628 2565 regularium
655 2522 862 2566 praeposita,
888 2522 972 2555 circa

228 2577 469 2621 appellationes
496 2577 684 2625 eorumdem
703 2577 903 2619 regularium
921 2587 973 2609 cu-

229 2631 327 2666 iusvis
344 2631 486 2673 Ordinis,
506 2637 682 2676 antequam
701 2631 818 2665 Scdcm
838 2631 973 2674 Aposto-

230 2704 232 2707 ’
266 2696 278 2721 2
303 2694 384 2722 Breve
402 2693 557 2722 huiusmodi
578 2694 636 2730 lege
657 2693 782 2729 superius
803 2695 874 2730 (pag.
897 2692 969 2728 533).

1061 2467 1074 2510 ἓ
1100 2466 1131 2500 ⁹2.
1159 2467 1237 2500 Cum
1263 2472 1378 2505 antem,
1406 2465 1489 2498 sicut
1515 2464 1651 2498 dilectus
1676 2464 1812 2516 filiusmm
1837 2501 1855 2516 m
1873 2498 1898 2516 Μ
1917 2500 1956 2516 ΙΗ-

1016 2521 1195 2554 modernus
1225 2520 1364 2553 vicarius
1390 2518 1554 2562 generalis
1580 2512 1956 2570 Congrega—2[33³¹,gani-''isfflz

1017 2574 1113 2607 tionis
1138 2574 1246 2607 Italiae
1274 2579 1305 2606 et
1322 2572 1515 2606 Germaniae
1541 2571 1686 2605 eiusdem
1708 2571 1956 2625 ΟΡ-ῒζξῐωῇᾙξῖυιιιο

1017 2628 1101 2661 dinis
1127 2628 1261 2661 fratrum
1287 2626 1498 2660 cremitarum
1525 2626 1628 2660 sancti
1654 2626 1762 2668 Augu-

1017 2683 1089 2716 stini
1109 2682 1379 2716 Discatneatorum
1408 2681 1500 2714 nobi:
1521 2690 1625 2725 nuper
1643 2681 1761 2723 exponi
