2182 3137
188 202 241 228 An.
262 202 291 228 C.
309 201 378 228 1730
424 193 489 226 <204

260 894 373 917 1“ι-ἰι·ἰ1ι“βίὓ

187 927 260 940 omnia
289 926 373 941 unll‘t'f’

189 947 259 967 sitatis
311 947 347 967 Sal
357 955 369 966 ι-

189 977 326 994 manucensis
345 975 373 993 ri·

187 1000 235 1020 ilem
251 1000 369 1020 confirmat.

383 255 415 283 et
447 249 709 283 doctissimorum
745 251 886 283 virorum
916 250 1022 283 nutrix
1061 249 1125 284 exi-

382 308 445 336 stat
469 309 500 335 et
524 308 646 342 mater,
672 303 925 346 applicationem
947 308 979 335 et
1006 313 1125 346 appro-

381 355 576 398 priationem
614 355 799 388 huiusmodi
832 367 849 387 a
881 355 1026 398 praefato
1060 354 1125 397 epi-

382 417 484 450 scopo
510 407 677 447 ilerdensi,
698 408 742 440 uti
765 407 898 440 nulliter
924 412 956 439 et
980 406 1124 440 indebite

382 460 492 499 facias,
520 460 728 492 annullantes
754 466 785 492 et
809 460 1024 502 amoventes).
1048 469 1126 502 apo-

383 513 495 546 stolica
521 513 727 551 auctoritate,
753 518 908 555 motuque
934 518 966 545 et
990 512 1124 545 scientia

383 566 559 609 praefatis,
594 566 743 598 similiter
768 571 928 609 perpetuo
961 565 1126 597 transferi-

383 629 473 657 mus,
504 619 676 661 eidemque
709 618 909 650 universitati
936 630 954 650 a
979 618 1125 661 praefato

383 672 536 714 Philippo
563 682 641 714 rege
668 677 702 703 ut
727 671 909 714 praefertur
943 677 1069 704 erectae
1095 676 1127 703 et

383 725 534 757 fundatae
554 736 589 757 ac
604 736 620 756 a
635 725 729 756 nobis
748 735 806 767 per
820 729 1009 767 praesentes
1028 724 1124 757 etiam

384 785 420 810 ut
445 779 629 821 praefertur
650 779 850 821 approbatae
870 777 1074 815 subiicimus,
1095 782 1127 810 ct

384 831 531 864 subiecta
556 841 625 863 esse
651 832 814 863 volumus.

427 885 499 928 {7-
534 887 578 917 Ac
611 884 716 917 eidem
755 883 959 916 universitati
992 894 1009 916 a
1033 893 1128 926 prae-

385 937 448 970 fato
474 937 626 980 Philippo
647 947 723 979 rege
742 942 776 968 ut
798 937 983 979 praefertur
1001 941 1126 968 erectae

386 996 418 1023 et
444 990 595 1022 fundatae
626 1000 662 1021 ac
688 1001 704 1021 a
730 989 824 1021 nobis
851 999 910 1031 per
939 995 1127 1031 praesentes

386 1044 481 1076 etiam
508 1049 542 1075 ut
567 1043 750 1085 praefertur
775 1042 972 1084 approbatae
988 1067 995 1080 ‚
1026 1041 1129 1073 illius-

387 1107 449 1140 que
476 1095 682 1133 scholastico,
705 1094 919 1131 scholaribus,
941 1092 1128 1131 lectoribus,

386 1149 570 1191 magistris,
599 1147 890 1191 praeceptoribus,
919 1146 1130 1186 doctoribus,

387 1202 516 1235 bidellis
541 1201 678 1244 aliisque
705 1199 853 1243 personis
878 1200 910 1231 in
937 1201 972 1231 ea
998 1209 1083 1232 nnnc
1101 1203 1132 1232 et

388 1267 448 1299 pro
473 1262 619 1299 tempore
646 1254 871 1291 existentibus,
892 1258 926 1284 ut
944 1253 1003 1295 ipsi
1026 1253 1131 1285 omni-

387 1310 449 1343 bus
475 1314 505 1342 et
530 1309 788 1352 quibuscumque
815 1306 1008 1350 privilegiiS‚
1030 1306 1132 1339 indul-

389 1363 440 1401 tis,
465 1361 674 1395 libertatibus
691 1387 698 1400 ‚
725 1360 1002 1399 immunitatibus,
1029 1370 1132 1392 exem-

389 1415 568 1459 ptionibus,
584 1414 755 1453 favoribus,
771 1412 1132 1456 g1·atiiS‚praeeminen-

390 1468 454 1507 tiis,
478 1466 723 1511 praerogativis,
745 1465 1002 1498 antelationibus
1027 1470 1059 1498 et
1079 1466 1133 1498 lio-

389 1521 535 1562 noribns,
555 1526 618 1552 tam
640 1518 831 1563 apostolica,
851 1518 1024 1561 imperiali,
1045 1518 1133 1560 regia

390 1579 446 1607 aut
478 1574 585 1606 ducali
621 1572 888 1610 auctoritatibus,
927 1582 1021 1615 quam
1054 1571 1133 1604 alias

391 1627 639 1671 quomodolibet
659 1636 718 1667 pro
745 1631 893 1668 tempore
912 1624 1085 1664 concessis,
1103 1631 1134 1657 et

391 1681 508 1724 quibus
525 1690 640 1713 omnes
658 1685 690 1712 et
706 1679 854 1720 singulae
880 1678 1059 1710 studiorum
1076 1687 1134 1720 ge-

391 1733 549 1767 neralium
577 1732 759 1765 huiusmodi
790 1736 818 1764 el
837 1731 1026 1774 praesertim
1044 1731 1135 1764 Sala-

390 1788 545 1820 manlina
573 1786 824 1825 universitates,
859 1786 1055 1827 illarumque
1080 1795 1135 1828 ffe-

391 1840 530 1883 spective
557 1838 763 1877 scholastici,
789 1838 977 1876 scholares,
1004 1848 1134 1880 praece-

391 1898 516 1935 ptores,
545 1891 699 1933 magistri,
725 1892 874 1929 lectores,
900 1891 1060 1928 doctores,
1088 1890 1157 1922 lii-¹

392 1947 481 1984 delli,
506 1946 654 1988 aliaeque
679 1956 838 1988 personae
857 1944 888 1976 in
908 1944 953 1976 eis
972 1949 1003 1976 et
1024 1955 1133 1977 earum

392 2000 539 2043 qualibet
565 1999 751 2038 existentes,
770 1996 1018 2041 quomodolibet
1042 2003 1134 2030 utun-
1155 1999 1156 2010 ¹

392 2058 451 2091 tur,
476 2052 635 2090 fruuntur,
654 2051 822 2094 potiuntur
847 2056 879 2083 et
899 2051 1050 2093 gaudent,
1071 2060 1134 2083 uon

393 2105 499 2138 solum
524 2104 563 2136 ad
591 2114 704 2136 corum
732 2103 843 2142 instar,
870 2103 925 2136 sed
952 2103 1135 2145 pariformi-

393 2164 444 2190 ter
471 2163 502 2190 et
526 2167 629 2200 aeque
649 2157 894 2200 principaliter,
926 2157 957 2188 in
985 2156 1134 2188 omnibus
1155 2172 1157 2180 ι

394 2216 427 2242 et
443 2221 502 2252 per
522 2209 638 2248 omnia,
661 2214 692 2241 et
716 2209 848 2241 omnino
874 2209 978 2251 quoad
1004 2209 1131 2249 omnia,

394 2263 571 2295 dummodo
599 2268 703 2294 tamen
737 2262 790 2294 illa
821 2262 885 2293 sint
911 2262 942 2293 in
969 2272 1047 2301 usu,
1074 2273 1135 2294 nec

395 2322 563 2354 revocata,
592 2326 651 2347 nec
687 2316 746 2347 sub
782 2315 888 2358 aliqua
926 2315 1133 2347 revocatione

394 2369 643 2412 comprehensa,
661 2378 696 2400 ac
721 2367 818 2400 sacris
843 2367 1033 2405 canonibus,
1059 2378 1135 2400 con-

394 2422 618 2455 stitutionibus
643 2421 830 2464 apostolicis
857 2427 888 2454 et
912 2421 1047 2454 Concilii
1065 2421 1134 2453 Tri-

395 2475 520 2507 dentini
546 2475 685 2508 decretis
711 2485 775 2507 non
813 2475 1042 2514 adversentur,
1067 2473 1132 2513 uti,

396 2527 481 2567 frui,
508 2528 604 2570 potiri
642 2534 673 2560 et
709 2528 851 2570 gaudere
888 2528 991 2560 libere
1029 2532 1059 2560 et
1094 2527 1134 2560 li-

395 2581 457 2614 cite
483 2581 607 2623 possint
636 2586 668 2614 et
695 2582 838 2621 valeant,
871 2581 983 2614 eadem
1010 2586 1135 2624 aposto-

958 202 1139 226 BULLAIUUM
1165 203 1321 227 ROMANUM

1167 250 1228 284 lica
1260 251 1453 284 auctoritate
1486 251 1695 284 concedimus
1731 256 1763 285 et
1797 251 1907 285 Indul-

1166 313 1292 346 gemus.
1320 305 1365 337 Ac
1390 303 1526 347 insuper
1555 303 1749 336 scholastico
1781 303 1910 336 univer-

1167 355 1270 389 sitatis
1303 356 1465 400 praefatae
1491 367 1509 388 a
1534 356 1619 389 dicto
1655 355 1806 398 Philippo
1831 365 1908 398 rege

1167 415 1202 441 ut
1226 410 1407 453 praefertur
1432 415 1558 442 erectae
1583 416 1615 442 et
1639 409 1805 449 fundatae,
1838 414 1868 442 et
1892 419 1911 441 a

1169 462 1263 494 nobis
1290 473 1348 505 per
1371 469 1559 506 praesentes
1585 462 1681 494 etiam
1707 467 1742 493 ut
1767 461 1910 504 praefer-

1170 520 1221 547 tur
1257 516 1456 558 approbatae
1492 526 1577 548 nunc
1609 520 1641 547 et
1672 525 1732 557 pro
1764 519 1909 557 tempore

1169 567 1319 601 existenti
1337 569 1495 611 praefato,
1511 574 1544 600 ut
1557 567 1627 611 ipse
1641 578 1797 610 personas
1812 567 1909 610 ipsas,

1169 631 1249 663 quas
1268 621 1300 653 in
1319 621 1387 664 ipsa
1414 620 1622 652 universitate
1642 630 1659 651 a
1677 620 1819 662 praefato
1839 619 1911 652 Phi-

1169 674 1258 717 lippo
1281 684 1358 716 rege
1384 679 1418 705 ut
1442 675 1628 716 praefertur
1649 675 1757 705 erecta
1782 677 1813 704 et
1841 672 1911 704 fun-

1170 727 1242 759 data
1268 732 1300 759 et
1325 738 1342 759 a
1375 726 1469 759 nobis
1506 736 1564 768 per
1589 730 1780 768 praesentes
1816 725 1911 758 etiam

1171 785 1204 811 ut
1230 780 1414 822 praefertur
1440 778 1633 821 approbata,
1654 778 1702 810 vel
1721 777 1816 809 etiam
1834 777 1912 810 alibi

1170 831 1201 864 in
1220 832 1332 875 quavis
1356 831 1419 863 alia
1443 830 1540 863 studii
1567 829 1730 872 generalis
1757 829 1914 862 universi-

1172 889 1233 918 tate
1259 895 1318 928 per
1344 885 1489 917 debitum
1517 890 1645 927 tempus
1670 882 1849 922 studuisse,
1877 892 1914 915 ac

1171 938 1307 970 scientia
1332 943 1364 969 et
1388 936 1530 969 moribus
1556 936 1692 968 idoneos
1726 945 1798 968 esse
1824 945 1915 978 repe-

1173 991 1271 1029 rerit,
1298 991 1337 1022 ad
1370 990 1530 1032 praefatas
1567 989 1704 1029 iurium,
1731 988 1846 1021 artium
1878 998 1914 1020 ao

1173 1044 1360 1085 theologiae
1382 1044 1560 1081 facultates,
1579 1053 1615 1075 ac
1633 1043 1912 1081 baccalaiireattffi,

1173 1096 1269 1129 etiam
1296 1095 1434 1134 formati,
1455 1095 1692 1133 licentiaturae,
1715 1095 1916 1127 doctoratus-

1174 1160 1237 1192 que
1263 1155 1294 1182 et
1319 1148 1494 1191 magisterii
1517 1148 1650 1190 gradus,
1669 1149 1793 1179 servata
1814 1147 1917 1180 forma

1174 1202 1309 1236 Concilii
1337 1201 1537 1240 Viennensis,
1556 1211 1592 1233 ae
1610 1200 1689 1233 alias
1715 1199 1800 1232 iuxta
1825 1209 1917 1242 prae-

1175 1257 1259 1288 fatae
1284 1254 1505 1287 universitatis
1522 1253 1762 1286 salamantinae
1783 1263 1918 1286 consue-

1176 1309 1323 1347 inclines,
1350 1313 1381 1341 et
1418 1308 1560 1350 praefata
1598 1307 1698 1349 ipsius
1729 1317 1746 1339 a
1771 1306 1916 1348 praefato

1175 1361 1327 1404 Philippo
1352 1370 1429 1402 rege
1456 1365 1490 1392 ut
1514 1360 1697 1403 praefertur
1733 1364 1860 1391 erectae
1886 1364 1919 1391 et.

1176 1415 1326 1447 fundatae
1352 1419 1383 1446 et
1415 1425 1432 1446 a
1456 1413 1550 1446 nobis
1574 1423 1633 1457 per
1657 1418 1847 1455 praesentes
1872 1417 1918 1444 et-

1176 1468 1237 1501 iam
1263 1473 1299 1500 ut
1322 1467 1506 1511 praefertur
1536 1467 1737 1510 approbatae
1762 1465 1919 1499 universi-

1176 1521 1250 1553 tatis
1268 1520 1469 1563 praeinserta
1485 1524 1601 1552 statuta
1625 1518 1826 1558 huiusmodi,
1845 1528 1919 1560 pro-

1176 1584 1329 1612 movere,
1356 1578 1386 1606 et
1419 1573 1607 1606 eorumdem
1644 1572 1803 1615 graduum
1841 1571 1919 1603 insi-

1177 1626 1253 1668 gnia
1285 1626 1324 1658 ad
1360 1626 1494 1658 eosdem
1525 1626 1643 1667 gradus
1667 1625 1714 1658 sic
1738 1623 1918 1667 respective

1176 1679 1335 1722 promotis
1372 1678 1529 1711 exhibere
1545 1704 1552 1718 ,
1577 1678 1631 1711 et¹
1661 1678 1699 1711 ad
1726 1677 1828 1710 dictos
1852 1687 1919 1719 gra-

1178 1732 1237 1764 dus
1264 1732 1309 1764 sic
1333 1742 1393 1775 per
1422 1731 1512 1764 illum
1539 1731 1700 1772 promoti,
1725 1735 1838 1774 postea
1862 1740 1920 1773 pu-

1177 1785 1260 1817 blice
1298 1790 1329 1817 et
1365 1784 1533 1827 privatim,
1570 1784 1664 1817 etiam
1701 1784 1732 1816 in
1768 1783 1919 1816 omnibus

1178 1838 1249 1870 aliis
1293 1837 1476 1869 studiorum
1516 1836 1717 1878 generalium
1752 1835 1920 1869 universi-

1178 1891 1307 1930 tatibus,
1334 1891 1500 1923 facultates
1526 1890 1612 1932 ipsas
1638 1889 1860 1933 interpretari,
1887 1894 1920 1923 et

1178 1943 1259 1976 alios
1279 1944 1411 1983 docere,
1431 1948 1463 1975 et
1488 1943 1527 1975 de
1553 1942 1598 1975 cis
1624 1943 1800 1985 disputare,
1819 1948 1920 1974 actus-

1178 2006 1240 2038 que
1259 1996 1371 2038 gradui
1392 2006 1449 2028 scu
1468 1995 1621 2038 gradibus
1640 1994 1824 2027 huiusmodi
1842 2004 1920 2027 con-

1180 2050 1347 2082 venientes
1373 2059 1538 2088 exercere,
1562 2059 1599 2081 ac
1623 2048 1773 2081 omnibus
1798 2047 1921 2091 pariter

1178 2102 1371 2145 privilegiis,
1396 2102 1638 2145 praerogativis,
1661 2101 1785 2143 gratiis,
1807 2101 1920 2133 favori-

1177 2157 1238 2188 bus
1264 2162 1296 2188 et
1321 2156 1463 2194 indultis,
1482 2155 1599 2198 quibus
1625 2154 1676 2187 alii
1704 2154 1736 2186 in
1761 2154 1833 2186 aliis
1849 2154 1920 2186 uni-

1155 2208 1384 2241 ,versitatibus
1429 2207 1615 2240 huiusmodi
1655 2206 1741 2238 iuxta
1788 2206 1918 2239 illarum

1177 2261 1428 2295 constitutiones
1449 2266 1480 2293 ct
1504 2256 1612 2293 mores
1629 2261 1668 2292 ad
1687 2260 1805 2302 gradus
1827 2270 1920 2303 prae·

1178 2314 1258 2346 fatos
1283 2313 1422 2356 promoti
1456 2313 1494 2346 dc
1521 2313 1591 2345 iure
1608 2340 1615 2351 ,
1642 2323 1701 2344 usu
1719 2338 1726 2351 ‚
1759 2313 1840 2355 stylo
1871 2312 1918 2344 vel

1177 2367 1438 2406 consuetudine,
1470 2373 1525 2399 aut
1558 2366 1636 2399 alias
1669 2366 1920 2409 quomodolibet

1177 2426 1321 2460 utuntur,
1350 2420 1507 2459 fruuntur,
1527 2420 1696 2462 potiuntur
1714 2424 1745 2452 et
1764 2419 1918 2461 gaudent,

1177 2484 1214 2505 ac
1238 2473 1294 2512 uti,
1321 2473 1396 2512 frui,
1416 2472 1512 2515 potiri
1539 2478 1572 2505 et
1596 2472 1738 2515 gaudere
1763 2476 1919 2514 poterunt

1216 2590 1225 2615 1
1249 2588 1344 2615 Potius
1364 2587 1423 2623 lege
1445 2591 1475 2615 ut
1495 2595 1542 2623 pro
1563 2590 1606 2620 et,
1629 2587 1668 2614 vel
1688 2586 1757 2614 adde
1777 2587 1814 2619 (a.
1831 2588 1879 2617 τ.).

1905 206 1964 228 An.
1986 203 2014 228 G.
2035 201 2103 230 ¹73⁰
