<?xml version="1.0" encoding="UTF-8"?>
<!DOCTYPE html PUBLIC "-//W3C//DTD XHTML 1.0 Transitional//EN"
    "http://www.w3.org/TR/xhtml1/DTD/xhtml1-transitional.dtd">
<html xmlns="http://www.w3.org/1999/xhtml" xml:lang="en" lang="en">
 <head>
  <title>
</title>
<meta http-equiv="Content-Type" content="text/html;charset=utf-8" />
  <meta name='ocr-system' content='tesseract 3.04.00' />
  <meta name='ocr-capabilities' content='ocr_page ocr_carea ocr_par ocr_line ocrx_word'/>
</head>
<body>
  <div class='ocr_page' id='page_1' title='image "./bullarumdiplomat23cath_0604.png"; bbox 0 0 2182 3137; ppageno 0'>
   <div class='ocr_carea' id='block_1_1' title="bbox 232 273 416 300">
    <p class='ocr_par' dir='ltr' id='par_1_1' title="bbox 232 273 416 300">
     <span class='ocr_line' id='line_1_1' title="bbox 232 273 416 300; baseline 0 0"><span class='ocrx_word' id='word_1_1' title='bbox 232 276 281 300; x_wconf 76' lang='lat' dir='ltr'>An.</span> <span class='ocrx_word' id='word_1_2' title='bbox 298 275 326 300; x_wconf 70' lang='grc' dir='ltr'>(Ζ.</span> <span class='ocrx_word' id='word_1_3' title='bbox 351 273 416 300; x_wconf 65' lang='lat'>¹734</span> 
     </span>
    </p>
   </div>
   <div class='ocr_carea' id='block_1_2' title="bbox 232 1172 413 1246">
    <p class='ocr_par' dir='ltr' id='par_1_2' title="bbox 232 1172 413 1246">
     <span class='ocr_line' id='line_1_2' title="bbox 250 1172 413 1196; baseline -0.012 -3"><span class='ocrx_word' id='word_1_4' title='bbox 250 1172 361 1196; x_wconf 67' lang='lat' dir='ltr'>privilegia</span> <span class='ocrx_word' id='word_1_5' title='bbox 378 1177 413 1195; x_wconf 57' lang='lat' dir='ltr'>ge·</span> 
     </span>
     <span class='ocr_line' id='line_1_3' title="bbox 240 1205 412 1225; baseline -0.006 -6"><span class='ocrx_word' id='word_1_6' title='bbox 240 1207 251 1219; x_wconf 69' lang='lat' dir='ltr'>it</span> <span class='ocrx_word' id='word_1_7' title='bbox 261 1206 281 1219; x_wconf 69' lang='lat' dir='ltr'>td</span> <span class='ocrx_word' id='word_1_8' title='bbox 293 1206 308 1217; x_wconf 62' lang='lat' dir='ltr'>I&lt;</span> <span class='ocrx_word' id='word_1_9' title='bbox 338 1205 412 1225; x_wconf 58' lang='lat' dir='ltr'>k‘l’ge·</span> 
     </span>
     <span class='ocr_line' id='line_1_4' title="bbox 232 1227 341 1246; baseline -0.009 0"><span class='ocrx_word' id='word_1_10' title='bbox 232 1227 341 1246; x_wconf 71' lang='lat' dir='ltr'>neraliniu.</span> 
     </span>
    </p>
   </div>
   <div class='ocr_carea' id='block_1_3' title="bbox 232 1811 414 1884">
    <p class='ocr_par' dir='ltr' id='par_1_3' title="bbox 232 1811 414 1884">
     <span class='ocr_line' id='line_1_5' title="bbox 269 1811 414 1831; baseline 0 -1"><span class='ocrx_word' id='word_1_11' title='bbox 269 1811 414 1831; x_wconf 71' lang='lat' dir='ltr'>Procuratoris</span> 
     </span>
     <span class='ocr_line' id='line_1_6' title="bbox 233 1839 414 1862; baseline 0 -5"><span class='ocrx_word' id='word_1_12' title='bbox 233 1839 253 1857; x_wconf 87' lang='lat' dir='ltr'>et</span> <span class='ocrx_word' id='word_1_13' title='bbox 262 1840 370 1858; x_wconf 65' lang='grc' dir='ltr'>»ιι-ιτιίιιῐιι</span> <span class='ocrx_word' id='word_1_14' title='bbox 381 1843 414 1862; x_wconf 71' lang='lat' dir='ltr'>gc-</span> 
     </span>
     <span class='ocr_line' id='line_1_7' title="bbox 232 1865 318 1884; baseline -0.012 0"><span class='ocrx_word' id='word_1_15' title='bbox 232 1865 318 1884; x_wconf 68' lang='lat' dir='ltr'>uerutis.</span> 
     </span>
    </p>
   </div>
   <div class='ocr_carea' id='block_1_4' title="bbox 234 2103 415 2153">
    <p class='ocr_par' dir='ltr' id='par_1_4' title="bbox 234 2103 415 2153">
     <span class='ocr_line' id='line_1_8' title="bbox 277 2103 415 2128; baseline 0.007 -7"><span class='ocrx_word' id='word_1_16' title='bbox 277 2103 415 2128; x_wconf 66' lang='lat' dir='ltr'>iti-praeum-</span> 
     </span>
     <span class='ocr_line' id='line_1_9' title="bbox 234 2130 364 2153; baseline -0.008 -4"><span class='ocrx_word' id='word_1_17' title='bbox 234 2130 308 2153; x_wconf 67' lang='lat' dir='ltr'>torui...</span> <span class='ocrx_word' id='word_1_18' title='bbox 323 2131 364 2149; x_wconf 79' lang='lat' dir='ltr'>etc.</span> 
     </span>
    </p>
   </div>
   <div class='ocr_carea' id='block_1_5' title="bbox 461 263 525 297">
    <p class='ocr_par' dir='ltr' id='par_1_5' title="bbox 461 263 525 297">
     <span class='ocr_line' id='line_1_10' title="bbox 461 263 525 297; baseline 0 0"><span class='ocrx_word' id='word_1_19' title='bbox 461 263 525 297; x_wconf 74' lang='lat'>58⁶3</span> 
     </span>
    </p>
   </div>
   <div class='ocr_carea' id='block_1_6' title="bbox 461 322 1157 363">
    <p class='ocr_par' dir='ltr' id='par_1_6' title="bbox 461 322 1157 363">
     <span class='ocr_line' id='line_1_11' title="bbox 461 322 1157 363; baseline 0.003 -12"><span class='ocrx_word' id='word_1_20' title='bbox 461 330 498 351; x_wconf 82' lang='lat' dir='ltr'>iv.</span> <span class='ocrx_word' id='word_1_21' title='bbox 523 322 553 351; x_wconf 93' lang='lat' dir='ltr'>ln</span> <span class='ocrx_word' id='word_1_22' title='bbox 577 322 849 361; x_wconf 77' lang='lat' dir='ltr'>congregationibus</span> <span class='ocrx_word' id='word_1_23' title='bbox 873 322 1100 363; x_wconf 85' lang='lat' dir='ltr'>provincialibus</span> <span class='ocrx_word' id='word_1_24' title='bbox 1115 322 1157 353; x_wconf 92' lang='lat' dir='ltr'>di-</span> 
     </span>
    </p>
   </div>
   <div class='ocr_carea' id='block_1_7' title="bbox 421 370 1425 410">
    <p class='ocr_par' dir='ltr' id='par_1_7' title="bbox 421 370 1425 410">
     <span class='ocr_line' id='line_1_12' title="bbox 421 370 1425 410; baseline 0.002 -10"><span class='ocrx_word' id='word_1_25' title='bbox 421 371 552 408; x_wconf 81' lang='lat' dir='ltr'>gni0rcm</span> <span class='ocrx_word' id='word_1_26' title='bbox 575 370 681 401; x_wconf 85' lang='lat' dir='ltr'>babeat</span> <span class='ocrx_word' id='word_1_27' title='bbox 703 371 797 401; x_wconf 89' lang='lat' dir='ltr'>locum</span> <span class='ocrx_word' id='word_1_28' title='bbox 828 371 944 401; x_wconf 88' lang='lat' dir='ltr'>illarum</span> <span class='ocrx_word' id='word_1_29' title='bbox 969 371 1155 410; x_wconf 67' lang='lat' dir='ltr'>praesidem,</span> <span class='ocrx_word' id='word_1_30' title='bbox 1199 377 1227 402; x_wconf 92' lang='lat' dir='ltr'>et</span> <span class='ocrx_word' id='word_1_31' title='bbox 1251 373 1425 402; x_wconf 75' lang='lat' dir='ltr'>reverentia.</span> 
     </span>
    </p>
   </div>
   <div class='ocr_carea' id='block_1_8' title="bbox 421 420 1163 2714">
    <p class='ocr_par' dir='ltr' id='par_1_8' title="bbox 421 420 1159 791">
     <span class='ocr_line' id='line_1_13' title="bbox 424 420 1156 459; baseline 0.001 -10"><span class='ocrx_word' id='word_1_32' title='bbox 424 430 526 459; x_wconf 80' lang='lat' dir='ltr'>nempe</span> <span class='ocrx_word' id='word_1_33' title='bbox 549 420 693 458; x_wconf 79' lang='lat' dir='ltr'>generalis</span> <span class='ocrx_word' id='word_1_34' title='bbox 716 421 848 458; x_wconf 84' lang='lat' dir='ltr'>actualis,</span> <span class='ocrx_word' id='word_1_35' title='bbox 869 420 912 450; x_wconf 90' lang='lat' dir='ltr'>vel</span> <span class='ocrx_word' id='word_1_36' title='bbox 936 421 998 451; x_wconf 91' lang='lat' dir='ltr'>eius</span> <span class='ocrx_word' id='word_1_37' title='bbox 1021 421 1156 450; x_wconf 88' lang='lat' dir='ltr'>commis-</span> 
     </span>
     <span class='ocr_line' id='line_1_14' title="bbox 421 468 1158 508; baseline 0.001 -11"><span class='ocrx_word' id='word_1_38' title='bbox 421 469 526 503; x_wconf 78' lang='lat' dir='ltr'>sarius,</span> <span class='ocrx_word' id='word_1_39' title='bbox 546 469 600 505; x_wconf 88' lang='lat' dir='ltr'>vel,</span> <span class='ocrx_word' id='word_1_40' title='bbox 619 469 681 498; x_wconf 87' lang='lat' dir='ltr'>istis</span> <span class='ocrx_word' id='word_1_41' title='bbox 703 468 885 507; x_wconf 75' lang='lat' dir='ltr'>absentibus,</span> <span class='ocrx_word' id='word_1_42' title='bbox 903 469 1091 508; x_wconf 83' lang='lat' dir='ltr'>provincialis</span> <span class='ocrx_word' id='word_1_43' title='bbox 1114 469 1158 498; x_wconf 93' lang='lat' dir='ltr'>iu-</span> 
     </span>
     <span class='ocr_line' id='line_1_15' title="bbox 423 517 1158 556; baseline 0 -9"><span class='ocrx_word' id='word_1_44' title='bbox 423 517 602 547; x_wconf 87' lang='lat' dir='ltr'>risdictionis</span> <span class='ocrx_word' id='word_1_45' title='bbox 624 517 766 551; x_wconf 88' lang='lat' dir='ltr'>actualis,</span> <span class='ocrx_word' id='word_1_46' title='bbox 791 517 839 556; x_wconf 92' lang='lat' dir='ltr'>qui</span> <span class='ocrx_word' id='word_1_47' title='bbox 854 542 861 556; x_wconf 92' lang='lat'>,</span> <span class='ocrx_word' id='word_1_48' title='bbox 885 518 909 547; x_wconf 94' lang='lat' dir='ltr'>si</span> <span class='ocrx_word' id='word_1_49' title='bbox 932 527 989 547; x_wconf 90' lang='lat' dir='ltr'>non</span> <span class='ocrx_word' id='word_1_50' title='bbox 1013 518 1049 547; x_wconf 86' lang='lat' dir='ltr'>sit</span> <span class='ocrx_word' id='word_1_51' title='bbox 1071 522 1158 556; x_wconf 83' lang='lat' dir='ltr'>caput</span> 
     </span>
     <span class='ocr_line' id='line_1_16' title="bbox 422 566 1158 605; baseline 0 -10"><span class='ocrx_word' id='word_1_52' title='bbox 422 566 667 604; x_wconf 83' lang='lat' dir='ltr'>congregationis,</span> <span class='ocrx_word' id='word_1_53' title='bbox 691 566 789 595; x_wconf 78' lang='lat' dir='ltr'>sedeat</span> <span class='ocrx_word' id='word_1_54' title='bbox 813 570 876 605; x_wconf 88' lang='lat' dir='ltr'>post</span> <span class='ocrx_word' id='word_1_55' title='bbox 899 566 1111 604; x_wconf 79' lang='lat' dir='ltr'>ex-generales3</span> <span class='ocrx_word' id='word_1_56' title='bbox 1131 570 1158 595; x_wconf 90' lang='lat' dir='ltr'>et</span> 
     </span>
     <span class='ocr_line' id='line_1_17' title="bbox 423 615 1158 654; baseline 0 -10"><span class='ocrx_word' id='word_1_57' title='bbox 423 615 500 644; x_wconf 84' lang='lat' dir='ltr'>bunc</span> <span class='ocrx_word' id='word_1_58' title='bbox 532 620 694 654; x_wconf 87' lang='lat' dir='ltr'>sequuntur</span> <span class='ocrx_word' id='word_1_59' title='bbox 725 615 894 645; x_wconf 82' lang='lat' dir='ltr'>definitores</span> <span class='ocrx_word' id='word_1_60' title='bbox 926 620 954 644; x_wconf 89' lang='lat' dir='ltr'>et</span> <span class='ocrx_word' id='word_1_61' title='bbox 985 615 1158 644; x_wconf 79' lang='lat' dir='ltr'>secretarius</span> 
     </span>
     <span class='ocr_line' id='line_1_18' title="bbox 421 663 1157 703; baseline 0.001 -11"><span class='ocrx_word' id='word_1_62' title='bbox 421 663 573 701; x_wconf 75' lang='lat' dir='ltr'>generales</span> <span class='ocrx_word' id='word_1_63' title='bbox 596 663 746 700; x_wconf 58' lang='lat' dir='ltr'>actualis,</span> <span class='ocrx_word' id='word_1_64' title='bbox 770 664 957 703; x_wconf 86' lang='lat' dir='ltr'>provincialis</span> <span class='ocrx_word' id='word_1_65' title='bbox 980 663 1106 693; x_wconf 87' lang='lat' dir='ltr'>titularis</span> <span class='ocrx_word' id='word_1_66' title='bbox 1129 673 1157 693; x_wconf 88' lang='lat' dir='ltr'>a·</span> 
     </span>
     <span class='ocr_line' id='line_1_19' title="bbox 421 712 1159 752; baseline 0 -10"><span class='ocrx_word' id='word_1_67' title='bbox 421 712 549 749; x_wconf 77' lang='lat' dir='ltr'>ematis,</span> <span class='ocrx_word' id='word_1_68' title='bbox 572 716 600 742; x_wconf 91' lang='lat' dir='ltr'>et</span> <span class='ocrx_word' id='word_1_69' title='bbox 622 712 738 742; x_wconf 90' lang='lat' dir='ltr'>demum</span> <span class='ocrx_word' id='word_1_70' title='bbox 762 717 886 752; x_wconf 87' lang='lat' dir='ltr'>quatuor</span> <span class='ocrx_word' id='word_1_71' title='bbox 908 712 1073 742; x_wconf 79' lang='lat' dir='ltr'>definitores</span> <span class='ocrx_word' id='word_1_72' title='bbox 1096 721 1159 752; x_wconf 91' lang='lat' dir='ltr'>pro-</span> 
     </span>
     <span class='ocr_line' id='line_1_20' title="bbox 422 761 572 791; baseline 0.007 -1"><span class='ocrx_word' id='word_1_73' title='bbox 422 761 572 791; x_wconf 75' lang='lat' dir='ltr'>vinciules.</span> 
     </span>
    </p>

    <p class='ocr_par' dir='ltr' id='par_1_9' title="bbox 422 811 1159 1045">
     <span class='ocr_line' id='line_1_21' title="bbox 463 811 1159 851; baseline 0.001 -12"><span class='ocrx_word' id='word_1_74' title='bbox 463 821 489 840; x_wconf 90' lang='lat' dir='ltr'>v.</span> <span class='ocrx_word' id='word_1_75' title='bbox 513 811 541 841; x_wconf 87' lang='lat' dir='ltr'>Si</span> <span class='ocrx_word' id='word_1_76' title='bbox 564 811 738 850; x_wconf 78' lang='lat' dir='ltr'>quandoque</span> <span class='ocrx_word' id='word_1_77' title='bbox 762 811 790 841; x_wconf 91' lang='lat' dir='ltr'>in</span> <span class='ocrx_word' id='word_1_78' title='bbox 813 811 949 851; x_wconf 88' lang='lat' dir='ltr'>capitulis</span> <span class='ocrx_word' id='word_1_79' title='bbox 972 811 1016 841; x_wconf 91' lang='lat' dir='ltr'>vel</span> <span class='ocrx_word' id='word_1_80' title='bbox 1038 820 1159 849; x_wconf 85' lang='lat' dir='ltr'>congre-</span> 
     </span>
     <span class='ocr_line' id='line_1_22' title="bbox 422 860 1158 900; baseline 0.001 -11"><span class='ocrx_word' id='word_1_81' title='bbox 422 860 589 898; x_wconf 86' lang='lat' dir='ltr'>gationibus</span> <span class='ocrx_word' id='word_1_82' title='bbox 611 860 789 900; x_wconf 86' lang='lat' dir='ltr'>praelibatus</span> <span class='ocrx_word' id='word_1_83' title='bbox 811 862 880 890; x_wconf 87' lang='lat' dir='ltr'>ordo</span> <span class='ocrx_word' id='word_1_84' title='bbox 915 861 1092 900; x_wconf 86' lang='lat' dir='ltr'>pervertitur</span> <span class='ocrx_word' id='word_1_85' title='bbox 1124 869 1158 890; x_wconf 85' lang='lat' dir='ltr'>ex</span> 
     </span>
     <span class='ocr_line' id='line_1_23' title="bbox 423 909 1158 947; baseline -0.001 -9"><span class='ocrx_word' id='word_1_86' title='bbox 423 909 538 938; x_wconf 70' lang='lat' dir='ltr'>incuria</span> <span class='ocrx_word' id='word_1_87' title='bbox 561 910 606 939; x_wconf 89' lang='lat' dir='ltr'>vel</span> <span class='ocrx_word' id='word_1_88' title='bbox 629 909 856 947; x_wconf 71' lang='lat' dir='ltr'>inadvertentia,</span> <span class='ocrx_word' id='word_1_89' title='bbox 880 918 930 938; x_wconf 92' lang='lat' dir='ltr'>seu</span> <span class='ocrx_word' id='word_1_90' title='bbox 952 918 986 938; x_wconf 87' lang='lat' dir='ltr'>ex</span> <span class='ocrx_word' id='word_1_91' title='bbox 1009 909 1158 938; x_wconf 83' lang='lat' dir='ltr'>vocatione</span> 
     </span>
     <span class='ocr_line' id='line_1_24' title="bbox 423 957 1159 997; baseline -0.001 -10"><span class='ocrx_word' id='word_1_92' title='bbox 423 958 579 996; x_wconf 73' lang='lat' dir='ltr'>permixta,</span> <span class='ocrx_word' id='word_1_93' title='bbox 596 958 668 987; x_wconf 91' lang='lat' dir='ltr'>nulli</span> <span class='ocrx_word' id='word_1_94' title='bbox 685 962 802 997; x_wconf 88' lang='lat' dir='ltr'>propter</span> <span class='ocrx_word' id='word_1_95' title='bbox 812 957 1060 995; x_wconf 84' lang='lat' dir='ltr'>liocintelligatur</span> <span class='ocrx_word' id='word_1_96' title='bbox 1076 966 1159 996; x_wconf 89' lang='lat' dir='ltr'>prae-</span> 
     </span>
     <span class='ocr_line' id='line_1_25' title="bbox 423 1007 768 1045; baseline 0 -9"><span class='ocrx_word' id='word_1_97' title='bbox 423 1007 562 1036; x_wconf 92' lang='lat' dir='ltr'>iudicium</span> <span class='ocrx_word' id='word_1_98' title='bbox 587 1011 768 1045; x_wconf 88' lang='lat' dir='ltr'>generatum.</span> 
     </span>
    </p>

    <p class='ocr_par' dir='ltr' id='par_1_10' title="bbox 511 1054 1069 1134">
     <span class='ocr_line' id='line_1_26' title="bbox 511 1054 1069 1094; baseline -0.002 -9"><span class='ocrx_word' id='word_1_99' title='bbox 511 1056 580 1085; x_wconf 48' lang='lat' dir='ltr'>Ciw.</span> <span class='ocrx_word' id='word_1_100' title='bbox 604 1055 726 1085; x_wconf 75' lang='lat' dir='ltr'>XXXIII.</span> <span class='ocrx_word' id='word_1_101' title='bbox 746 1072 785 1077; x_wconf 94' lang='lat'><strong>—</strong></span> <span class='ocrx_word' id='word_1_102' title='bbox 808 1054 902 1091; x_wconf 75' lang='lat' dir='ltr'>Quoad</span> <span class='ocrx_word' id='word_1_103' title='bbox 922 1055 1069 1094; x_wconf 67' lang='lat' dir='ltr'>pririleyt&#39;a</span> 
     </span>
     <span class='ocr_line' id='line_1_27' title="bbox 686 1104 891 1134; baseline -0.005 0"><span class='ocrx_word' id='word_1_104' title='bbox 686 1104 891 1134; x_wconf 80' lang='lat' dir='ltr'>nonnulloimn.</span> 
     </span>
    </p>

    <p class='ocr_par' dir='ltr' id='par_1_11' title="bbox 421 1152 1160 1781">
     <span class='ocr_line' id='line_1_28' title="bbox 463 1152 1159 1192; baseline 0.001 -10"><span class='ocrx_word' id='word_1_105' title='bbox 463 1161 482 1182; x_wconf 92' lang='lat'>1.</span> <span class='ocrx_word' id='word_1_106' title='bbox 506 1152 691 1183; x_wconf 86' lang='lat' dir='ltr'>Solummodo</span> <span class='ocrx_word' id='word_1_107' title='bbox 714 1153 859 1191; x_wconf 86' lang='lat' dir='ltr'>generalis</span> <span class='ocrx_word' id='word_1_108' title='bbox 881 1153 1003 1183; x_wconf 88' lang='lat' dir='ltr'>actualis</span> <span class='ocrx_word' id='word_1_109' title='bbox 1025 1158 1053 1183; x_wconf 87' lang='lat' dir='ltr'>et</span> <span class='ocrx_word' id='word_1_110' title='bbox 1076 1162 1159 1192; x_wconf 90' lang='lat' dir='ltr'>prae-</span> 
     </span>
     <span class='ocr_line' id='line_1_29' title="bbox 424 1201 1157 1239; baseline 0 -8"><span class='ocrx_word' id='word_1_111' title='bbox 424 1201 513 1238; x_wconf 88' lang='lat' dir='ltr'>teriti,</span> <span class='ocrx_word' id='word_1_112' title='bbox 531 1202 647 1231; x_wconf 91' lang='lat' dir='ltr'>titulum</span> <span class='ocrx_word' id='word_1_113' title='bbox 665 1201 901 1231; x_wconf 68' lang='lat' dir='ltr'>reverendissimi</span> <span class='ocrx_word' id='word_1_114' title='bbox 917 1202 1073 1239; x_wconf 83' lang='lat' dir='ltr'>retineant,</span> <span class='ocrx_word' id='word_1_115' title='bbox 1090 1202 1157 1231; x_wconf 87' lang='lat' dir='ltr'>dum</span> 
     </span>
     <span class='ocr_line' id='line_1_30' title="bbox 424 1251 1158 1291; baseline -0.001 -9"><span class='ocrx_word' id='word_1_116' title='bbox 424 1252 542 1282; x_wconf 90' lang='lat' dir='ltr'>vivunt:</span> <span class='ocrx_word' id='word_1_117' title='bbox 567 1256 689 1291; x_wconf 81' lang='lat' dir='ltr'>possunt</span> <span class='ocrx_word' id='word_1_118' title='bbox 711 1251 797 1281; x_wconf 90' lang='lat' dir='ltr'>etiam</span> <span class='ocrx_word' id='word_1_119' title='bbox 831 1252 1032 1290; x_wconf 67' lang='lat' dir='ltr'>eii-generales</span> <span class='ocrx_word' id='word_1_120' title='bbox 1068 1261 1158 1282; x_wconf 92' lang='lat' dir='ltr'>unum</span> 
     </span>
     <span class='ocr_line' id='line_1_31' title="bbox 423 1300 1160 1340; baseline -0.001 -9"><span class='ocrx_word' id='word_1_121' title='bbox 423 1305 597 1331; x_wconf 89' lang='lat' dir='ltr'>conventum</span> <span class='ocrx_word' id='word_1_122' title='bbox 620 1300 676 1330; x_wconf 83' lang='lat' dir='ltr'>sibi</span> <span class='ocrx_word' id='word_1_123' title='bbox 698 1300 843 1338; x_wconf 82' lang='lat' dir='ltr'>deligere,</span> <span class='ocrx_word' id='word_1_124' title='bbox 868 1300 917 1330; x_wconf 89' lang='lat' dir='ltr'>ubi</span> <span class='ocrx_word' id='word_1_125' title='bbox 953 1309 1072 1330; x_wconf 85' lang='lat' dir='ltr'>manere</span> <span class='ocrx_word' id='word_1_126' title='bbox 1095 1310 1160 1340; x_wconf 88' lang='lat' dir='ltr'>pos-</span> 
     </span>
     <span class='ocr_line' id='line_1_32' title="bbox 422 1349 1158 1388; baseline -0.001 -9"><span class='ocrx_word' id='word_1_127' title='bbox 422 1350 481 1379; x_wconf 84' lang='lat' dir='ltr'>sint</span> <span class='ocrx_word' id='word_1_128' title='bbox 498 1349 532 1379; x_wconf 91' lang='lat' dir='ltr'>ad</span> <span class='ocrx_word' id='word_1_129' title='bbox 557 1350 663 1387; x_wconf 87' lang='lat' dir='ltr'>vitam,</span> <span class='ocrx_word' id='word_1_130' title='bbox 687 1353 715 1379; x_wconf 88' lang='lat' dir='ltr'>et</span> <span class='ocrx_word' id='word_1_131' title='bbox 737 1358 751 1378; x_wconf 86' lang='lat' dir='ltr'>a</span> <span class='ocrx_word' id='word_1_132' title='bbox 774 1358 831 1388; x_wconf 92' lang='lat' dir='ltr'>quo</span> <span class='ocrx_word' id='word_1_133' title='bbox 861 1349 957 1379; x_wconf 90' lang='lat' dir='ltr'>omnia</span> <span class='ocrx_word' id='word_1_134' title='bbox 982 1353 1039 1378; x_wconf 88' lang='lat' dir='ltr'>tam</span> <span class='ocrx_word' id='word_1_135' title='bbox 1062 1349 1096 1378; x_wconf 90' lang='lat' dir='ltr'>ad</span> <span class='ocrx_word' id='word_1_136' title='bbox 1121 1349 1158 1378; x_wconf 90' lang='lat' dir='ltr'>vi-</span> 
     </span>
     <span class='ocr_line' id='line_1_33' title="bbox 422 1398 1158 1438; baseline -0.003 -9"><span class='ocrx_word' id='word_1_137' title='bbox 422 1403 501 1429; x_wconf 85' lang='lat' dir='ltr'>ctum</span> <span class='ocrx_word' id='word_1_138' title='bbox 527 1407 613 1438; x_wconf 89' lang='lat' dir='ltr'>quam</span> <span class='ocrx_word' id='word_1_139' title='bbox 647 1398 682 1428; x_wconf 89' lang='lat' dir='ltr'>ad</span> <span class='ocrx_word' id='word_1_140' title='bbox 717 1398 851 1428; x_wconf 90' lang='lat' dir='ltr'>vestitum</span> <span class='ocrx_word' id='word_1_141' title='bbox 874 1398 1038 1428; x_wconf 86' lang='lat' dir='ltr'>necessaria</span> <span class='ocrx_word' id='word_1_142' title='bbox 1054 1422 1061 1435; x_wconf 83' lang='lat'>,</span> <span class='ocrx_word' id='word_1_143' title='bbox 1085 1398 1158 1437; x_wconf 85' lang='lat' dir='ltr'>ipso-</span> 
     </span>
     <span class='ocr_line' id='line_1_34' title="bbox 422 1447 1155 1486; baseline -0.001 -9"><span class='ocrx_word' id='word_1_144' title='bbox 422 1457 545 1486; x_wconf 79' lang='lat' dir='ltr'>rumque</span> <span class='ocrx_word' id='word_1_145' title='bbox 567 1447 654 1477; x_wconf 90' lang='lat' dir='ltr'>statui</span> <span class='ocrx_word' id='word_1_146' title='bbox 677 1447 814 1485; x_wconf 88' lang='lat' dir='ltr'>religioso</span> <span class='ocrx_word' id='word_1_147' title='bbox 842 1456 969 1485; x_wconf 90' lang='lat' dir='ltr'>congrue</span> <span class='ocrx_word' id='word_1_148' title='bbox 993 1447 1155 1486; x_wconf 86' lang='lat' dir='ltr'>recipiant,</span> 
     </span>
     <span class='ocr_line' id='line_1_35' title="bbox 421 1496 1155 1536; baseline 0 -10"><span class='ocrx_word' id='word_1_149' title='bbox 421 1506 455 1526; x_wconf 91' lang='lat' dir='ltr'>ac</span> <span class='ocrx_word' id='word_1_150' title='bbox 478 1497 584 1526; x_wconf 90' lang='lat' dir='ltr'>ibidem</span> <span class='ocrx_word' id='word_1_151' title='bbox 607 1497 742 1536; x_wconf 86' lang='lat' dir='ltr'>superior</span> <span class='ocrx_word' id='word_1_152' title='bbox 764 1496 958 1535; x_wconf 86' lang='lat' dir='ltr'>deputandus,</span> <span class='ocrx_word' id='word_1_153' title='bbox 980 1496 1025 1525; x_wconf 90' lang='lat' dir='ltr'>vir</span> <span class='ocrx_word' id='word_1_154' title='bbox 1046 1496 1155 1534; x_wconf 85' lang='lat' dir='ltr'>gravis,</span> 
     </span>
     <span class='ocr_line' id='line_1_36' title="bbox 422 1544 1159 1584; baseline -0.001 -9"><span class='ocrx_word' id='word_1_155' title='bbox 422 1545 574 1584; x_wconf 81' lang='lat' dir='ltr'>eidemque</span> <span class='ocrx_word' id='word_1_156' title='bbox 597 1545 776 1583; x_wconf 78' lang='lat' dir='ltr'>ex-generali</span> <span class='ocrx_word' id='word_1_157' title='bbox 799 1544 873 1574; x_wconf 91' lang='lat' dir='ltr'>bene</span> <span class='ocrx_word' id='word_1_158' title='bbox 905 1545 1024 1575; x_wconf 80' lang='lat' dir='ltr'>affectus</span> <span class='ocrx_word' id='word_1_159' title='bbox 1051 1545 1159 1575; x_wconf 89' lang='lat' dir='ltr'>consti-</span> 
     </span>
     <span class='ocr_line' id='line_1_37' title="bbox 423 1593 1160 1633; baseline -0.001 -9"><span class='ocrx_word' id='word_1_160' title='bbox 423 1598 521 1624; x_wconf 86' lang='lat' dir='ltr'>tuatur</span> <span class='ocrx_word' id='word_1_161' title='bbox 553 1603 568 1623; x_wconf 91' lang='lat' dir='ltr'>a</span> <span class='ocrx_word' id='word_1_162' title='bbox 603 1594 828 1632; x_wconf 80' lang='lat' dir='ltr'>congregatione</span> <span class='ocrx_word' id='word_1_163' title='bbox 864 1593 1049 1633; x_wconf 90' lang='lat' dir='ltr'>provinciali.</span> <span class='ocrx_word' id='word_1_164' title='bbox 1083 1595 1160 1624; x_wconf 89' lang='lat' dir='ltr'>Con-</span> 
     </span>
     <span class='ocr_line' id='line_1_38' title="bbox 424 1643 1158 1682; baseline 0.001 -10"><span class='ocrx_word' id='word_1_165' title='bbox 424 1647 527 1672; x_wconf 82' lang='lat' dir='ltr'>ventus</span> <span class='ocrx_word' id='word_1_166' title='bbox 550 1648 659 1681; x_wconf 86' lang='lat' dir='ltr'>autem,</span> <span class='ocrx_word' id='word_1_167' title='bbox 683 1652 769 1682; x_wconf 92' lang='lat' dir='ltr'>quem</span> <span class='ocrx_word' id='word_1_168' title='bbox 793 1643 900 1681; x_wconf 81' lang='lat' dir='ltr'>eligere</span> <span class='ocrx_word' id='word_1_169' title='bbox 924 1647 1061 1682; x_wconf 81' lang='lat' dir='ltr'>possunt,</span> <span class='ocrx_word' id='word_1_170' title='bbox 1084 1643 1158 1673; x_wconf 90' lang='lat' dir='ltr'>sicut</span> 
     </span>
     <span class='ocr_line' id='line_1_39' title="bbox 423 1691 1157 1732; baseline 0 -10"><span class='ocrx_word' id='word_1_171' title='bbox 423 1696 451 1722; x_wconf 88' lang='lat' dir='ltr'>et</span> <span class='ocrx_word' id='word_1_172' title='bbox 473 1701 576 1731; x_wconf 84' lang='lat' dir='ltr'>regens</span> <span class='ocrx_word' id='word_1_173' title='bbox 599 1691 798 1732; x_wconf 85' lang='lat' dir='ltr'>quatordecim</span> <span class='ocrx_word' id='word_1_174' title='bbox 821 1701 976 1730; x_wconf 88' lang='lat' dir='ltr'>annorum,</span> <span class='ocrx_word' id='word_1_175' title='bbox 995 1691 1080 1722; x_wconf 89' lang='lat' dir='ltr'>debet</span> <span class='ocrx_word' id='word_1_176' title='bbox 1094 1701 1157 1722; x_wconf 89' lang='lat' dir='ltr'>esse</span> 
     </span>
     <span class='ocr_line' id='line_1_40' title="bbox 425 1741 1136 1781; baseline 0.001 -11"><span class='ocrx_word' id='word_1_177' title='bbox 425 1741 489 1771; x_wconf 85' lang='lat' dir='ltr'>eius</span> <span class='ocrx_word' id='word_1_178' title='bbox 511 1741 713 1781; x_wconf 85' lang='lat' dir='ltr'>provinciae¹,</span> <span class='ocrx_word' id='word_1_179' title='bbox 737 1741 771 1771; x_wconf 90' lang='lat' dir='ltr'>de</span> <span class='ocrx_word' id='word_1_180' title='bbox 794 1750 849 1780; x_wconf 87' lang='lat' dir='ltr'>qua</span> <span class='ocrx_word' id='word_1_181' title='bbox 872 1741 926 1780; x_wconf 90' lang='lat' dir='ltr'>ipsi</span> <span class='ocrx_word' id='word_1_182' title='bbox 946 1745 1014 1771; x_wconf 88' lang='lat' dir='ltr'>sunt</span> <span class='ocrx_word' id='word_1_183' title='bbox 1035 1741 1136 1771; x_wconf 87' lang='lat' dir='ltr'>nativi.</span> 
     </span>
    </p>

    <p class='ocr_par' dir='ltr' id='par_1_12' title="bbox 425 1790 1159 2074">
     <span class='ocr_line' id='line_1_41' title="bbox 465 1790 1159 1830; baseline 0.001 -10"><span class='ocrx_word' id='word_1_184' title='bbox 465 1800 496 1820; x_wconf 84' lang='lat'>11.</span> <span class='ocrx_word' id='word_1_185' title='bbox 519 1790 726 1829; x_wconf 87' lang='lat' dir='ltr'>Ex-generales</span> <span class='ocrx_word' id='word_1_186' title='bbox 741 1813 748 1827; x_wconf 84' lang='lat'>‚</span> <span class='ocrx_word' id='word_1_187' title='bbox 772 1794 940 1830; x_wconf 85' lang='lat' dir='ltr'>procurator</span> <span class='ocrx_word' id='word_1_188' title='bbox 972 1795 1000 1820; x_wconf 86' lang='lat' dir='ltr'>et</span> <span class='ocrx_word' id='word_1_189' title='bbox 1034 1795 1159 1821; x_wconf 85' lang='lat' dir='ltr'>secreta·</span> 
     </span>
     <span class='ocr_line' id='line_1_42' title="bbox 426 1839 1157 1878; baseline 0 -9"><span class='ocrx_word' id='word_1_190' title='bbox 426 1840 487 1869; x_wconf 93' lang='lat' dir='ltr'>rius</span> <span class='ocrx_word' id='word_1_191' title='bbox 510 1839 661 1878; x_wconf 80' lang='lat' dir='ltr'>generales</span> <span class='ocrx_word' id='word_1_192' title='bbox 695 1839 822 1869; x_wconf 88' lang='lat' dir='ltr'>actuales</span> <span class='ocrx_word' id='word_1_193' title='bbox 854 1848 912 1869; x_wconf 92' lang='lat' dir='ltr'>non</span> <span class='ocrx_word' id='word_1_194' title='bbox 944 1840 1038 1869; x_wconf 93' lang='lat' dir='ltr'>solum</span> <span class='ocrx_word' id='word_1_195' title='bbox 1060 1845 1157 1869; x_wconf 91' lang='lat' dir='ltr'>votum</span> 
     </span>
     <span class='ocr_line' id='line_1_43' title="bbox 426 1888 1158 1928; baseline 0.001 -10"><span class='ocrx_word' id='word_1_196' title='bbox 426 1888 551 1919; x_wconf 85' lang='lat' dir='ltr'>habeant</span> <span class='ocrx_word' id='word_1_197' title='bbox 586 1888 615 1918; x_wconf 93' lang='lat' dir='ltr'>in</span> <span class='ocrx_word' id='word_1_198' title='bbox 652 1888 788 1928; x_wconf 90' lang='lat' dir='ltr'>capitulis</span> <span class='ocrx_word' id='word_1_199' title='bbox 823 1892 851 1918; x_wconf 89' lang='lat' dir='ltr'>et</span> <span class='ocrx_word' id='word_1_200' title='bbox 886 1889 1158 1927; x_wconf 79' lang='lat' dir='ltr'>congregationibus</span> 
     </span>
     <span class='ocr_line' id='line_1_44' title="bbox 426 1937 1158 1977; baseline 0 -10"><span class='ocrx_word' id='word_1_201' title='bbox 426 1942 483 1967; x_wconf 89' lang='lat' dir='ltr'>tam</span> <span class='ocrx_word' id='word_1_202' title='bbox 516 1937 702 1976; x_wconf 83' lang='lat' dir='ltr'>generalibus</span> <span class='ocrx_word' id='word_1_203' title='bbox 724 1947 810 1977; x_wconf 85' lang='lat' dir='ltr'>quam</span> <span class='ocrx_word' id='word_1_204' title='bbox 834 1938 1085 1977; x_wconf 89' lang='lat' dir='ltr'>provincialibus,</span> <span class='ocrx_word' id='word_1_205' title='bbox 1108 1938 1158 1968; x_wconf 88' lang='lat' dir='ltr'>sed</span> 
     </span>
     <span class='ocr_line' id='line_1_45' title="bbox 425 1985 1159 2026; baseline 0.001 -11"><span class='ocrx_word' id='word_1_206' title='bbox 425 1985 475 2016; x_wconf 92' lang='lat' dir='ltr'>ubi</span> <span class='ocrx_word' id='word_1_207' title='bbox 497 1986 624 2025; x_wconf 84' lang='lat' dir='ltr'>aderint,</span> <span class='ocrx_word' id='word_1_208' title='bbox 648 1990 676 2016; x_wconf 90' lang='lat' dir='ltr'>et</span> <span class='ocrx_word' id='word_1_209' title='bbox 698 1986 871 2016; x_wconf 82' lang='lat' dir='ltr'>deliberatio</span> <span class='ocrx_word' id='word_1_210' title='bbox 894 1986 1025 2016; x_wconf 84' lang='lat' dir='ltr'>facienda</span> <span class='ocrx_word' id='word_1_211' title='bbox 1048 1986 1086 2016; x_wconf 90' lang='lat' dir='ltr'>sit</span> <span class='ocrx_word' id='word_1_212' title='bbox 1109 1996 1159 2026; x_wconf 85' lang='lat' dir='ltr'>per</span> 
     </span>
     <span class='ocr_line' id='line_1_46' title="bbox 425 2035 573 2074; baseline 0.007 -10"><span class='ocrx_word' id='word_1_213' title='bbox 425 2035 573 2074; x_wconf 78' lang='lat' dir='ltr'>suffragia.</span> 
     </span>
    </p>

    <p class='ocr_par' dir='ltr' id='par_1_13' title="bbox 425 2084 1163 2665">
     <span class='ocr_line' id='line_1_47' title="bbox 464 2084 1161 2124; baseline 0.001 -10"><span class='ocrx_word' id='word_1_214' title='bbox 464 2093 505 2114; x_wconf 84' lang='lat' dir='ltr'>ln.</span> <span class='ocrx_word' id='word_1_215' title='bbox 541 2084 825 2124; x_wconf 74' lang='lat' dir='ltr'>Ex-procuratores,</span> <span class='ocrx_word' id='word_1_216' title='bbox 850 2084 1067 2115; x_wconf 85' lang='lat' dir='ltr'>ex-detinitores</span> <span class='ocrx_word' id='word_1_217' title='bbox 1082 2110 1089 2124; x_wconf 92' lang='lat'>,</span> <span class='ocrx_word' id='word_1_218' title='bbox 1112 2095 1161 2115; x_wconf 82' lang='lat' dir='ltr'>ex-</span> 
     </span>
     <span class='ocr_line' id='line_1_48' title="bbox 426 2134 1160 2174; baseline 0.003 -11"><span class='ocrx_word' id='word_1_219' title='bbox 426 2134 576 2164; x_wconf 88' lang='lat' dir='ltr'>secretarii</span> <span class='ocrx_word' id='word_1_220' title='bbox 608 2134 761 2172; x_wconf 85' lang='lat' dir='ltr'>generales</span> <span class='ocrx_word' id='word_1_221' title='bbox 776 2158 783 2172; x_wconf 89' lang='lat'>,</span> <span class='ocrx_word' id='word_1_222' title='bbox 808 2135 1054 2174; x_wconf 66' lang='lat' dir='ltr'>eit-provinciales</span> <span class='ocrx_word' id='word_1_223' title='bbox 1069 2159 1076 2173; x_wconf 91' lang='lat'><strong>‚</strong></span> <span class='ocrx_word' id='word_1_224' title='bbox 1100 2136 1160 2165; x_wconf 87' lang='lat' dir='ltr'>sive</span> 
     </span>
     <span class='ocr_line' id='line_1_49' title="bbox 425 2183 1161 2224; baseline 0.003 -12"><span class='ocrx_word' id='word_1_225' title='bbox 425 2183 636 2213; x_wconf 86' lang='lat' dir='ltr'>iurisdictionis</span> <span class='ocrx_word' id='word_1_226' title='bbox 670 2183 731 2213; x_wconf 88' lang='lat' dir='ltr'>sive</span> <span class='ocrx_word' id='word_1_227' title='bbox 764 2183 864 2221; x_wconf 87' lang='lat' dir='ltr'>tituli,</span> <span class='ocrx_word' id='word_1_228' title='bbox 887 2188 1034 2223; x_wconf 83' lang='lat' dir='ltr'>nequeant</span> <span class='ocrx_word' id='word_1_229' title='bbox 1056 2194 1070 2214; x_wconf 90' lang='lat' dir='ltr'>a</span> <span class='ocrx_word' id='word_1_230' title='bbox 1095 2194 1161 2224; x_wconf 90' lang='lat' dir='ltr'>pro-</span> 
     </span>
     <span class='ocr_line' id='line_1_50' title="bbox 426 2232 1160 2273; baseline 0.004 -12"><span class='ocrx_word' id='word_1_231' title='bbox 426 2232 599 2262; x_wconf 88' lang='lat' dir='ltr'>vincialibus</span> <span class='ocrx_word' id='word_1_232' title='bbox 620 2232 783 2263; x_wconf 82' lang='lat' dir='ltr'>actualibus</span> <span class='ocrx_word' id='word_1_233' title='bbox 815 2233 943 2263; x_wconf 90' lang='lat' dir='ltr'>amoveri</span> <span class='ocrx_word' id='word_1_234' title='bbox 977 2243 1160 2273; x_wconf 88' lang='lat' dir='ltr'>quocumque</span> 
     </span>
     <span class='ocr_line' id='line_1_51' title="bbox 426 2281 1162 2320; baseline 0.003 -10"><span class='ocrx_word' id='word_1_235' title='bbox 426 2285 575 2320; x_wconf 80' lang='lat' dir='ltr'>praetextu</span> <span class='ocrx_word' id='word_1_236' title='bbox 598 2290 649 2311; x_wconf 85' lang='lat' dir='ltr'>seu</span> <span class='ocrx_word' id='word_1_237' title='bbox 671 2281 767 2311; x_wconf 89' lang='lat' dir='ltr'>colore</span> <span class='ocrx_word' id='word_1_238' title='bbox 789 2291 803 2311; x_wconf 90' lang='lat' dir='ltr'>a</span> <span class='ocrx_word' id='word_1_239' title='bbox 827 2286 972 2312; x_wconf 89' lang='lat' dir='ltr'>conventu</span> <span class='ocrx_word' id='word_1_240' title='bbox 1006 2292 1106 2312; x_wconf 86' lang='lat' dir='ltr'>eorum</span> <span class='ocrx_word' id='word_1_241' title='bbox 1130 2283 1162 2312; x_wconf 84' lang='lat' dir='ltr'>fi-</span> 
     </span>
     <span class='ocr_line' id='line_1_52' title="bbox 426 2329 1161 2369; baseline 0.003 -10"><span class='ocrx_word' id='word_1_242' title='bbox 426 2329 575 2369; x_wconf 87' lang='lat' dir='ltr'>liationis,</span> <span class='ocrx_word' id='word_1_243' title='bbox 600 2330 643 2360; x_wconf 91' lang='lat' dir='ltr'>vel</span> <span class='ocrx_word' id='word_1_244' title='bbox 665 2329 701 2360; x_wconf 83' lang='lat' dir='ltr'>ab</span> <span class='ocrx_word' id='word_1_245' title='bbox 722 2339 756 2360; x_wconf 89' lang='lat' dir='ltr'>eo</span> <span class='ocrx_word' id='word_1_246' title='bbox 788 2330 838 2360; x_wconf 93' lang='lat' dir='ltr'>ubi</span> <span class='ocrx_word' id='word_1_247' title='bbox 871 2335 1009 2369; x_wconf 85' lang='lat' dir='ltr'>manent,</span> <span class='ocrx_word' id='word_1_248' title='bbox 1034 2332 1090 2361; x_wconf 90' lang='lat' dir='ltr'>nisi</span> <span class='ocrx_word' id='word_1_249' title='bbox 1126 2332 1161 2361; x_wconf 91' lang='lat' dir='ltr'>de</span> 
     </span>
     <span class='ocr_line' id='line_1_53' title="bbox 425 2378 1162 2419; baseline 0.004 -12"><span class='ocrx_word' id='word_1_250' title='bbox 425 2378 555 2417; x_wconf 89' lang='lat' dir='ltr'>ipsorum</span> <span class='ocrx_word' id='word_1_251' title='bbox 588 2388 750 2417; x_wconf 90' lang='lat' dir='ltr'>consensu,</span> <span class='ocrx_word' id='word_1_252' title='bbox 781 2383 831 2409; x_wconf 84' lang='lat' dir='ltr'>aut</span> <span class='ocrx_word' id='word_1_253' title='bbox 864 2380 1006 2419; x_wconf 90' lang='lat' dir='ltr'>peculiari</span> <span class='ocrx_word' id='word_1_254' title='bbox 1037 2380 1162 2410; x_wconf 90' lang='lat' dir='ltr'>interve-</span> 
     </span>
     <span class='ocr_line' id='line_1_54' title="bbox 426 2427 1162 2467; baseline 0.004 -11"><span class='ocrx_word' id='word_1_255' title='bbox 426 2427 524 2457; x_wconf 88' lang='lat' dir='ltr'>niente</span> <span class='ocrx_word' id='word_1_256' title='bbox 547 2428 682 2458; x_wconf 88' lang='lat' dir='ltr'>mandato</span> <span class='ocrx_word' id='word_1_257' title='bbox 706 2428 833 2458; x_wconf 90' lang='lat' dir='ltr'>ministri</span> <span class='ocrx_word' id='word_1_258' title='bbox 866 2429 1033 2467; x_wconf 84' lang='lat' dir='ltr'>generalis,</span> <span class='ocrx_word' id='word_1_259' title='bbox 1058 2429 1102 2459; x_wconf 92' lang='lat' dir='ltr'>vel</span> <span class='ocrx_word' id='word_1_260' title='bbox 1126 2429 1162 2459; x_wconf 91' lang='lat' dir='ltr'>ob</span> 
     </span>
     <span class='ocr_line' id='line_1_55' title="bbox 427 2476 1162 2517; baseline 0.004 -12"><span class='ocrx_word' id='word_1_261' title='bbox 427 2484 514 2514; x_wconf 86' lang='lat' dir='ltr'>grave</span> <span class='ocrx_word' id='word_1_262' title='bbox 537 2485 569 2506; x_wconf 90' lang='lat' dir='ltr'>ac</span> <span class='ocrx_word' id='word_1_263' title='bbox 592 2476 740 2516; x_wconf 88' lang='lat' dir='ltr'>publicum</span> <span class='ocrx_word' id='word_1_264' title='bbox 764 2477 948 2516; x_wconf 89' lang='lat' dir='ltr'>scandalum,</span> <span class='ocrx_word' id='word_1_265' title='bbox 973 2477 1007 2507; x_wconf 91' lang='lat' dir='ltr'>de</span> <span class='ocrx_word' id='word_1_266' title='bbox 1029 2487 1086 2517; x_wconf 91' lang='lat' dir='ltr'>quo</span> <span class='ocrx_word' id='word_1_267' title='bbox 1121 2482 1162 2508; x_wconf 56' lang='lat' dir='ltr'>ta²</span> 
     </span>
     <span class='ocr_line' id='line_1_56' title="bbox 428 2525 1163 2565; baseline 0.004 -12"><span class='ocrx_word' id='word_1_268' title='bbox 428 2533 493 2554; x_wconf 90' lang='lat' dir='ltr'>men</span> <span class='ocrx_word' id='word_1_269' title='bbox 516 2534 631 2564; x_wconf 86' lang='lat' dir='ltr'>semper</span> <span class='ocrx_word' id='word_1_270' title='bbox 652 2527 760 2555; x_wconf 77' lang='lat' dir='ltr'>certIor</span> <span class='ocrx_word' id='word_1_271' title='bbox 792 2525 928 2556; x_wconf 87' lang='lat' dir='ltr'>reddatur</span> <span class='ocrx_word' id='word_1_272' title='bbox 960 2526 1093 2557; x_wconf 87' lang='lat' dir='ltr'>minister</span> <span class='ocrx_word' id='word_1_273' title='bbox 1114 2536 1163 2565; x_wconf 88' lang='lat' dir='ltr'>ge-</span> 
     </span>
     <span class='ocr_line' id='line_1_57' title="bbox 429 2574 1160 2615; baseline 0.004 -12"><span class='ocrx_word' id='word_1_274' title='bbox 429 2574 547 2613; x_wconf 88' lang='lat' dir='ltr'>neralis,</span> <span class='ocrx_word' id='word_1_275' title='bbox 571 2574 692 2614; x_wconf 90' lang='lat' dir='ltr'>eiusque</span> <span class='ocrx_word' id='word_1_276' title='bbox 716 2575 883 2606; x_wconf 83' lang='lat' dir='ltr'>mandatum</span> <span class='ocrx_word' id='word_1_277' title='bbox 900 2580 1080 2615; x_wconf 84' lang='lat' dir='ltr'>expectetur,</span> <span class='ocrx_word' id='word_1_278' title='bbox 1096 2586 1160 2607; x_wconf 93' lang='lat' dir='ltr'>cum</span> 
     </span>
     <span class='ocr_line' id='line_1_58' title="bbox 429 2621 1162 2665; baseline 0.005 -14"><span class='ocrx_word' id='word_1_279' title='bbox 429 2621 534 2661; x_wconf 90' lang='lat' dir='ltr'>quibus</span> <span class='ocrx_word' id='word_1_280' title='bbox 556 2623 641 2652; x_wconf 89' lang='lat' dir='ltr'>etiam</span> <span class='ocrx_word' id='word_1_281' title='bbox 670 2623 836 2663; x_wconf 85' lang='lat' dir='ltr'>superiores</span> <span class='ocrx_word' id='word_1_282' title='bbox 858 2625 984 2655; x_wconf 84' lang='lat' dir='ltr'>actuales</span> <span class='ocrx_word' id='word_1_283' title='bbox 1017 2625 1110 2665; x_wconf 90' lang='lat' dir='ltr'>quoad</span> <span class='ocrx_word' id='word_1_284' title='bbox 1132 2635 1162 2655; x_wconf 87' lang='lat' dir='ltr'>a·</span> 
     </span>
    </p>

    <p class='ocr_par' dir='ltr' id='par_1_14' title="bbox 467 2675 1046 2714">
     <span class='ocr_line' id='line_1_59' title="bbox 467 2675 1046 2714; baseline 0.005 -11"><span class='ocrx_word' id='word_1_285' title='bbox 467 2676 477 2703; x_wconf 89' lang='lat'>1</span> <span class='ocrx_word' id='word_1_286' title='bbox 500 2675 570 2702; x_wconf 84' lang='lat' dir='ltr'>Edit.</span> <span class='ocrx_word' id='word_1_287' title='bbox 592 2676 669 2703; x_wconf 60' lang='grc' dir='ltr'>Μαίη.</span> <span class='ocrx_word' id='word_1_288' title='bbox 691 2677 755 2712; x_wconf 81' lang='lat' dir='ltr'>legit</span> <span class='ocrx_word' id='word_1_289' title='bbox 771 2678 923 2712; x_wconf 74' lang='lat' dir='ltr'>provincia</span> <span class='ocrx_word' id='word_1_290' title='bbox 943 2681 980 2713; x_wconf 75' lang='lat' dir='ltr'>(tt.</span> <span class='ocrx_word' id='word_1_291' title='bbox 999 2679 1046 2714; x_wconf 82' lang='lat' dir='ltr'><strong>T.).</strong></span> 
     </span>
    </p>
   </div>
   <div class='ocr_carea' id='block_1_9' title="bbox 1021 273 1381 299">
    <p class='ocr_par' dir='ltr' id='par_1_15' title="bbox 1021 273 1381 299">
     <span class='ocr_line' id='line_1_60' title="bbox 1021 273 1381 299; baseline 0.003 -1"><span class='ocrx_word' id='word_1_292' title='bbox 1021 273 1202 298; x_wconf 75' lang='lat' dir='ltr'>nuLLAmUM</span> <span class='ocrx_word' id='word_1_293' title='bbox 1227 273 1381 299; x_wconf 64' lang='lat' dir='ltr'>Romnum</span> 
     </span>
    </p>
   </div>
   <div class='ocr_carea' id='block_1_10' title="bbox 2147 0 2182 2423">
    <p class='ocr_par' dir='ltr' id='par_1_16' title="bbox 2147 0 2182 2423">
     <span class='ocr_line' id='line_1_61' title="bbox 2147 0 2182 2423; baseline 0 0"><span class='ocrx_word' id='word_1_294' title='bbox 2147 0 2182 2423; x_wconf 95' lang='lat' dir='ltr'> </span> 
     </span>
    </p>
   </div>
   <div class='ocr_carea' id='block_1_11' title="bbox 1200 274 2151 363">
    <p class='ocr_par' dir='ltr' id='par_1_17' title="bbox 1200 274 2151 363">
     <span class='ocr_line' id='line_1_62' title="bbox 1939 274 2122 304; baseline 0.016 -3"><span class='ocrx_word' id='word_1_295' title='bbox 1939 274 1989 302; x_wconf 75' lang='lat' dir='ltr'>An.</span> <span class='ocrx_word' id='word_1_296' title='bbox 2009 274 2040 303; x_wconf 84' lang='lat' dir='ltr'>G.</span> <span class='ocrx_word' id='word_1_297' title='bbox 2057 275 2122 304; x_wconf 69' lang='lat'><strong>{¹131</strong></span> 
     </span>
     <span class='ocr_line' id='line_1_63' title="bbox 1200 306 2151 363; baseline 0.001 -11"><span class='ocrx_word' id='word_1_298' title='bbox 1200 327 1262 353; x_wconf 90' lang='lat' dir='ltr'>ctus</span> <span class='ocrx_word' id='word_1_299' title='bbox 1284 333 1453 354; x_wconf 90' lang='lat' dir='ltr'>communes</span> <span class='ocrx_word' id='word_1_300' title='bbox 1475 327 1561 362; x_wconf 80' lang='lat' dir='ltr'>agant</span> <span class='ocrx_word' id='word_1_301' title='bbox 1582 331 1647 353; x_wconf 93' lang='lat' dir='ltr'>cum</span> <span class='ocrx_word' id='word_1_302' title='bbox 1670 322 1766 353; x_wconf 83' lang='lat' dir='ltr'>debito</span> <span class='ocrx_word' id='word_1_303' title='bbox 1799 326 1932 363; x_wconf 88' lang='lat' dir='ltr'>respectu</span> <span class='ocrx_word' id='word_1_304' title='bbox 2150 306 2151 343; x_wconf 46' lang='lat' dir='ltr'><strong>f</strong></span> 
     </span>
    </p>
   </div>
   <div class='ocr_carea' id='block_1_12' title="bbox 1200 420 2153 707">
    <p class='ocr_par' dir='ltr' id='par_1_18' title="bbox 1200 420 2151 656">
     <span class='ocr_line' id='line_1_64' title="bbox 1239 420 1935 461; baseline 0.001 -11"><span class='ocrx_word' id='word_1_305' title='bbox 1239 430 1276 451; x_wconf 84' lang='lat' dir='ltr'>iv.</span> <span class='ocrx_word' id='word_1_306' title='bbox 1301 422 1420 451; x_wconf 88' lang='lat' dir='ltr'>Demum</span> <span class='ocrx_word' id='word_1_307' title='bbox 1443 421 1630 459; x_wconf 81' lang='lat' dir='ltr'>sexagenarii</span> <span class='ocrx_word' id='word_1_308' title='bbox 1653 430 1767 461; x_wconf 90' lang='lat' dir='ltr'>quoque</span> <span class='ocrx_word' id='word_1_309' title='bbox 1782 420 1935 460; x_wconf 85' lang='lat' dir='ltr'>sineipso-</span> 
     </span>
     <span class='ocr_line' id='line_1_65' title="bbox 1200 469 1935 510; baseline 0 -11"><span class='ocrx_word' id='word_1_310' title='bbox 1200 479 1264 499; x_wconf 91' lang='lat' dir='ltr'>rum</span> <span class='ocrx_word' id='word_1_311' title='bbox 1287 480 1407 500; x_wconf 87' lang='lat' dir='ltr'>assensu</span> <span class='ocrx_word' id='word_1_312' title='bbox 1439 480 1496 500; x_wconf 89' lang='lat' dir='ltr'>non</span> <span class='ocrx_word' id='word_1_313' title='bbox 1519 474 1709 500; x_wconf 84' lang='lat' dir='ltr'>amoveantur</span> <span class='ocrx_word' id='word_1_314' title='bbox 1731 480 1746 500; x_wconf 93' lang='lat' dir='ltr'>a</span> <span class='ocrx_word' id='word_1_315' title='bbox 1769 469 1935 510; x_wconf 88' lang='lat' dir='ltr'>provincia-</span> 
     </span>
     <span class='ocr_line' id='line_1_66' title="bbox 1201 517 2151 556; baseline 0.001 -9"><span class='ocrx_word' id='word_1_316' title='bbox 1201 517 1276 548; x_wconf 86' lang='lat' dir='ltr'>libus</span> <span class='ocrx_word' id='word_1_317' title='bbox 1298 528 1312 548; x_wconf 93' lang='lat' dir='ltr'>a</span> <span class='ocrx_word' id='word_1_318' title='bbox 1336 524 1480 549; x_wconf 89' lang='lat' dir='ltr'>conventu</span> <span class='ocrx_word' id='word_1_319' title='bbox 1504 529 1603 549; x_wconf 89' lang='lat' dir='ltr'>eorum</span> <span class='ocrx_word' id='word_1_320' title='bbox 1627 519 1797 556; x_wconf 83' lang='lat' dir='ltr'>filiationis,</span> <span class='ocrx_word' id='word_1_321' title='bbox 1821 519 1876 548; x_wconf 89' lang='lat' dir='ltr'>nisi</span> <span class='ocrx_word' id='word_1_322' title='bbox 1898 518 1934 548; x_wconf 90' lang='lat' dir='ltr'>ob</span> <span class='ocrx_word' id='word_1_323' title='bbox 2149 539 2151 554; x_wconf 82' lang='grc'>,</span> 
     </span>
     <span class='ocr_line' id='line_1_67' title="bbox 1200 559 2151 607; baseline 0.001 -11"><span class='ocrx_word' id='word_1_324' title='bbox 1200 576 1287 605; x_wconf 90' lang='lat' dir='ltr'>grave</span> <span class='ocrx_word' id='word_1_325' title='bbox 1309 567 1446 597; x_wconf 88' lang='lat' dir='ltr'>delictum</span> <span class='ocrx_word' id='word_1_326' title='bbox 1462 567 1670 607; x_wconf 88' lang='lat' dir='ltr'>publicumque</span> <span class='ocrx_word' id='word_1_327' title='bbox 1686 567 1867 605; x_wconf 89' lang='lat' dir='ltr'>scandalum,</span> <span class='ocrx_word' id='word_1_328' title='bbox 1887 571 1935 597; x_wconf 89' lang='lat' dir='ltr'>aut</span> <span class='ocrx_word' id='word_1_329' title='bbox 2149 559 2151 563; x_wconf 43' lang='lat'><strong>¹</strong></span> 
     </span>
     <span class='ocr_line' id='line_1_68' title="bbox 1200 616 1684 656; baseline 0.002 -11"><span class='ocrx_word' id='word_1_330' title='bbox 1200 616 1234 646; x_wconf 92' lang='lat' dir='ltr'>de</span> <span class='ocrx_word' id='word_1_331' title='bbox 1258 617 1392 646; x_wconf 84' lang='lat' dir='ltr'>mandato</span> <span class='ocrx_word' id='word_1_332' title='bbox 1416 617 1506 656; x_wconf 87' lang='lat' dir='ltr'>patris</span> <span class='ocrx_word' id='word_1_333' title='bbox 1527 617 1684 655; x_wconf 86' lang='lat' dir='ltr'>generalis.</span> 
     </span>
    </p>

    <p class='ocr_par' dir='ltr' id='par_1_19' title="bbox 1240 665 2153 707">
     <span class='ocr_line' id='line_1_69' title="bbox 1240 665 2153 707; baseline 0.001 -13"><span class='ocrx_word' id='word_1_334' title='bbox 1240 674 1266 694; x_wconf 95' lang='lat' dir='ltr'>v.</span> <span class='ocrx_word' id='word_1_335' title='bbox 1287 665 1476 695; x_wconf 84' lang='lat' dir='ltr'>Declaramus</span> <span class='ocrx_word' id='word_1_336' title='bbox 1500 665 1615 696; x_wconf 80' lang='lat' dir='ltr'>tandem</span> <span class='ocrx_word' id='word_1_337' title='bbox 1631 690 1638 703; x_wconf 97' lang='lat'><strong>‚</strong></span> <span class='ocrx_word' id='word_1_338' title='bbox 1662 665 1737 705; x_wconf 92' lang='lat' dir='ltr'>quod</span> <span class='ocrx_word' id='word_1_339' title='bbox 1770 665 1934 705; x_wconf 83' lang='lat' dir='ltr'>supradicta</span> <span class='ocrx_word' id='word_1_340' title='bbox 1968 682 2025 703; x_wconf 74' lang='lat' dir='ltr'>naec</span> <span class='ocrx_word' id='word_1_341' title='bbox 2040 681 2127 707; x_wconf 58' lang='lat' dir='ltr'>decr-‚ia</span> <span class='ocrx_word' id='word_1_342' title='bbox 2152 681 2153 686; x_wconf 67' lang='lat'>=</span> 
     </span>
    </p>
   </div>
   <div class='ocr_carea' id='block_1_13' title="bbox 1201 706 2153 762">
    <p class='ocr_par' dir='ltr' id='par_1_20' title="bbox 1201 706 2153 762">
     <span class='ocr_line' id='line_1_70' title="bbox 1201 706 2153 762; baseline 0 -18"><span class='ocrx_word' id='word_1_343' title='bbox 1201 714 1313 744; x_wconf 89' lang='lat' dir='ltr'>decreta</span> <span class='ocrx_word' id='word_1_344' title='bbox 1336 719 1364 744; x_wconf 91' lang='lat' dir='ltr'>et</span> <span class='ocrx_word' id='word_1_345' title='bbox 1385 715 1583 744; x_wconf 82' lang='lat' dir='ltr'>ordinationes</span> <span class='ocrx_word' id='word_1_346' title='bbox 1600 724 1656 744; x_wconf 93' lang='lat' dir='ltr'>non</span> <span class='ocrx_word' id='word_1_347' title='bbox 1675 713 1806 752; x_wconf 87' lang='lat' dir='ltr'>obligant</span> <span class='ocrx_word' id='word_1_348' title='bbox 1821 714 1856 744; x_wconf 92' lang='lat' dir='ltr'>ad</span> <span class='ocrx_word' id='word_1_349' title='bbox 1875 714 1934 744; x_wconf 90' lang='lat' dir='ltr'>cul·</span> <span class='ocrx_word' id='word_1_350' title='bbox 1946 706 2128 762; x_wconf 42' lang='lat' dir='ltr'>gancuhjgffss&#39;ssssw‘</span> <span class='ocrx_word' id='word_1_351' title='bbox 2141 719 2153 736; x_wconf 76' lang='grc'>-’</span> 
     </span>
    </p>
   </div>
   <div class='ocr_carea' id='block_1_14' title="bbox 1201 763 1937 989">
    <p class='ocr_par' dir='ltr' id='par_1_21' title="bbox 1201 763 1937 989">
     <span class='ocr_line' id='line_1_71' title="bbox 1202 763 1936 804; baseline 0.001 -12"><span class='ocrx_word' id='word_1_352' title='bbox 1202 773 1279 803; x_wconf 89' lang='lat' dir='ltr'>pam,</span> <span class='ocrx_word' id='word_1_353' title='bbox 1303 764 1353 794; x_wconf 88' lang='lat' dir='ltr'>sed</span> <span class='ocrx_word' id='word_1_354' title='bbox 1376 764 1410 794; x_wconf 90' lang='lat' dir='ltr'>ad</span> <span class='ocrx_word' id='word_1_355' title='bbox 1433 764 1523 794; x_wconf 81' lang='lat' dir='ltr'>solam</span> <span class='ocrx_word' id='word_1_356' title='bbox 1547 773 1668 804; x_wconf 86' lang='lat' dir='ltr'>poenam</span> <span class='ocrx_word' id='word_1_357' title='bbox 1683 789 1690 799; x_wconf 83' lang='lat'>,</span> <span class='ocrx_word' id='word_1_358' title='bbox 1715 764 1772 793; x_wconf 89' lang='lat' dir='ltr'>nisi</span> <span class='ocrx_word' id='word_1_359' title='bbox 1804 763 1853 794; x_wconf 91' lang='lat' dir='ltr'>ubi</span> <span class='ocrx_word' id='word_1_360' title='bbox 1876 763 1936 793; x_wconf 91' lang='lat' dir='ltr'>vio-</span> 
     </span>
     <span class='ocr_line' id='line_1_72' title="bbox 1202 811 1936 852; baseline 0 -10"><span class='ocrx_word' id='word_1_361' title='bbox 1202 812 1277 842; x_wconf 83' lang='lat' dir='ltr'>latur</span> <span class='ocrx_word' id='word_1_362' title='bbox 1299 817 1484 852; x_wconf 85' lang='lat' dir='ltr'>praeceptum</span> <span class='ocrx_word' id='word_1_363' title='bbox 1507 813 1624 852; x_wconf 90' lang='lat' dir='ltr'>aliquod</span> <span class='ocrx_word' id='word_1_364' title='bbox 1647 812 1779 843; x_wconf 90' lang='lat' dir='ltr'>divinum</span> <span class='ocrx_word' id='word_1_365' title='bbox 1802 816 1852 842; x_wconf 87' lang='lat' dir='ltr'>aut</span> <span class='ocrx_word' id='word_1_366' title='bbox 1884 811 1936 842; x_wconf 84' lang='lat' dir='ltr'>Ec-</span> 
     </span>
     <span class='ocr_line' id='line_1_73' title="bbox 1201 861 1937 899; baseline 0 -8"><span class='ocrx_word' id='word_1_367' title='bbox 1201 862 1327 899; x_wconf 85' lang='lat' dir='ltr'>clesiae,</span> <span class='ocrx_word' id='word_1_368' title='bbox 1352 862 1394 892; x_wconf 84' lang='lat' dir='ltr'>vel</span> <span class='ocrx_word' id='word_1_369' title='bbox 1419 861 1581 892; x_wconf 88' lang='lat' dir='ltr'>substantia</span> <span class='ocrx_word' id='word_1_370' title='bbox 1605 862 1692 892; x_wconf 89' lang='lat' dir='ltr'>trium</span> <span class='ocrx_word' id='word_1_371' title='bbox 1727 865 1861 891; x_wconf 90' lang='lat' dir='ltr'>votorum</span> <span class='ocrx_word' id='word_1_372' title='bbox 1893 870 1937 891; x_wconf 89' lang='lat' dir='ltr'>es-</span> 
     </span>
     <span class='ocr_line' id='line_1_74' title="bbox 1201 910 1936 950; baseline -0.001 -10"><span class='ocrx_word' id='word_1_373' title='bbox 1201 911 1377 947; x_wconf 82' lang='lat' dir='ltr'>sentialium,</span> <span class='ocrx_word' id='word_1_374' title='bbox 1402 911 1458 940; x_wconf 88' lang='lat' dir='ltr'>nisi</span> <span class='ocrx_word' id='word_1_375' title='bbox 1480 911 1564 941; x_wconf 88' lang='lat' dir='ltr'>aliter</span> <span class='ocrx_word' id='word_1_376' title='bbox 1586 915 1704 941; x_wconf 81' lang='lat' dir='ltr'>cautum</span> <span class='ocrx_word' id='word_1_377' title='bbox 1726 911 1763 941; x_wconf 87' lang='lat' dir='ltr'>sit</span> <span class='ocrx_word' id='word_1_378' title='bbox 1800 910 1830 940; x_wconf 89' lang='lat' dir='ltr'>in</span> <span class='ocrx_word' id='word_1_379' title='bbox 1864 910 1936 950; x_wconf 89' lang='lat' dir='ltr'>ipsis</span> 
     </span>
     <span class='ocr_line' id='line_1_75' title="bbox 1201 959 1469 989; baseline 0.004 -1"><span class='ocrx_word' id='word_1_380' title='bbox 1201 959 1469 989; x_wconf 78' lang='lat' dir='ltr'>constitutionibus.</span> 
     </span>
    </p>
   </div>
   <div class='ocr_carea' id='block_1_15' title="bbox 1201 1016 2182 2662">
    <p class='ocr_par' dir='ltr' id='par_1_22' title="bbox 1201 1016 2182 2662">
     <span class='ocr_line' id='line_1_76' title="bbox 1246 1016 2130 1060; baseline 0.002 -12"><span class='ocrx_word' id='word_1_381' title='bbox 1246 1017 1260 1059; x_wconf 65' lang='lat' dir='ltr'>g</span> <span class='ocrx_word' id='word_1_382' title='bbox 1285 1016 1314 1049; x_wconf 65' lang='grc' dir='ltr'>ἱ).</span> <span class='ocrx_word' id='word_1_383' title='bbox 1339 1016 1413 1050; x_wconf 89' lang='lat' dir='ltr'>Cum</span> <span class='ocrx_word' id='word_1_384' title='bbox 1440 1022 1569 1056; x_wconf 88' lang='lat' dir='ltr'>autem,</span> <span class='ocrx_word' id='word_1_385' title='bbox 1595 1017 1678 1050; x_wconf 89' lang='lat' dir='ltr'>sicut</span> <span class='ocrx_word' id='word_1_386' title='bbox 1702 1017 1813 1050; x_wconf 88' lang='lat' dir='ltr'>eadem</span> <span class='ocrx_word' id='word_1_387' title='bbox 1839 1027 1938 1060; x_wconf 86' lang='lat' dir='ltr'>expo·</span> <span class='ocrx_word' id='word_1_388' title='bbox 1978 1036 2130 1058; x_wconf 53' lang='lat' dir='ltr'>mmmmm</span> 
     </span>
     <span class='ocr_line' id='line_1_77' title="bbox 1203 1064 2130 1116; baseline 0.001 -15"><span class='ocrx_word' id='word_1_389' title='bbox 1203 1069 1275 1102; x_wconf 88' lang='lat' dir='ltr'>sitio</span> <span class='ocrx_word' id='word_1_390' title='bbox 1301 1069 1527 1112; x_wconf 86' lang='lat' dir='ltr'>subiungebat,</span> <span class='ocrx_word' id='word_1_391' title='bbox 1554 1075 1616 1102; x_wconf 89' lang='lat' dir='ltr'>tam</span> <span class='ocrx_word' id='word_1_392' title='bbox 1643 1071 1710 1113; x_wconf 89' lang='lat' dir='ltr'>ipse</span> <span class='ocrx_word' id='word_1_393' title='bbox 1736 1064 2078 1116; x_wconf 50' lang='lat' dir='ltr'>Bonaventu-,3{},⁰,&#39;,‘,&#39;,‘‚‘„.&#39;{‚³¹‚²⁰</span> <span class='ocrx_word' id='word_1_394' title='bbox 2106 1070 2130 1085; x_wconf 71' lang='lat'>³*</span> 
     </span>
     <span class='ocr_line' id='line_1_78' title="bbox 1204 1123 1936 1166; baseline 0.001 -12"><span class='ocrx_word' id='word_1_395' title='bbox 1204 1133 1237 1155; x_wconf 87' lang='lat' dir='ltr'>ra</span> <span class='ocrx_word' id='word_1_396' title='bbox 1281 1129 1471 1166; x_wconf 85' lang='lat' dir='ltr'>procurator</span> <span class='ocrx_word' id='word_1_397' title='bbox 1508 1124 1692 1165; x_wconf 76' lang='lat' dir='ltr'>generatis,</span> <span class='ocrx_word' id='word_1_398' title='bbox 1728 1134 1823 1166; x_wconf 88' lang='lat' dir='ltr'>quam</span> <span class='ocrx_word' id='word_1_399' title='bbox 1860 1123 1936 1156; x_wconf 91' lang='lat' dir='ltr'>dicti</span> 
     </span>
     <span class='ocr_line' id='line_1_79' title="bbox 1203 1176 1939 1220; baseline 0.001 -12"><span class='ocrx_word' id='word_1_400' title='bbox 1203 1176 1319 1209; x_wconf 84' lang='lat' dir='ltr'>Paulus</span> <span class='ocrx_word' id='word_1_401' title='bbox 1351 1176 1500 1209; x_wconf 87' lang='lat' dir='ltr'>minister</span> <span class='ocrx_word' id='word_1_402' title='bbox 1532 1177 1692 1219; x_wconf 86' lang='lat' dir='ltr'>generalis</span> <span class='ocrx_word' id='word_1_403' title='bbox 1733 1176 1852 1220; x_wconf 87' lang='lat' dir='ltr'>aliique</span> <span class='ocrx_word' id='word_1_404' title='bbox 1889 1187 1939 1209; x_wconf 87' lang='lat' dir='ltr'>re-</span> 
     </span>
     <span class='ocr_line' id='line_1_80' title="bbox 1203 1229 1938 1274; baseline 0 -12"><span class='ocrx_word' id='word_1_405' title='bbox 1203 1229 1308 1272; x_wconf 85' lang='lat' dir='ltr'>ligiosi</span> <span class='ocrx_word' id='word_1_406' title='bbox 1345 1229 1474 1262; x_wconf 87' lang='lat' dir='ltr'>Ordinis</span> <span class='ocrx_word' id='word_1_407' title='bbox 1506 1230 1666 1274; x_wconf 82' lang='lat' dir='ltr'>praefati,</span> <span class='ocrx_word' id='word_1_408' title='bbox 1691 1229 1938 1263; x_wconf 80' lang='lat' dir='ltr'>constitutiones</span> 
     </span>
     <span class='ocr_line' id='line_1_81' title="bbox 1202 1283 1938 1327; baseline -0.001 -11"><span class='ocrx_word' id='word_1_409' title='bbox 1202 1284 1247 1316; x_wconf 88' lang='lat' dir='ltr'>sic</span> <span class='ocrx_word' id='word_1_410' title='bbox 1280 1285 1413 1316; x_wconf 88' lang='lat' dir='ltr'>collatas</span> <span class='ocrx_word' id='word_1_411' title='bbox 1449 1288 1481 1316; x_wconf 89' lang='lat' dir='ltr'>et</span> <span class='ocrx_word' id='word_1_412' title='bbox 1515 1283 1701 1323; x_wconf 84' lang='lat' dir='ltr'>ordinatas,</span> <span class='ocrx_word' id='word_1_413' title='bbox 1728 1294 1792 1327; x_wconf 90' lang='lat' dir='ltr'>quo</span> <span class='ocrx_word' id='word_1_414' title='bbox 1817 1283 1938 1316; x_wconf 83' lang='lat' dir='ltr'>firmius</span> 
     </span>
     <span class='ocr_line' id='line_1_82' title="bbox 1202 1337 1939 1381; baseline 0.001 -12"><span class='ocrx_word' id='word_1_415' title='bbox 1202 1337 1381 1370; x_wconf 84' lang='lat' dir='ltr'>subsistant</span> <span class='ocrx_word' id='word_1_416' title='bbox 1405 1348 1441 1370; x_wconf 86' lang='lat' dir='ltr'>ac</span> <span class='ocrx_word' id='word_1_417' title='bbox 1467 1342 1636 1370; x_wconf 86' lang='lat' dir='ltr'>serventur</span> <span class='ocrx_word' id='word_1_418' title='bbox 1672 1338 1836 1379; x_wconf 80' lang='lat' dir='ltr'>exactius,</span> <span class='ocrx_word' id='word_1_419' title='bbox 1861 1348 1939 1381; x_wconf 86' lang='lat' dir='ltr'>apo-</span> 
     </span>
     <span class='ocr_line' id='line_1_83' title="bbox 1202 1388 1982 1433; baseline -0.003 -9"><span class='ocrx_word' id='word_1_420' title='bbox 1202 1391 1332 1424; x_wconf 89' lang='lat' dir='ltr'>stolicae</span> <span class='ocrx_word' id='word_1_421' title='bbox 1358 1390 1615 1423; x_wconf 81' lang='lat' dir='ltr'>confirmationis</span> <span class='ocrx_word' id='word_1_422' title='bbox 1642 1396 1771 1423; x_wconf 88' lang='lat' dir='ltr'>nostrae</span> <span class='ocrx_word' id='word_1_423' title='bbox 1795 1390 1938 1433; x_wconf 89' lang='lat' dir='ltr'>patroci-</span> <span class='ocrx_word' id='word_1_424' title='bbox 1979 1388 1982 1390; x_wconf 69' lang='grc'><strong>’</strong></span> 
     </span>
     <span class='ocr_line' id='line_1_84' title="bbox 1202 1443 1935 1486; baseline -0.001 -9"><span class='ocrx_word' id='word_1_425' title='bbox 1202 1444 1255 1477; x_wconf 88' lang='lat' dir='ltr'>nio</span> <span class='ocrx_word' id='word_1_426' title='bbox 1281 1443 1471 1477; x_wconf 86' lang='lat' dir='ltr'>communiri</span> <span class='ocrx_word' id='word_1_427' title='bbox 1497 1453 1703 1486; x_wconf 85' lang='lat' dir='ltr'>summopere</span> <span class='ocrx_word' id='word_1_428' title='bbox 1730 1443 1935 1476; x_wconf 86' lang='lat' dir='ltr'>desiderent:</span> 
     </span>
     <span class='ocr_line' id='line_1_85' title="bbox 1201 1496 1938 1541; baseline -0.001 -11"><span class='ocrx_word' id='word_1_429' title='bbox 1201 1508 1268 1537; x_wconf 83' lang='lat' dir='ltr'>nos,</span> <span class='ocrx_word' id='word_1_430' title='bbox 1287 1497 1353 1541; x_wconf 90' lang='lat' dir='ltr'>qui,</span> <span class='ocrx_word' id='word_1_431' title='bbox 1373 1497 1447 1530; x_wconf 88' lang='lat' dir='ltr'>dum</span> <span class='ocrx_word' id='word_1_432' title='bbox 1473 1496 1689 1530; x_wconf 84' lang='lat' dir='ltr'>cardinalatus</span> <span class='ocrx_word' id='word_1_433' title='bbox 1715 1496 1842 1530; x_wconf 87' lang='lat' dir='ltr'>honore</span> <span class='ocrx_word' id='word_1_434' title='bbox 1869 1497 1938 1529; x_wconf 88' lang='lat' dir='ltr'>suu-</span> 
     </span>
     <span class='ocr_line' id='line_1_86' title="bbox 1202 1549 1937 1592; baseline 0 -10"><span class='ocrx_word' id='word_1_435' title='bbox 1202 1551 1376 1592; x_wconf 82' lang='lat' dir='ltr'>gebamur,</span> <span class='ocrx_word' id='word_1_436' title='bbox 1408 1559 1525 1582; x_wconf 89' lang='lat' dir='ltr'>munus</span> <span class='ocrx_word' id='word_1_437' title='bbox 1559 1549 1755 1592; x_wconf 86' lang='lat' dir='ltr'>protectoris</span> <span class='ocrx_word' id='word_1_438' title='bbox 1791 1549 1937 1583; x_wconf 89' lang='lat' dir='ltr'>eiusdem</span> 
     </span>
     <span class='ocr_line' id='line_1_87' title="bbox 1201 1602 1939 1646; baseline -0.003 -10"><span class='ocrx_word' id='word_1_439' title='bbox 1201 1602 1329 1636; x_wconf 89' lang='lat' dir='ltr'>Ordinis</span> <span class='ocrx_word' id='word_1_440' title='bbox 1364 1603 1450 1646; x_wconf 87' lang='lat' dir='ltr'>apud</span> <span class='ocrx_word' id='word_1_441' title='bbox 1486 1602 1603 1635; x_wconf 88' lang='lat' dir='ltr'>Sedem</span> <span class='ocrx_word' id='word_1_442' title='bbox 1632 1602 1848 1646; x_wconf 84' lang='lat' dir='ltr'>Apostolicam</span> <span class='ocrx_word' id='word_1_443' title='bbox 1883 1603 1939 1636; x_wconf 91' lang='lat' dir='ltr'>diu</span> 
     </span>
     <span class='ocr_line' id='line_1_88' title="bbox 1201 1655 1938 1699; baseline 0 -11"><span class='ocrx_word' id='word_1_444' title='bbox 1201 1655 1421 1696; x_wconf 86' lang='lat' dir='ltr'>sustinuimus,</span> <span class='ocrx_word' id='word_1_445' title='bbox 1439 1665 1475 1688; x_wconf 89' lang='lat' dir='ltr'>ac</span> <span class='ocrx_word' id='word_1_446' title='bbox 1497 1655 1683 1696; x_wconf 82' lang='lat' dir='ltr'>etiamnum,</span> <span class='ocrx_word' id='word_1_447' title='bbox 1702 1661 1776 1699; x_wconf 91' lang='lat' dir='ltr'>post</span> <span class='ocrx_word' id='word_1_448' title='bbox 1792 1660 1938 1689; x_wconf 91' lang='lat' dir='ltr'>nostram</span> 
     </span>
     <span class='ocr_line' id='line_1_89' title="bbox 1201 1709 1939 1753; baseline 0 -11"><span class='ocrx_word' id='word_1_449' title='bbox 1201 1709 1452 1753; x_wconf 87' lang='lat' dir='ltr'>assumptionem</span> <span class='ocrx_word' id='word_1_450' title='bbox 1477 1709 1516 1742; x_wconf 89' lang='lat' dir='ltr'>ad</span> <span class='ocrx_word' id='word_1_451' title='bbox 1542 1709 1656 1742; x_wconf 88' lang='lat' dir='ltr'>summi</span> <span class='ocrx_word' id='word_1_452' title='bbox 1682 1710 1881 1753; x_wconf 84' lang='lat' dir='ltr'>apostolatus</span> <span class='ocrx_word' id='word_1_453' title='bbox 1907 1720 1939 1742; x_wconf 87' lang='lat' dir='ltr'>a·</span> 
     </span>
     <span class='ocr_line' id='line_1_90' title="bbox 1201 1762 1937 1806; baseline 0 -11"><span class='ocrx_word' id='word_1_454' title='bbox 1201 1762 1320 1806; x_wconf 82' lang='lat' dir='ltr'>picem,</span> <span class='ocrx_word' id='word_1_455' title='bbox 1338 1762 1530 1802; x_wconf 88' lang='lat' dir='ltr'>retinemus,</span> <span class='ocrx_word' id='word_1_456' title='bbox 1554 1767 1742 1806; x_wconf 85' lang='lat' dir='ltr'>rectamque</span> <span class='ocrx_word' id='word_1_457' title='bbox 1767 1762 1854 1795; x_wconf 90' lang='lat' dir='ltr'>illius</span> <span class='ocrx_word' id='word_1_458' title='bbox 1881 1762 1937 1795; x_wconf 86' lang='lat' dir='ltr'>ad-</span> 
     </span>
     <span class='ocr_line' id='line_1_91' title="bbox 1201 1814 1940 1858; baseline 0 -11"><span class='ocrx_word' id='word_1_459' title='bbox 1201 1815 1469 1848; x_wconf 86' lang='lat' dir='ltr'>ministrationem</span> <span class='ocrx_word' id='word_1_460' title='bbox 1496 1820 1527 1847; x_wconf 87' lang='lat' dir='ltr'>et</span> <span class='ocrx_word' id='word_1_461' title='bbox 1544 1814 1654 1848; x_wconf 87' lang='lat' dir='ltr'>felices</span> <span class='ocrx_word' id='word_1_462' title='bbox 1672 1825 1863 1858; x_wconf 88' lang='lat' dir='ltr'>progressus</span> <span class='ocrx_word' id='word_1_463' title='bbox 1876 1815 1940 1848; x_wconf 89' lang='lat' dir='ltr'>sin-</span> 
     </span>
     <span class='ocr_line' id='line_1_92' title="bbox 1202 1867 1939 1912; baseline 0 -11"><span class='ocrx_word' id='word_1_464' title='bbox 1202 1868 1284 1902; x_wconf 89' lang='lat' dir='ltr'>ceris</span> <span class='ocrx_word' id='word_1_465' title='bbox 1302 1873 1494 1912; x_wconf 83' lang='lat' dir='ltr'>exoptamus</span> <span class='ocrx_word' id='word_1_466' title='bbox 1512 1867 1692 1908; x_wconf 76' lang='lat' dir='ltr'>affectibus,</span> <span class='ocrx_word' id='word_1_467' title='bbox 1709 1869 1839 1901; x_wconf 90' lang='lat' dir='ltr'>illorum</span> <span class='ocrx_word' id='word_1_468' title='bbox 1857 1869 1939 1902; x_wconf 90' lang='lat' dir='ltr'>votis</span> 
     </span>
     <span class='ocr_line' id='line_1_93' title="bbox 1203 1920 1939 1965; baseline 0.001 -11"><span class='ocrx_word' id='word_1_469' title='bbox 1203 1922 1263 1955; x_wconf 87' lang='lat' dir='ltr'>hac</span> <span class='ocrx_word' id='word_1_470' title='bbox 1288 1921 1320 1954; x_wconf 90' lang='lat' dir='ltr'>in</span> <span class='ocrx_word' id='word_1_471' title='bbox 1347 1931 1396 1962; x_wconf 87' lang='lat' dir='ltr'>re,</span> <span class='ocrx_word' id='word_1_472' title='bbox 1423 1927 1578 1964; x_wconf 85' lang='lat' dir='ltr'>quantum</span> <span class='ocrx_word' id='word_1_473' title='bbox 1603 1931 1675 1953; x_wconf 89' lang='lat' dir='ltr'>cum</span> <span class='ocrx_word' id='word_1_474' title='bbox 1699 1920 1835 1954; x_wconf 89' lang='lat' dir='ltr'>Domino</span> <span class='ocrx_word' id='word_1_475' title='bbox 1869 1932 1939 1965; x_wconf 89' lang='lat' dir='ltr'>pos·</span> 
     </span>
     <span class='ocr_line' id='line_1_94' title="bbox 1202 1973 1937 2016; baseline 0 -9"><span class='ocrx_word' id='word_1_476' title='bbox 1202 1984 1332 2016; x_wconf 83' lang='lat' dir='ltr'>sumus,</span> <span class='ocrx_word' id='word_1_477' title='bbox 1358 1973 1578 2007; x_wconf 83' lang='lat' dir='ltr'>favorabiliter</span> <span class='ocrx_word' id='word_1_478' title='bbox 1609 1984 1750 2007; x_wconf 84' lang='lat' dir='ltr'>annuere</span> <span class='ocrx_word' id='word_1_479' title='bbox 1773 1975 1937 2013; x_wconf 83' lang='lat' dir='ltr'>volentes,</span> 
     </span>
     <span class='ocr_line' id='line_1_95' title="bbox 1202 2027 1941 2071; baseline 0.001 -11"><span class='ocrx_word' id='word_1_480' title='bbox 1202 2027 1248 2061; x_wconf 82' lang='lat' dir='ltr'>ac¹</span> <span class='ocrx_word' id='word_1_481' title='bbox 1266 2027 1448 2071; x_wconf 79' lang='lat' dir='ltr'>singulares</span> <span class='ocrx_word' id='word_1_482' title='bbox 1472 2037 1628 2070; x_wconf 86' lang='lat' dir='ltr'>personas</span> <span class='ocrx_word' id='word_1_483' title='bbox 1654 2038 1672 2060; x_wconf 85' lang='lat' dir='ltr'>a</span> <span class='ocrx_word' id='word_1_484' title='bbox 1697 2027 1864 2071; x_wconf 88' lang='lat' dir='ltr'>quibusvis</span> <span class='ocrx_word' id='word_1_485' title='bbox 1890 2038 1941 2061; x_wconf 84' lang='lat' dir='ltr'>ex·</span> 
     </span>
     <span class='ocr_line' id='line_1_96' title="bbox 1203 2081 1939 2124; baseline 0 -10"><span class='ocrx_word' id='word_1_486' title='bbox 1203 2081 1514 2122; x_wconf 84' lang='lat' dir='ltr'>communicationis,</span> <span class='ocrx_word' id='word_1_487' title='bbox 1540 2081 1766 2124; x_wconf 84' lang='lat' dir='ltr'>suspensionis</span> <span class='ocrx_word' id='word_1_488' title='bbox 1792 2086 1823 2115; x_wconf 90' lang='lat' dir='ltr'>et</span> <span class='ocrx_word' id='word_1_489' title='bbox 1843 2081 1939 2115; x_wconf 86' lang='lat' dir='ltr'>inter-</span> 
     </span>
     <span class='ocr_line' id='line_1_97' title="bbox 1204 2134 1938 2178; baseline 0.001 -10"><span class='ocrx_word' id='word_1_490' title='bbox 1204 2135 1300 2176; x_wconf 89' lang='lat' dir='ltr'>dicti,</span> <span class='ocrx_word' id='word_1_491' title='bbox 1335 2135 1472 2178; x_wconf 87' lang='lat' dir='ltr'>aliisque</span> <span class='ocrx_word' id='word_1_492' title='bbox 1498 2134 1724 2168; x_wconf 85' lang='lat' dir='ltr'>ecclesiasticis</span> <span class='ocrx_word' id='word_1_493' title='bbox 1749 2135 1938 2175; x_wconf 83' lang='lat' dir='ltr'>sententiis,</span> 
     </span>
     <span class='ocr_line' id='line_1_98' title="bbox 1204 2189 1940 2232; baseline 0.001 -10"><span class='ocrx_word' id='word_1_494' title='bbox 1204 2189 1347 2222; x_wconf 82' lang='lat' dir='ltr'>censuris</span> <span class='ocrx_word' id='word_1_495' title='bbox 1381 2194 1412 2222; x_wconf 88' lang='lat' dir='ltr'>et</span> <span class='ocrx_word' id='word_1_496' title='bbox 1443 2189 1581 2232; x_wconf 83' lang='lat' dir='ltr'>poenis,</span> <span class='ocrx_word' id='word_1_497' title='bbox 1607 2200 1625 2222; x_wconf 87' lang='lat' dir='ltr'>a</span> <span class='ocrx_word' id='word_1_498' title='bbox 1649 2189 1719 2222; x_wconf 90' lang='lat' dir='ltr'>iure</span> <span class='ocrx_word' id='word_1_499' title='bbox 1745 2190 1794 2223; x_wconf 93' lang='lat' dir='ltr'>vel</span> <span class='ocrx_word' id='word_1_500' title='bbox 1819 2190 1858 2223; x_wconf 83' lang='lat' dir='ltr'>ab</span> <span class='ocrx_word' id='word_1_501' title='bbox 1883 2189 1940 2224; x_wconf 89' lang='lat' dir='ltr'>ho-</span> 
     </span>
     <span class='ocr_line' id='line_1_99' title="bbox 1204 2241 1938 2286; baseline -0.001 -11"><span class='ocrx_word' id='word_1_502' title='bbox 1204 2243 1300 2283; x_wconf 91' lang='lat' dir='ltr'>mine,</span> <span class='ocrx_word' id='word_1_503' title='bbox 1328 2242 1438 2286; x_wconf 84' lang='lat' dir='ltr'>quavis</span> <span class='ocrx_word' id='word_1_504' title='bbox 1463 2242 1633 2276; x_wconf 87' lang='lat' dir='ltr'>occasione</span> <span class='ocrx_word' id='word_1_505' title='bbox 1657 2242 1707 2275; x_wconf 89' lang='lat' dir='ltr'>vel</span> <span class='ocrx_word' id='word_1_506' title='bbox 1738 2245 1833 2276; x_wconf 76' lang='lat' dir='ltr'>causa</span> <span class='ocrx_word' id='word_1_507' title='bbox 1857 2241 1938 2282; x_wconf 87' lang='lat' dir='ltr'>latis,</span> 
     </span>
     <span class='ocr_line' id='line_1_100' title="bbox 1204 2295 1941 2339; baseline 0 -11"><span class='ocrx_word' id='word_1_508' title='bbox 1204 2296 1230 2328; x_wconf 89' lang='lat' dir='ltr'>si</span> <span class='ocrx_word' id='word_1_509' title='bbox 1256 2295 1372 2339; x_wconf 89' lang='lat' dir='ltr'>quibus</span> <span class='ocrx_word' id='word_1_510' title='bbox 1397 2295 1646 2339; x_wconf 88' lang='lat' dir='ltr'>quomodolibet</span> <span class='ocrx_word' id='word_1_511' title='bbox 1669 2295 1843 2329; x_wconf 87' lang='lat' dir='ltr'>innodatae</span> <span class='ocrx_word' id='word_1_512' title='bbox 1876 2295 1941 2329; x_wconf 83' lang='lat' dir='ltr'>exi-</span> 
     </span>
     <span class='ocr_line' id='line_1_101' title="bbox 1205 2347 1942 2392; baseline 0 -10"><span class='ocrx_word' id='word_1_513' title='bbox 1205 2355 1310 2389; x_wconf 90' lang='lat' dir='ltr'>stunt,</span> <span class='ocrx_word' id='word_1_514' title='bbox 1335 2349 1375 2382; x_wconf 87' lang='lat' dir='ltr'>ad</span> <span class='ocrx_word' id='word_1_515' title='bbox 1401 2347 1547 2382; x_wconf 77' lang='lat' dir='ltr'>effectum</span> <span class='ocrx_word' id='word_1_516' title='bbox 1572 2349 1794 2392; x_wconf 84' lang='lat' dir='ltr'>praesentium</span> <span class='ocrx_word' id='word_1_517' title='bbox 1819 2349 1942 2382; x_wconf 89' lang='lat' dir='ltr'>dumta-</span> 
     </span>
     <span class='ocr_line' id='line_1_102' title="bbox 1204 2394 2164 2453; baseline 0 -17"><span class='ocrx_word' id='word_1_518' title='bbox 1204 2408 1256 2436; x_wconf 88' lang='lat' dir='ltr'>xat</span> <span class='ocrx_word' id='word_1_519' title='bbox 1281 2403 1564 2446; x_wconf 86' lang='lat' dir='ltr'>consequendum,</span> <span class='ocrx_word' id='word_1_520' title='bbox 1591 2402 1706 2435; x_wconf 89' lang='lat' dir='ltr'>harum</span> <span class='ocrx_word' id='word_1_521' title='bbox 1732 2402 1815 2436; x_wconf 83' lang='lat' dir='ltr'>serie</span> <span class='ocrx_word' id='word_1_522' title='bbox 1835 2403 1940 2436; x_wconf 88' lang='lat' dir='ltr'>absol·</span> <span class='ocrx_word' id='word_1_523' title='bbox 2158 2394 2164 2453; x_wconf 49' lang='grc' dir='ltr'><em>ξ</em></span> 
     </span>
     <span class='ocr_line' id='line_1_103' title="bbox 1205 2452 2182 2500; baseline -0.001 -11"><span class='ocrx_word' id='word_1_524' title='bbox 1205 2461 1313 2489; x_wconf 87' lang='lat' dir='ltr'>ventes</span> <span class='ocrx_word' id='word_1_525' title='bbox 1340 2461 1371 2489; x_wconf 88' lang='lat' dir='ltr'>et</span> <span class='ocrx_word' id='word_1_526' title='bbox 1395 2456 1562 2489; x_wconf 83' lang='lat' dir='ltr'>absolutas</span> <span class='ocrx_word' id='word_1_527' title='bbox 1586 2456 1655 2490; x_wconf 81' lang='lat' dir='ltr'>sore</span> <span class='ocrx_word' id='word_1_528' title='bbox 1674 2461 1853 2497; x_wconf 61' lang='lat' dir='ltr'>censentes</span> <span class='ocrx_word' id='word_1_529' title='bbox 1871 2467 1942 2500; x_wconf 89' lang='lat' dir='ltr'>sup·</span> <span class='ocrx_word' id='word_1_530' title='bbox 2159 2452 2182 2476; x_wconf 77' lang='lat'>⁴³</span> 
     </span>
     <span class='ocr_line' id='line_1_104' title="bbox 1205 2509 2165 2582; baseline 0.001 -40"><span class='ocrx_word' id='word_1_531' title='bbox 1205 2509 1433 2554; x_wconf 87' lang='lat' dir='ltr'>plicationibus</span> <span class='ocrx_word' id='word_1_532' title='bbox 1468 2520 1528 2553; x_wconf 91' lang='lat' dir='ltr'>pro</span> <span class='ocrx_word' id='word_1_533' title='bbox 1552 2515 1642 2553; x_wconf 88' lang='lat' dir='ltr'>parte</span> <span class='ocrx_word' id='word_1_534' title='bbox 1675 2509 1752 2543; x_wconf 91' lang='lat' dir='ltr'>dicti</span> <span class='ocrx_word' id='word_1_535' title='bbox 1779 2510 1942 2544; x_wconf 86' lang='lat' dir='ltr'>Bonavcn-</span> <span class='ocrx_word' id='word_1_536' title='bbox 2160 2525 2165 2582; x_wconf 32' lang='lat' dir='ltr'><strong>ff</strong></span> 
     </span>
     <span class='ocr_line' id='line_1_105' title="bbox 1206 2563 1942 2608; baseline 0 -12"><span class='ocrx_word' id='word_1_537' title='bbox 1206 2569 1294 2597; x_wconf 88' lang='lat' dir='ltr'>turae</span> <span class='ocrx_word' id='word_1_538' title='bbox 1319 2563 1542 2608; x_wconf 89' lang='lat' dir='ltr'>procuratoris</span> <span class='ocrx_word' id='word_1_539' title='bbox 1570 2563 1730 2607; x_wconf 84' lang='lat' dir='ltr'>generalis</span> <span class='ocrx_word' id='word_1_540' title='bbox 1755 2574 1819 2607; x_wconf 90' lang='lat' dir='ltr'>quo</span> <span class='ocrx_word' id='word_1_541' title='bbox 1844 2573 1942 2607; x_wconf 86' lang='lat' dir='ltr'>supra</span> 
     </span>
     <span class='ocr_line' id='line_1_106' title="bbox 1206 2589 2165 2662; baseline 0 -12"><span class='ocrx_word' id='word_1_542' title='bbox 1206 2617 1336 2650; x_wconf 88' lang='lat' dir='ltr'>nomine</span> <span class='ocrx_word' id='word_1_543' title='bbox 1361 2617 1455 2650; x_wconf 83' lang='lat' dir='ltr'>nobis</span> <span class='ocrx_word' id='word_1_544' title='bbox 1479 2626 1578 2660; x_wconf 86' lang='lat' dir='ltr'>super</span> <span class='ocrx_word' id='word_1_545' title='bbox 1602 2617 1665 2651; x_wconf 82' lang='lat' dir='ltr'>lioc</span> <span class='ocrx_word' id='word_1_546' title='bbox 1685 2616 1851 2651; x_wconf 87' lang='lat' dir='ltr'>humiliter</span> <span class='ocrx_word' id='word_1_547' title='bbox 1866 2626 1942 2662; x_wconf 85' lang='lat' dir='ltr'>por·</span> <span class='ocrx_word' id='word_1_548' title='bbox 2160 2589 2165 2633; x_wconf 60' lang='lat' dir='ltr'>I</span> 
     </span>
    </p>
   </div>
   <div class='ocr_carea' id='block_1_16' title="bbox 1242 2679 1599 2714">
    <p class='ocr_par' dir='ltr' id='par_1_23' title="bbox 1242 2679 1599 2714">
     <span class='ocr_line' id='line_1_107' title="bbox 1242 2679 1599 2714; baseline -0.003 -7"><span class='ocrx_word' id='word_1_549' title='bbox 1242 2682 1251 2706; x_wconf 84' lang='lat'><strong>1</strong></span> <span class='ocrx_word' id='word_1_550' title='bbox 1276 2679 1354 2707; x_wconf 86' lang='lat' dir='ltr'>Deest</span> <span class='ocrx_word' id='word_1_551' title='bbox 1374 2688 1474 2707; x_wconf 81' lang='lat' dir='ltr'>eor-um</span> <span class='ocrx_word' id='word_1_552' title='bbox 1494 2680 1533 2714; x_wconf 80' lang='lat' dir='ltr'>(a.</span> <span class='ocrx_word' id='word_1_553' title='bbox 1549 2680 1599 2714; x_wconf 80' lang='lat' dir='ltr'>T.).</span> 
     </span>
    </p>
   </div>
  </div>
 </body>
</html>
