2182 3137
195 165 247 192 an.
266 165 296 192 e.
319 163 387 191 ¹730
432 154 496 187 ΜΟ

205 227 314 273 ῑιιοωῐμω
342 213 515 247 οὴ-Ιίιῑειίιε
539 212 669 251 firmas,
695 211 816 245 validas
842 216 874 244 et
898 211 1042 244 efficaces
1067 211 1132 243 exi-

195 259 315 276 ΕΘΗῚΠΙΆ.

392 270 479 298 stere
506 271 537 298 et
562 265 641 304 sore,
670 275 812 307 suosque
838 264 1003 308 plenarios
1029 269 1062 297 et
1086 264 1132 297 in-

391 324 502 360 tegros
529 317 661 351 effectos
688 318 796 351 sortiri
823 324 854 351 et
882 317 1033 350 obtinere
1050 345 1057 358 ,
1096 328 1131 351 ae

391 371 476 411 iliis,
504 372 543 404 ad
569 381 650 414 quos
676 375 800 414 spectat
825 377 856 403 et
887 381 947 414 pro
983 376 1132 413 tempore

392 424 579 468 spectabit,
606 424 793 467 plenissime
820 424 986 467 suffragari
1003 451 1010 464 ‚
1037 428 1068 458 et
1092 425 1131 457 ab

393 477 440 511 eis
465 477 646 520 respective
671 477 903 510 inviolabiliter
940 477 1130 518 observari,

393 531 503 574 sicque
528 531 560 562 in
598 530 780 573 praemissis
817 541 876 573 per
913 541 1132 573 quoscumque

395 583 520 616 iudices
554 583 741 616 ordinarios
768 588 799 615 et
825 584 1010 625 delegatos,
1037 583 1133 615 etiam

395 647 564 670 causarum
590 636 700 679 palatii
733 636 905 678 apostolici
944 636 1107 668 auditores
1125 662 1132 675 ,

394 688 529 722 iudicari
556 695 587 722 et
612 689 740 721 deliniri
767 689 903 729 debere,
937 699 973 720 ac
1008 689 1132 722 irritum

395 747 426 775 et
449 741 546 775 inane
567 742 594 774 si
612 752 705 775 secus
730 752 828 785 super
854 742 903 774 liis
921 752 938 774 a
956 752 1132 784 quoquam,

397 796 506 838 quavis
532 796 722 828 auctoritate
743 822 750 835 ,
782 795 922 828 scienter
958 796 1007 827 vel
1046 795 1135 837 igno-

394 854 529 889 ranter,
562 849 735 891 contigerit
771 848 935 880 attentari.
973 848 1044 880 Non
1077 848 1135 880 ob-

395 903 552 936 stantibus
578 901 775 945 praemissis,
793 913 828 934 ae
843 901 1134 934 constitutionibus

396 962 427 989 et
451 955 711 988 ordinationibus
737 954 924 997 apostolicis
941 981 948 993 ‚
985 964 1133 993 necnon,

398 1016 558 1053 quatenus
585 1019 667 1051 opus
694 1009 753 1047 sit,
780 1007 922 1047 Ordinis,
946 1006 1136 1050 provinciae

397 1068 427 1095 et
445 1067 623 1095 conventus
640 1060 839 1100 huiusmodi,
855 1061 1049 1098 iuramento,
1065 1069 1137 1092 con-

396 1115 576 1148 firmatione
603 1114 798 1157 apostolica,
828 1114 876 1145 vel
902 1112 1013 1156 quavis
1038 1112 1137 1144 firmi-

396 1173 458 1202 tate
483 1169 544 1201 alia
569 1167 753 1206 roboratis,
779 1166 905 1199 statutis
933 1171 964 1198 et
1000 1175 1137 1198 consue-

398 1222 582 1261 tudinibus,
609 1220 790 1264 privilegiis
817 1230 968 1263 quoque,
1000 1219 1135 1251 indultis

397 1280 428 1308 et
445 1275 560 1307 litteris
579 1274 767 1317 apostolicis
782 1274 814 1305 in
829 1273 1029 1306 contrarium
1044 1283 1137 1316 prae-

397 1328 571 1360 missorum
598 1326 847 1370 quomodolibet
871 1326 1045 1366 concessis,
1065 1337 1138 1358 eon-

398 1380 530 1413 firmatis
557 1385 589 1413 et
616 1380 802 1419 innovatis·,
840 1379 959 1422 quibus
986 1379 1137 1411 omnibus

397 1438 428 1466 et
454 1433 613 1476 singuliS‚
641 1432 773 1466 illorum
799 1437 932 1465 tenores
958 1432 1138 1475 praesenti-

396 1487 457 1519 bus
482 1497 543 1530 pro
567 1488 666 1530 plene
691 1491 721 1518 et
746 1486 946 1518 sufficienter
976 1485 1138 1528 expressis

397 1550 434 1572 ac
458 1540 498 1572 ad
523 1540 657 1572 verbum
694 1539 824 1572 insertis
856 1539 1037 1578 habentes,
1074 1538 1137 1571 illis

396 1592 476 1625 alias
500 1592 533 1624 in
559 1603 617 1625 suo
653 1592 772 1624 robore
808 1592 1061 1634 permansuris,
1100 1592 1137 1623 ad

396 1646 654 1688 praemissorum
683 1645 844 1684 effectum,
869 1645 928 1677 liae
954 1645 1021 1677 vice
1048 1645 1139 1677 duin-

398 1704 491 1739 taxat,
511 1699 698 1742 specialiter
712 1704 744 1731 et
759 1709 913 1741 expresse
928 1699 1136 1740 derogainus3

397 1752 580 1795 ceterisque
605 1752 778 1784 contrariis
805 1752 1076 1795 quibuscumque.

441 1806 556 1838 Datum
581 1805 717 1846 Romae,
746 1807 833 1849 apud
863 1806 895 1839 S.
923 1806 1053 1838 Mariani
1080 1806 1139 1838 Ma-

397 1859 497 1891 iorem
515 1885 522 1898 ,
548 1859 609 1891 sub
635 1860 755 1892 annulo
789 1860 983 1899 piscatoris,
1011 1860 1063 1892 die
1088 1870 1139 1892 xV1

398 1911 542 1944 octobris
577 1922 725 1945 iiinccxxx
748 1940 755 1952 ,
787 1912 1001 1955 pontificatus
1033 1912 1139 1945 nostri

399 1975 484 1997 anno
509 1976 532 1998 1.

435 2025 496 2052 Dat.
518 2027 565 2053 die
587 2027 619 2054 16
638 2026 757 2053 octobris
779 2027 856 2059 1730,
880 2027 982 2062 pontif.
1007 2036 1079 2053 anno
1100 2034 1117 2053 1.

688 2080 722 2112 F.
751 2081 838 2113 card.
866 2080 1049 2114 Otivifflius.

731 2321 806 2353 xiV.

400 2444 552 2476 Moderno
588 2449 615 2477 el
655 2455 713 2487 pro
752 2449 891 2488 tempore
929 2447 1142 2479 miscentibus

975 164 992 186 B
998 163 1111 186 ULLARI
1117 163 1158 186 UM
1183 163 1292 186 ROMAN
1298 164 1339 186 ΠΜ

1925 165 1975 189 Aa.
1991 162 2021 190 C.
2042 163 2110 193 1730

1384 211 1518 239 clemens
1541 212 1712 245 episcopus,

1359 264 1468 283 servus
1489 263 1648 283 servorum
1668 255 1733 289 Dei,

1290 300 1327 327 ad
1349 303 1530 334 perpetuam
1549 300 1595 329 rei
1615 300 1802 328 memoriam.

1219 371 1369 414 Insignes
1406 371 1565 404 ecclesias
1591 399 1598 412 ,
1634 381 1714 414 quas
1751 370 1919 404 benefieiis
1958 383 2079 406 Exordium.

1176 424 1390 468 amplioribus
1413 425 1523 466 ,divina
1540 425 1711 458 clementia
1728 424 1917 465 cumulavit,

1176 488 1236 510 nec
1261 477 1449 521 temporalis
1471 478 1567 510 niodo
1586 477 1718 511 honoris
1734 477 1844 518 titulis,
1861 477 1920 510 sed

1177 530 1346 573 religionis
1360 531 1567 574 potissimum
1583 536 1615 562 et
1628 530 1806 562 sanctitatis
1817 530 1921 573 splen-

1176 584 1257 616 dore
1283 584 1387 617 voluit
1413 584 1579 624 eminere,
1606 594 1665 626 par
1697 589 1745 616 est
1776 589 1812 616 ut
1842 593 1920 626 apo-

1177 638 1293 670 stoliea
1318 638 1414 670 etiam
1443 637 1577 670 Romani
1605 637 1767 670 Pontisseis
1801 637 1921 669 libera-

1177 692 1248 724 litas
1274 691 1313 724 ad
1340 701 1449 723 sacrae
1481 690 1647 733 dignitatis
1683 690 1919 723 incrementum

1178 744 1361 787 praecipuis
1387 744 1554 777 favoribus
1579 749 1612 776 et
1631 742 1809 787 privilegiis
1826 749 1921 776 ornet

1177 803 1209 831 et
1235 804 1363 840 augeat.

1222 850 1294 893 §1.
1329 850 1408 884 Cum
1442 851 1552 894 itaque
1585 849 1784 883 venerabilis
1820 849 1920 882 frater

1178 903 1317 935 loannes
1343 903 1501 936 Antonius
1532 903 1709 935 modernus
1745 902 1919 945 episcopus

1177 956 1339 995 Aretinus,
1366 962 1498 989 nostrae
1523 956 1700 989 secundum
1719 965 1849 988 carnem
1869 965 1920 987 so-

1178 1009 1261 1042 roris
1286 1009 1380 1049 filius,
1408 1020 1445 1042 ex
1460 1009 1580 1041 Ordine
1595 1009 1729 1041 fratrum
1747 1008 1783 1041 B.
1802 1007 1920 1041 Mariae

1180 1062 1219 1094 de
1245 1061 1352 1094 Monte
1378 1061 1525 1095 Cai‘rnelo
1550 1062 1816 1094 Excalceatorum
1835 1087 1842 1100 ,
1878 1060 1920 1093 ob

1180 1116 1363 1158 praeclaras
1401 1115 1470 1147 eius
1511 1116 1646 1147 virtutes
1686 1115 1725 1147 ad
1766 1113 1920 1146 eeclesiae

1180 1169 1333 1201 Aretinae
1360 1168 1507 1210 regimen
1533 1173 1694 1208 evocatus,
1720 1173 1751 1200 et
1771 1167 1921 1200 cominis-

1180 1232 1233 1254 sae
1260 1222 1320 1254 sibi
1346 1233 1487 1265 sponsae
1513 1222 1655 1262 merita,
1685 1226 1782 1265 prout
1817 1222 1922 1264 prori-

1181 1276 1257 1309 duni
1272 1276 1544 1318 decetsponsum‚
1563 1285 1757 1319 promovere
1775 1274 1919 1318 cupiens,

1180 1329 1275 1362 nobis
1300 1330 1516 1373 exposuerit,
1552 1329 1721 1362 eeclesiam
1755 1328 1921 1361 Aretinam

1181 1383 1365 1415 huiusmodi
1394 1388 1457 1415 tam
1482 1382 1663 1425 conspicuis
1696 1391 1806 1414 sacrae
1840 1382 1921 1414 anti-

1181 1435 1310 1479 quitatis
1335 1436 1547 1477 illibataeque
1569 1434 1736 1477 religionis
1754 1443 1923 1467 ornamen-

1182 1489 1220 1521 tis
1240 1516 1247 1528 ‚
1291 1491 1443 1531 tantaque
1484 1488 1642 1520 dioecesis
1683 1487 1896 1530 amplitudine
1913 1513 1920 1525 ,

1181 1543 1258 1576 cleri
1285 1542 1467 1585 populique
1493 1548 1524 1574 et
1545 1543 1756 1574 vassallorum
1771 1541 1924 1584 frequen-

1183 1596 1224 1628 tia
1250 1595 1423 1635 celebrari,
1453 1601 1487 1627 ut
1512 1596 1596 1627 iuter
1632 1595 1802 1637 primarias
1829 1594 1922 1626 Etru-

1182 1649 1249 1682 riae
1275 1659 1340 1681 non
1367 1649 1528 1681 immerito
1555 1653 1763 1681 numeretur:
1790 1658 1860 1680 eam
1877 1647 1923 1679 ni-

1181 1704 1297 1735 mirum
1324 1702 1418 1735 nobis
1444 1708 1476 1734 et
1498 1702 1572 1735 Sedi
1587 1701 1796 1744 Apostolieae
1813 1700 1924 1733 imme-

1183 1756 1268 1788 diate
1301 1756 1504 1795 subiectam,
1543 1760 1574 1787 et
1609 1754 1672 1787 fide
1707 1754 1921 1796 incorrupta,

1182 1815 1408 1853 perpetuoque
1433 1808 1672 1842 communionis
1698 1808 1828 1841 foedere
1851 1818 1924 1840 con-

1183 1864 1351 1904 iunctam,
1385 1863 1471 1896 beati
1505 1862 1610 1906 Satyri
1647 1862 1742 1905 primi
1779 1862 1924 1895 eiusdem

1184 1917 1341 1949 ecelesiae
1368 1916 1519 1950 Aretinae
1544 1916 1707 1956 antistitis,
1724 1914 1923 1948 successoris

1184 1970 1252 2002 eius
1278 1970 1404 2010 Donati,
1432 1970 1636 2012 aliorumque
1662 1979 1716 2001 sex
1738 1974 1924 2001 sanctorum

1185 2022 1412 2066 episcoporum
1438 2023 1562 2056 meritis
1588 2028 1620 2055 et
1644 2021 1818 2054 virtutibus
1854 2021 1924 2054 illu-

1185 2076 1310 2116 sti·ai·i;
1345 2082 1502 2119 martyres
1539 2076 1635 2109 etiam
1671 2075 1761 2108 caelo
1795 2074 1922 2107 dedisse

1185 2130 1396 2171 complures,
1436 2139 1611 2172 eorumque
1652 2129 1715 2161 duo
1751 2127 1853 2160 millia
1893 2133 1944 2160 et.

1184 2188 1357 2215 sexcentos
1385 2185 1448 2214 una
1473 2183 1524 2215 die
1561 2182 1661 2214 fuisse
1697 2191 1758 2224 pro
1794 2179 1924 2213 Christo

1184 2234 1379 2274 immolatos,
1397 2246 1535 2278 quorum
1554 2235 1700 2278 reliquiis
1719 2234 1816 2267 etiam
1837 2243 1924 2265 nune

1183 2287 1378 2320 cathedralis
1412 2288 1559 2331 aliaeque
1590 2289 1747 2322 ecclesiae
1779 2288 1925 2330 locuple-

1185 2346 1309 2381 tantur·,
1338 2341 1512 2374 dioecesim
1538 2352 1670 2385 quoque
1696 2346 1761 2373 tam
1786 2341 1849 2373 late
1866 2350 1925 2372 un-

1185 2394 1283 2436 dique
1309 2401 1421 2438 patere
1447 2400 1544 2438 atque
1560 2395 1756 2434 diffundi,ut
1771 2395 1923 2428 undecim
2181 2432 2182 2438 ἵ

1186 2448 1330 2481 finitimis
1357 2448 1564 2482 dioecesibus
1590 2450 1788 2489 terminetur,
1815 2450 1925 2492 ingen·
2181 2451 2182 2485 i

1969 857 2052 889 Causae
2066 862 2115 879 con*

1932 890 2043 909 cessionis.

446 2497 594 2530 Arelini's
619 2499 775 2541 episcopis
792 2499 895 2541 pallii
919 2510 997 2532 usus
1022 2504 1049 2532 el
1072 2511 1143 2532 crit·
1185 2501 1274 2544 tique
1300 2501 1478 2535 animarum
1503 2513 1639 2536 numero
1663 2503 1872 2546 frequentari,
1892 2503 1924 2535 in
2181 2490 2182 2525 i

446 2551 490 2582 cis
517 2552 680 2594 praelatio
708 2554 863 2596 perpelud
887 2553 1120 2587 conceduntur.

1186 2555 1359 2599 parochias
1385 2562 1545 2590 tercentus
1571 2563 1602 2590 et
1626 2557 1791 2599 sexaginta
1817 2556 1925 2589 distri-
