2182 3137
59 221 108 247 An.
131 219 160 245 C.
178 217 247 245 1730

59 280 151 309 poliandi
176 280 240 300 sarul-

59 312 123 330 tatem
138 312 178 327 non
204 306 241 325 ha-

58 336 130 356 heaut.

92 858 242 880 {nonachorum

61 886 162 908 iudicium
179 891 243 910 pene»

76 911 180 934 oneralem
206 912 244 929 ⁴¹¹¹-

77 939 122 960 inis.

65 1993 94 2015 De
114 1993 246 2015 incorriaitn-

64 2021 118 2041 libus
141 2020 247 2045 expellen-

64 2048 95 2067 dis
107 2049 127 2067 et
143 2047 246 2073 expulsio-

64 2074 95 2094 nis
110 2073 180 2094 modo.

898 212 1040 235 CLEMENS
1067 213 1111 234 xit
1137 213 1186 235 PP-

253 265 390 295 monachi
413 264 636 303 delinquentes3
657 265 686 291 et
707 261 806 291 nullus
829 261 923 290 nostri
945 259 998 290 Or-

253 315 329 344 dinis
353 314 432 354 prior
461 312 610 352 expoliare
642 310 743 340 habitu
776 309 868 349 possit
900 318 999 338 mona-

254 363 353 400 chum,
371 361 559 401 quantumvis
581 359 788 398 gravissimum
812 358 849 387 sit
872 357 934 387 eius
951 357 1000 386 de-

254 411 373 442 lictum:
405 411 500 449 ipsum
535 418 601 438 vero
635 412 818 437 carceratum
851 406 997 442 retineat,

254 469 347 498 usque
370 459 437 488 dum
467 457 657 497 provideatur
679 465 694 485 a
716 455 845 494 capitulo
867 454 999 492 generali

253 508 314 537 sive
337 517 351 536 a
375 511 457 546 patre
480 506 622 544 generali.

294 565 324 585 11.
348 555 480 585 Monaelii
495 550 513 591 ,'
526 554 575 593 qui
599 553 710 583 crimen
735 551 852 591 aliquod
875 552 938 581 iure
960 551 1002 580 ci-

256 604 305 634 vili
328 603 474 643 corporali
505 607 598 632 morte
632 601 818 641 plectendum
842 610 911 629 suae
935 610 1002 638 pro-

256 652 392 682 tessionis
425 651 508 680 obliti
544 650 802 690 perpetraverint,
827 659 839 678 a
874 649 1001 688 capitulo

255 701 385 739 generali
418 704 467 729 aut
502 701 638 738 privato,
672 699 716 728 vel
751 708 766 727 a
798 697 1001 728 visitatoribus

255 748 443 787 generalibus
466 748 500 777 ad
522 756 669 777 carcerem
695 751 870 786 perpetuum
894 746 1002 776 conde-

256 802 404 827 mnentur.

294 856 336 877 111.
361 847 399 876 Ex
423 846 544 876 indultis
567 855 581 875 a
605 850 706 874 sancto
730 845 779 874 l'io
796 845 817 872 V
833 849 932 874 nostro
949 844 1000 874 Or-

254 896 315 926 dini
338 895 499 932 concessis,
517 900 599 934 pater
615 895 761 931 generalis
778 903 829 934 per
844 904 874 924 se
891 895 999 933 ipsum,

254 954 306 974 seu
329 945 391 973 eius
415 944 566 974 ministros
588 943 767 980 saeculares,
785 943 829 972 vel
853 943 938 973 etiam
959 943 1002 972 di-

255 993 292 1023 cti
315 992 435 1023 Ordinis
458 993 620 1030 regulares,
642 993 729 1021 etiam
754 992 911 1031 professos,
935 1001 1001 1030 apo-

254 1042 357 1072 stolica
376 1042 548 1071 auctoritate
565 1041 669 1080 punire
688 1045 717 1071 et
732 1041 880 1079 corrigere
897 1041 1002 1080 poterit

256 1091 415 1120 monachos
439 1099 695 1129 quorumcumque
714 1090 871 1119 criminum
889 1095 917 1119 et
933 1090 1003 1119 deli-

255 1145 370 1170 ctorum
395 1149 472 1178 reos,
498 1140 686 1179 quantumvis
705 1139 803 1177 gravia
821 1143 848 1168 et
871 1139 1002 1168 enormia

256 1189 385 1226 fuerint·,
409 1189 458 1218 sed
483 1189 512 1218 in
535 1188 669 1224 casibus,
692 1188 721 1217 111
752 1187 859 1227 quibus
882 1188 917 1217 de
939 1188 1003 1217 iure

255 1238 406 1267 communi
430 1247 523 1276 poena
547 1237 650 1266 mortis
667 1237 762 1266 locum
785 1236 893 1266 habere
911 1241 1003 1275 potest

255 1291 284 1316 et
303 1286 401 1324 debet,
417 1286 528 1315 eisdem
542 1285 695 1315 monachis
708 1285 808 1315 taliter
830 1286 1005 1324 delinquen-

257 1334 335 1365 tibus
359 1344 507 1365 carcerem
542 1339 717 1374 perpetuum
748 1334 792 1363 vel
824 1334 859 1363 ad
889 1338 1004 1374 tempus

256 1384 359 1414 eadem
391 1384 553 1423 apostoliea
585 1383 758 1413 auctoritate
791 1383 860 1413 dare
883 1388 911 1413 et
933 1384 1004 1413 assi-

256 1443 359 1472 gnare,
384 1443 417 1463 ac
440 1434 506 1463 illos
536 1434 565 1462 in
595 1442 711 1463 carcere
740 1433 908 1462 huiusmodi
931 1433 1003 1463 deti-

257 1483 322 1513 neri
340 1483 448 1519 facere,
465 1486 515 1512 aut
532 1482 598 1511 illos
617 1482 652 1511 ad
675 1481 810 1511 triremes
833 1483 920 1511 etiam
939 1492 1005 1521 per-

258 1537 345 1571 petuo
377 1532 420 1561 vel
444 1532 479 1561 ad
517 1536 632 1571 tempus
655 1531 852 1561 condemnare
876 1536 904 1561 et
930 1532 1005 1561 rele-

258 1590 347 1619 gare,
373 1583 459 1620 prout
481 1580 568 1610 etiam
593 1580 693 1609 habitu
715 1580 863 1618 expoliare
893 1582 1001 1619 poterit

258 1634 317 1659 tam
329 1630 358 1659 in
372 1629 502 1667 generali
522 1629 565 1658 vel
583 1628 613 1657 in
628 1628 741 1667 privato
758 1629 897 1667 capitulo,
915 1638 1002 1667 quam

257 1678 281 1707 si
304 1677 384 1707 solus
407 1677 566 1716 procedere
594 1677 662 1706 velit
691 1677 768 1706 inter
791 1677 952 1715 capitulum
976 1681 1004 1707 et

258 1727 441 1765 capitulum,
461 1726 652 1755 dunnnodum
677 1730 773 1755 tamen
797 1726 831 1755 ad
854 1726 883 1755 id
906 1727 1002 1756 senio-

257 1785 323 1806 rum
346 1776 444 1814 gravis
475 1779 503 1806 et
525 1776 631 1805 maturi
664 1776 780 1805 consilii
804 1776 834 1805 in
860 1777 1003 1814 regimine

257 1829 445 1864 expertorum
470 1824 588 1854 accedat
616 1833 754 1854 assensus
769 1848 776 1860 ,
800 1829 831 1854 ut
864 1826 951 1855 latius
974 1826 1002 1855 in

258 1873 399 1903 Breribus
422 1873 591 1912 apostolicis
619 1873 746 1912 desuper
768 1873 913 1912 expeditis
936 1884 1004 1904 con-

257 1923 379 1952 tiuetur.

298 1979 337 2000 ix.
362 1970 392 2000 In
416 1970 561 2000 sententia
586 1970 767 2009 expulsionis
783 1980 797 2000 a
815 1973 917 2000 nostra
939 1972 1006 2001 reli-

257 2020 345 2057 gione
375 2019 493 2049 omnino
527 2023 660 2048 servetur
691 2019 782 2048 Breve
805 2024 833 2048 et
856 2020 1003 2050 decretum

257 2069 353 2098 felicis
377 2068 589 2097 recordationis
612 2068 721 2097 Urbani
744 2068 822 2105 Ylll,
848 2069 1005 2108 omniaque

257 2126 332 2156 quae
354 2117 382 2146 iu
400 2126 433 2145 eo
457 2116 650 2155 praescripta,
669 2116 822 2146 videlicet:

299 2166 379 2201 Quod
396 2166 496 2195 nullus
518 2166 611 2195 nostri
627 2164 745 2195 Ordinis
763 2166 921 2195 monachus
938 2175 1006 2205 pro-

259 2217 352 2246 tessus
377 2215 467 2254 possit
489 2215 518 2244 in
545 2218 694 2254 posterum
719 2214 820 2244 habitu
839 2215 1003 2254 expoliari,

258 2264 294 2294 ab
308 2274 401 2303 eoque
413 2263 531 2303 expelli,
545 2263 616 2302 quin
633 2263 671 2292 sit
690 2273 757 2293 vere
774 2263 1002 2302 incorrigibilis:

299 2312 514 2350 Ineorrigibilis
536 2312 706 2341 nullatenus
736 2312 882 2342 iudicetur
906 2322 1006 2342 mona-

260 2363 345 2398 chus,
369 2362 426 2391 nisi
449 2366 625 2391 concurrant
648 2362 762 2399 omnia,
787 2372 861 2401 quae
884 2362 918 2392 de
941 2363 1005 2392 iure

261 2409 453 2449 requiruntur
469 2432 477 2445 ,
501 2413 533 2438 ut
554 2410 765 2448 incorrigibilis
789 2415 1004 2450 praesumatur.

263 2459 294 2488 Et
319 2462 473 2498 propterea
505 2457 644 2497 probetur
672 2459 863 2498 poenitentiis
886 2463 913 2489 et
935 2459 1008 2489 ieiu-

263 2508 319 2537 niis
343 2516 394 2546 per
423 2507 552 2546 spatium
574 2517 623 2536 sex
647 2508 792 2537 meusium
825 2509 856 2538 in
882 2509 1008 2538 carceri-

266 2557 318 2586 bus
334 2555 516 2592 monasterii,
533 2555 609 2585 sicut
628 2556 806 2586 moderando
822 2557 938 2587 decreta
956 2557 1009 2587 Ur-

265 2605 332 2635 bani
356 2605 418 2635 Ylll
441 2605 584 2645 disposuit
606 2605 794 2635 Innocentius
818 2606 886 2635 Xll:

334 2664 411 2691 Rutt.
436 2665 519 2690 Rom.
538 2680 571 2683 —
593 2665 653 2690 Vol.
678 2664 786 2690 XXIII.
936 2664 968 2690 13

1082 259 1110 289 Si
1140 264 1289 289 transacto
1321 260 1398 289 dieto
1430 259 1523 299 spatio
1558 260 1698 298 temporis
1728 269 1787 289 non

1041 308 1220 346 resipiscat,
1244 308 1456 347 induratusque
1490 313 1658 348 perseveret
1681 308 1709 337 in
1734 310 1788 338 sua

1042 356 1267 395 impoenitentia
1290 362 1318 386 et
1341 357 1609 395 incorrigibilitate,
1627 358 1718 396 possit
1740 367 1788 387 ex-

1044 405 1112 444 pelli
1135 414 1149 433 a
1173 406 1315 443 religione
1339 410 1485 445 tamquam
1508 406 1671 435 membrum
1695 406 1788 445 putri-

1043 450 1112 482 1111111
1133 464 1140 486 ;
1164 454 1214 483 sed
1245 455 1395 483 dumtaxat
1419 464 1431 484 a
1457 459 1538 494 patre
1567 455 1698 492 generali
1721 464 1787 484 cum

1043 503 1166 531 consilio
1189 508 1215 531 et
1240 512 1358 532 assensu
1394 513 1446 532 sex
1477 508 1591 543 patrum
1621 505 1787 543 graviorum

1042 550 1215 587 religionis,
1241 551 1269 580 in
1293 552 1417 589 singulis
1440 552 1575 591 capitulis
1600 552 1788 590 generalibus

1043 600 1078 628 ad
1101 599 1128 628 id
1153 599 1388 638 deputandorum
1413 604 1439 629 et
1463 600 1675 639 eligendorum,
1700 602 1789 631 sacto-

1044 658 1100 687 que
1114 649 1240 687 primum
1259 649 1454 688 etcompilato
1478 659 1626 688 processu,
1646 651 1789 690 pleneque

1045 697 1173 736 probatis
1196 697 1292 726 causis
1314 698 1507 736 expulsionis,
1529 699 1610 727 iuxta
1633 700 1789 729 canonicas

1044 746 1223 783 sanctiones,
1242 746 1348 784 stylum
1368 750 1395 775 et
1411 747 1636 776 constitutiones
1652 747 1787 778 Ordinis:

1084 794 1232 833 Expulsus
1266 798 1382 823 maneat
1415 794 1564 824 subiectus
1594 795 1790 826 iurisdictioni

1045 847 1072 872 et
1091 843 1274 873 obedientiae
1297 843 1447 873 Ordinarii
1471 844 1648 881 dioecesani,
1664 845 1792 874 incedat-

1045 902 1100 930 que
1117 892 1146 921 111
1164 892 1265 922 habitu
1289 892 1430 927 clericali,
1449 893 1540 922 donec
1560 893 1594 922 ad
1618 893 1789 931 religionem

1045 946 1222 971 revertatur.
1248 941 1347 980 ltaque
1377 946 1459 980 pater
1487 942 1632 980 generalis
1656 947 1791 972 teneatur

1045 991 1220 1020 sententiam
1253 991 1434 1030 expulsionis
1457 991 1612 1021 Ordinario
1640 992 1791 1021 notificare

1045 1039 1074 1069 111
1094 1040 1195 1069 eodem
1218 1040 1424 1079 exequutionis
1448 1044 1597 1079 tempore:

1085 1089 1167 1117 Nulli
1190 1098 1223 1118 ex
1248 1089 1403 1127 praedictis
1425 1089 1554 1128 expulsis
1576 1089 1689 1119 litterae
1713 1089 1793 1119 testi-

1046 1137 1187 1167 moniales
1221 1137 1402 1176 expulsionis
1434 1138 1651 1175 concedantur3
1675 1138 1724 1167 sed
1754 1138 1789 1167 ad

1046 1190 1176 1215 sanctam
1192 1185 1294 1215 Sedent
1308 1186 1504 1224 Apostolicam
1529 1187 1726 1223 remittantur,
1745 1187 1790 1216 vel

1047 1235 1125 1273 ipsos
1159 1235 1313 1264 hortentur
1341 1236 1417 1273 qued
1447 1236 1476 1264 iu
1509 1236 1595 1264 aliam
1618 1236 1790 1274 religionem

1047 1283 1272 1321 ingrediantur:

1088 1333 1208 1371 Expulsi
1225 1337 1362 1362 maneant
1384 1333 1519 1371 suspensi
1536 1332 1571 1361 ab
1591 1334 1732 1363 exercitio
1748 1344 1792 1364 or-

1047 1381 1149 1410 dinum
1172 1386 1376 1420 susceptorum
1401 1386 1459 1411 toto
1485 1386 1615 1421 tempore
1634 1392 1691 1422 quo
1710 1388 1790 1412 extra

1047 1431 1219 1468 religionem
1240 1431 1383 1460 vixerint:
1407 1431 1519 1460 sublata
1539 1432 1683 1470 episcopis
1700 1431 1793 1462 9101·-

1047 1480 1169 1509 dinariis
1193 1480 1322 1509 locorum
1339 1480 1476 1509 facultate
1493 1480 1661 1510 moderandi
1688 1481 1732 1511 vel
1748 1491 1793 1511 re-

1046 1528 1162 1558 laxandi
1189 1529 1297 1558 dictam
1321 1529 1559 1567 suspensionem,
1584 1529 1791 1569 licentiamque

1045 1577 1104 1607 illis
1127 1578 1304 1607 concedendi
1323 1578 1356 1606 ad
1381 1578 1556 1607 exercitium
1580 1578 1724 1608 dictorum
1748 1589 1793 1608 or-

1045 1626 1158 1656 diuum.

1085 1675 1163 1710 Quae
1187 1675 1282 1704 omnia
1307 1679 1334 1704 et
1357 1675 1472 1713 singula
1497 1675 1550 1704 sub
1575 1676 1674 1714 poenis
1699 1676 1793 1715 priva-

1046 1725 1134 1755 tionis
1157 1725 1288 1754 omnium
1318 1724 1505 1760 officiorum,
1530 1728 1557 1753 et
1580 1725 1659 1754 vocis
1682 1726 1792 1755 activae

1046 1779 1073 1804 et
1096 1775 1250 1813 passivae.
1276 1773 1533 1811 inhabilitatisspie
1567 1778 1724 1813 perpetuae
1757 1774 1790 1803 ad

1046 1824 1093 1853 illa
1118 1828 1145 1853 et
1169 1823 1223 1851 alia
1248 1823 1437 1861 imposterum
1461 1822 1638 1859 obtinenda,
1659 1833 1725 1852 cum
1750 1833 1794 1853 re-

1046 1872 1213 1901 servatione
1235 1871 1379 1900 diet-arum
1403 1880 1560 1909 poenarum
1583 1870 1647 1900 Sedi
1673 1873 1794 1909 Aposto-

1047 1921 1132 1956 licae,
1158 1924 1241 1959 prout
1260 1919 1382 1948 indicto
1406 1919 1502 1955 liri-ri,
1527 1920 1720 1958 imposterum
1743 1920 1794 1949 ob-

1047 1970 1158 1998 servari
1182 1968 1387 2003 decernimus,
1412 1972 1439 1997 et
1462 1968 1577 1997 irritum
1601 1978 1633 1997 ae
1656 1970 1742 1998 inane
1765 1974 1793 1998 ct

1048 2018 1209 2047 invalidum
1226 2027 1311 2046 omne
1328 2017 1399 2046 illud
1422 2017 1498 2055 quod
1521 2022 1620 2046 contra
1646 2018 1792 2056 praedicta

1048 2067 1138 2096 suerit
1161 2068 1280 2102 tactum,
1306 2065 1499 2095 declaramus.

1087 2115 1184 2154 Stglus
1207 2124 1274 2152 ergo
1297 2118 1325 2143 et
1348 2114 1446 2152 praxis
1470 2114 1498 2143 in
1523 2119 1671 2153 posterum
1696 2114 1795 2144 obser-

1049 2165 1140 2193 vanda
1164 2164 1241 2199 erit,
1266 2163 1342 2202 quod
1366 2163 1534 2192 visitatores
1557 2169 1606 2193 aut
1630 2163 1741 2192 iudices
1764 2164 1792 2192 in

1048 2214 1109 2243 suis
1132 2213 1286 2243 sententiis
1319 2213 1469 2241 declarent
1502 2213 1679 2241 monachum
1702 2212 1794 2241 delin-

1049 2267 1188 2303 quentem
1207 2262 1243 2291 ol)
1259 2271 1309 2291 sua
1333 2262 1436 2290 delicta
1462 2261 1562 2290 habitu
1587 2260 1792 2299 exptrnliandum

1049 2322 1112 2342 esse
1128 2316 1156 2341 et
1175 2321 1188 2340 a
1213 2311 1355 2348 religione
1379 2310 1583 2349 expellendum
1598 2320 1605 2343 ·,
1622 2314 1710 2347 atque
1729 2318 1794 2338 sen-

1050 2361 1158 2391 tentiae
1189 2360 1415 2398 exesptutionem
1444 2359 1593 2387 remittant
1625 2358 1659 2386 ad
1684 2361 1794 2396 patrem

1050 2410 1230 2448 generalem,
1249 2409 1310 2447 qui,
1332 2409 1392 2437 viso
1412 2412 1439 2436 vt
1454 2408 1619 2436 examinato
1643 2416 1792 2445 processu,

1052 2458 1208 2497 habitoque
1232 2457 1355 2486 consilio
1372 2461 1399 2485 et
1415 2465 1560 2484 consensu
1583 2455 1726 2484 dictorum
1745 2464 1794 2484 sex

1052 2511 1166 2546 patrum
1195 2517 1209 2535 a
1233 2505 1361 2544 capitulo
1384 2504 1513 2542 generali
1538 2503 1794 2541 assiguamlorum,

1051 2555 1205 2585 confirmet
1229 2553 1271 2582 rel
1295 2553 1424 2582 infirmet
1446 2552 1632 2589 sententiam,
1658 2551 1798 2591 proutiu-

1051 2609 1129 2634 stum
1151 2602 1308 2632 videbitur.

1707 201 1749 234 97
1796 210 1845 236 An.
1868 208 1986 236 C.173O
