2182 3137
200 157 254 182 An.
271 157 298 181 L.
325 155 392 181 ¹73o

239 1481 254 1500 Α
273 1480 382 1500 monachis

200 1508 248 1527 aute
264 1507 337 1527 viatici
349 1512 381 1526 re·

198 1533 317 1559 ceptionem
328 1534 381 1553 tota·

199 1560 224 1580 lis
253 1565 322 1580 rerum
351 1559 382 1579 fa-

198 1585 275 1606 cienda
287 1586 383 1611 abnega-

214 2166 275 2189 Quod
290 2171 331 2186 non
348 2171 384 2185 ae-

203 2195 299 2218 eeptetur
337 2197 383 2212 exev

203 2221 278 2245 quutto
320 2221 385 2239 testa>

203 2246 268 2265 menti
292 2245 337 2265 sine
362 2245 385 2265 li·

201 2271 279 2292 cantia.

396 202 513 242 propria
535 203 690 241 degentes,
720 202 871 233 celebrare
894 206 1051 233 teneantur
1072 203 1139 233 uni-

396 259 460 280 cam
483 251 603 281 missam
615 260 667 291 pro
682 251 809 290 singulis
825 251 976 282 monachis
992 251 1138 282 dictorum

396 299 661 337 monasteriorum,
694 299 745 339 qui
768 309 783 330 e
811 300 870 331 vita
899 300 1099 338 decesserint3
1124 309 1139 330 e

397 357 538 378 converso
561 349 672 388 pariter
694 349 803 387 singuli
825 349 962 380 monachi
994 349 1139 380 dictorum

396 397 656 434 monasteriorum,
680 397 730 427 ubi
754 398 883 437 hospites
905 403 1138 437 commorantur,

396 446 527 484 singulas
550 446 654 476 missas
676 445 829 476 celebrare
844 451 1000 477 teneantur
1015 456 1067 486 pro
1085 447 1140 477 hu-

396 494 522 524 iusmodi
555 494 706 524 monachis
739 495 926 534 hospitibus,
961 495 1078 535 quando
1108 496 1139 525 in

396 543 483 573 dictis
514 543 703 573 monasteriis
735 553 750 573 e
778 543 838 574 vita
870 544 1080 582 migraverint;
1115 544 1139 574 si

397 601 466 621 vero
488 600 547 621 non
570 591 679 622 fuerint
700 592 868 623 sacerdotes
899 593 935 623 ad
963 593 1070 623 missae
1093 602 1141 623 ae-

395 640 605 680 quivalentium
628 641 781 671 dicendam
810 642 947 672 monachi
970 646 1136 679 teneantur;

396 693 545 728 praeterea
568 689 599 719 in
621 689 757 719 omnibus
786 690 972 720 monasteriis
1004 690 1140 720 dicantur

395 746 498 767 omnes
533 738 640 768 missae
671 738 950 769 confraternitatum
983 748 1055 778 quas
1089 739 1139 768 ha-

395 785 465 816 bent
488 790 547 816 tam
579 795 646 816 cum
675 787 735 816 suis
767 787 919 817 monachis
952 796 1039 827 quam
1071 796 1138 817 cum

396 834 462 864 aliis
484 835 669 865 monasteriis
692 844 744 875 pro
763 836 916 865 monachis
932 835 1139 875 praesentibus

396 888 424 913 et
445 883 638 921 absentibus,
669 884 743 914 itaut
764 885 899 914 monachi
931 884 1066 914 absentes
1102 884 1138 914 ad

396 932 508 962 nullam
531 933 651 962 missam
673 932 880 962 celebrandam
904 936 1069 971 teneantur,
1089 932 1139 962 sed

396 990 411 1010 a
436 981 623 1010 monasteriis
645 990 697 1020 pro
720 981 806 1011 dictis
839 981 1010 1010 absentibus
1038 984 1066 1011 et
1087 981 1139 1010 im-

397 1030 503 1069 peditis
525 1031 717 1069 suppleantur
749 1035 777 1060 et
810 1029 1022 1067 celebrentur,
1056 1029 1138 1059 iuxta

397 1079 643 1108 monasteriorum
680 1079 927 1115 cousuetudines3
968 1087 1005 1108 ne
1041 1082 1138 1108 autem

397 1126 564 1156 huiusmodi
586 1127 725 1165 suffragia
755 1127 964 1165 detineantur,
988 1135 1056 1156 cum
1078 1135 1139 1156 mo-

396 1176 509 1205 nachus
530 1175 637 1215 aliquis
659 1186 694 1206 cx
728 1176 782 1206 hac
803 1176 862 1205 vitai
893 1175 1074 1214 migraverit,
1098 1175 1140 1205 vi-

395 1224 493 1254 carius
515 1225 626 1254 alterve
649 1225 810 1255 monachus
833 1225 868 1254 de
890 1225 943 1254 hoc
966 1234 1066 1254 curam
1089 1235 1139 1263 ge-

396 1282 475 1310 rens,
508 1273 588 1303 iuxta
621 1273 729 1303 dictam
762 1274 1026 1311 consuetudinem,
1060 1274 1137 1304 intra

396 1326 454 1351 tres
477 1322 540 1351 dies
574 1322 762 1352 monasteriis
783 1322 1056 1352 confraternitatem
1087 1323 1137 1352 ha-

394 1369 534 1399 bentibus
557 1379 609 1409 per
631 1374 744 1400 certum
774 1371 915 1400 nuncium
935 1370 1046 1400 obitum
1066 1370 1136 1400 dicti

393 1418 530 1448 monachi
552 1419 703 1449 notificare
726 1423 895 1449 teneantur.

433 1476 471 1496 lv,
495 1467 624 1503 Quilibet
646 1468 818 1505 monachus,
842 1468 1061 1498 sanctissimum
1078 1468 1137 1498 via-

393 1515 484 1546 ticum
507 1516 537 1546 in
560 1517 702 1546 extremis
725 1521 910 1555 recepturus,
936 1517 1068 1546 omnium
1088 1526 1137 1546 eo-

392 1573 470 1603 rum,
494 1574 569 1604 quae
593 1565 627 1594 ad
657 1565 809 1604 proprium
844 1575 929 1595 usum
953 1565 1010 1595 sibi
1033 1575 1136 1595 conce-

393 1613 514 1650 duntur,
538 1613 658 1643 totalem
693 1614 773 1652 prius
800 1614 887 1643 saciat
910 1613 1135 1652 abnegationem

392 1661 502 1691 iamdiu
535 1662 566 1691 in
603 1666 703 1692 nostro
726 1661 835 1692 Ordine
859 1665 1050 1700 consuetam,
1079 1663 1137 1692 cla-

393 1710 476 1740 vibus
499 1710 587 1740 cellae
611 1710 714 1749 priori,
739 1711 794 1746 vel,
819 1720 852 1740 eo
868 1710 1000 1747 absente,
1026 1711 1135 1741 vicario

392 1759 592 1797 corisignatis3
616 1761 640 1788 si
664 1768 744 1797 vero,
769 1759 890 1789 absente
908 1759 1016 1798 priore,
1036 1769 1136 1789 mona-

393 1809 465 1838 chus
487 1818 502 1837 e
527 1808 587 1837 vitri
620 1808 803 1845 migraverit,
840 1809 978 1846 vicarius,
1013 1808 1070 1838 nisi
1101 1809 1136 1838 de

393 1857 513 1886 licentia,
535 1857 652 1896 prioris,
671 1856 778 1892 dehis,
805 1866 877 1895 quac
902 1856 1048 1895 habuerit,
1072 1857 1136 1886 nul-

393 1905 509 1935 latenus
525 1905 679 1943 disponere
697 1905 807 1941 valeat3
832 1915 865 1934 eu
890 1915 957 1934 vero
973 1905 1136 1935 secundum

394 1953 633 1983 consuetudinem
673 1953 857 1991 singulorum
892 1954 1136 1982 monasteriorum

395 2002 621 2032 distribuantur.

613 2078 808 2108 Coxsrirrrio
831 2078 923 2107 LXIV.

436 2148 587 2188 Quisquam
606 2150 685 2188 prior
717 2159 764 2177 seu
796 2149 942 2178 monachus
964 2149 1064 2188 aliquis
1088 2149 1139 2179 Or—

395 2198 467 2227 dinis
490 2199 576 2227 nostri
598 2197 756 2227 nullatenus
772 2199 857 2236 possit
879 2202 1019 2236 acceptare
1040 2208 1137 2227 esecu-

395 2248 494 2276 tioncm
513 2247 635 2285 aliquam
657 2246 801 2275 cuiuslibet
824 2248 986 2281 testamenti,
1011 2246 1052 2276 vel
1075 2247 1139 2276 ulti-

395 2305 454 2324 mae
475 2295 632 2332 voluntatis,
652 2295 750 2333 absque
770 2295 886 2333 speciali
906 2295 1042 2333 qeneralis
1064 2297 1139 2335 eapi-

396 2344 448 2372 tuli
464 2348 511 2372 aiit
523 2344 614 2383 patris
627 2343 764 2381 generalis
783 2343 907 2373 licentia.
928 2342 1016 2378 Quam
1031 2345 1139 2382 quictem

397 2392 535 2422 licentiam
556 2393 580 2422 si
608 2393 745 2430 continqat
774 2393 897 2421 eumdem
924 2397 1032 2430 patrem
1059 2403 1139 2430 yene-

396 2440 484 2469 ralem
511 2441 717 2479 importunitate
744 2440 915 2479 petentium,
941 2450 988 2469 seu
1015 2441 1073 2470 alta
1094 2451 1139 2470 ra-

397 2490 479 2525 tione,
503 2489 589 2518 alicui
618 2490 710 2528 priori
743 2489 782 2518 vel
816 2489 944 2518 monacho
970 2490 1137 2523 concedere;

397 2536 578 2566 nihilominus
610 2537 673 2566 talis
700 2539 779 2576 prior
808 2537 851 2567 vel
874 2538 1020 2567 monachus
1041 2547 1139 2568 eoeecu-

1003 155 1186 179 BULLARIUM
1212 157 1366 180 ROMAMJM

1933 163 1983 187 An.
2004 161 2034 188 G.
2053 162 2122 191 ¹730

1180 204 1281 234 tionem
1302 205 1458 236 huiusmodi
1480 217 1531 236 non
1555 212 1688 247 exceptet,
1712 209 1768 237 nisi
1791 209 1928 238 verisimi-

1181 252 1246 282 liter
1278 255 1435 288 crediderit,
1465 256 1536 294 quod
1565 266 1600 285 ea:
1627 257 1782 286 huiusmodi
1802 261 1929 296 excepta-

1181 302 1255 331 tione
1274 304 1376 341 poterit
1397 304 1554 343 obsequium
1572 305 1628 335 Deo
1647 309 1800 344 praestare,
1818 305 1928 336 bonum-

1182 360 1233 389 que
1255 351 1322 380 dare
1344 352 1501 391 exemplum
1523 353 1648 392 fidelibus
1669 353 1702 382 de
1723 363 1751 383 se
1772 355 1842 392 ipso.
1867 354 1928 391 Ipse

1182 399 1266 428 etiam
1295 404 1376 439 pater
1404 401 1542 438 yeneralis
1577 402 1708 432 similiter
1742 403 1926 432 executionem

1183 446 1339 477 huiusmodi
1361 458 1414 477 non
1435 453 1556 488 exceptet
1576 450 1635 479 sine
1667 449 1784 489 speciali
1815 450 1927 480 licentia

1179 496 1318 533 generalis
1339 497 1457 536 capituli
1479 497 1520 527 vel
1540 499 1663 537 privati,
1687 508 1735 527 seu
1756 498 1876 528 alicuius
1897 500 1928 527 de

1180 553 1232 582 pro
1250 547 1360 584 privato
1381 546 1503 582 capitulo
1525 547 1670 585 assignatis
1682 559 1692 581 ,-
1711 557 1795 586 super
1815 557 1866 586 quo
1887 557 1928 576 eo-

1182 603 1245 622 rum
1266 594 1445 623 conscientias
1467 604 1621 624 oneramus.

2125 56 2138 67 -.
2161 5 2166 79 l

2161 80 2166 144 t

2164 168 2172 213 ,Α

2164 245 2168 336 l

1407 669 1602 700 Cossrirrrro
1629 670 1709 700 LXV.

1223 740 1334 779 Aliquis
1352 741 1433 779 prior
1460 741 1503 770 vel
1531 741 1678 770 monachus
1702 740 1815 770 Ordinis
1843 742 1929 770 nostri
1939 747 2122 799 egea-turmas?

1183 789 1401 817 commissionem
1423 788 1545 827 aliquam
1567 799 1582 817 a
1605 799 1774 828 quocumque
1802 789 1929 828 praelato
1939 800 2144 827 nnssiomisisum,
2166 809 2167 826 ς

1182 836 1226 865 vel
1258 837 1388 875 principe
1423 841 1577 867 emanatam
1594 862 1600 871 ,
1638 842 1750 876 excepto
1785 827 2143 879 dumtaxat32q53⁰3²ri¹12221‚
2166 870 2167 873 ,

1183 886 1291 914 domino
1324 890 1413 915 nostro
1446 886 1533 925 Papa,
1570 896 1622 915 non
1653 887 1743 916 valeat
1773 880 2144 927 acceptare.}{2{⁰}fc‘oflfi¹{'f³⁵·

1182 933 1320 964 Similiter
1342 944 1391 964 nec
1412 935 1530 964 arbitria
1550 946 1602 974 per
1628 939 1853 975 compromissum
1884 937 1928 966 vel

1182 982 1255 1011 alias
1283 984 1341 1011 sine
1368 983 1484 1021 speciali
1517 983 1629 1013 licencia
1655 985 1746 1023 patris
1771 984 1926 1023 qeneralis‚

1182 1031 1238 1059 nisi
1259 1030 1328 1059 talia
1349 1032 1414 1067 sint,
1438 1041 1507 1069 quae
1528 1032 1652 1070 faciliter
1673 1036 1698 1061 et
1720 1034 1751 1062 in
1773 1033 1857 1070 brevi,
1888 1038 1928 1062 at-

1182 1088 1233 1117 que
1265 1079 1324 1107 sine
1355 1080 1426 1108 iuris
1458 1079 1554 1118 aliquri
1586 1082 1792 1119 disceptatione,
1822 1081 1929 1110 valeant

1181 1127 1341 1156 terminari.
1360 1127 1413 1156 Illa
1427 1129 1594 1166 praesertim
1616 1128 1704 1158 valeat
1726 1129 1824 1167 absque
1846 1128 1930 1159 licen-

1181 1176 1222 1204 tta
1244 1180 1397 1214 acceptare,
1421 1185 1489 1214 qliae
1512 1177 1584 1205 inter
1608 1186 1746 1215 pauperes
1767 1181 1792 1206 et
1813 1177 1929 1206 misera-

1182 1223 1248 1252 biles
1267 1233 1400 1262 personas
1421 1225 1482 1262 fore
1503 1225 1656 1263 contigerit,
1680 1234 1729 1254 nec
1749 1225 1824 1254 ultra
1839 1225 1928 1254 decem

1181 1272 1239 1301 dics
1261 1276 1338 1301 extra
1360 1282 1410 1301 sua
1430 1272 1552 1302 claustra
1571 1278 1687 1312 propter
1709 1274 1867 1303 huiusmodi
1884 1283 1929 1303 ar-

1180 1320 1265 1349 bitria
1287 1321 1331 1350 vel
1353 1321 1548 1350 arbitrationes
1569 1321 1745 1361 aliquatenus
1763 1323 1926 1352 demoretur.

1180 1369 1256 1398 Idem
1288 1379 1392 1408 quoque
1410 1374 1491 1408 pater
1512 1370 1649 1408 generalis
1678 1371 1833 1400 huiusmodi
1859 1380 1927 1401 eom.

1180 1418 1323 1446 missiones
1346 1418 1388 1446 cel
1410 1418 1526 1448 arbitria
1559 1428 1612 1447 non
1639 1423 1758 1457 acceptet
1788 1419 1846 1448 sine
1862 1408 1929 1458 'spe-

1178 1466 1245 1495 ciali
1278 1466 1392 1496 licentii?r
1421 1466 1559 1505 yeneralis
1591 1467 1723 1506 capituli,
1747 1467 1788 1496 vel
1809 1467 1928 1497 alicuius

1179 1515 1211 1544 de
1233 1515 1292 1544 illis
1311 1525 1362 1553 pro
1388 1516 1496 1554 privato
1528 1516 1650 1555 capitulo
1679 1517 1844 1554 assignatis,
1872 1518 1928 1546 nisi

1179 1565 1207 1593 in
1231 1564 1338 1593 casibus
1360 1565 1488 1603 superius
1506 1566 1636 1604 exceptis.

1396 1639 1590 1669 Cossrirrrio
1614 1640 1707 1669 LXVI.

1221 1709 1340 1745 Quilibet
1359 1712 1440 1749 prior
1462 1710 1504 1740 vel
1526 1715 1671 1740 conventus
1696 1710 1809 1741 Ordinis
1831 1713 1926 1749 nostri,
1956 1722 2020 1742 euius
2035 1725 2122 1753 suamn-
2152 1744 2154 1747 r

1181 1759 1228 1797 qui
1251 1759 1394 1788 monachos
1416 1763 1520 1788 nostros
1542 1759 1648 1798 aliquos
1678 1760 1808 1798 fugitivos
1836 1751 2123 1799 coepe-gssssmtiffiffissbgi

1181 1808 1238 1836 rint
1260 1817 1307 1836 seu
1330 1808 1393 1843 capi
1415 1809 1544 1846 fecerint,
1568 1818 1610 1837 eos
1633 1809 1772 1838 detineant
1793 1809 1841 1838 snb
1862 1809 1927 1838 dili·
1936 1801 2122 1853 {ffiffipuacuiru-

1177 1857 1254 1895 ⁷qenti
1285 1857 1408 1886 custodia
1429 1858 1459 1886 in
1480 1858 1652 1887 monasteriis
1685 1860 1754 1894 sui-³,
1788 1863 1814 1888 et
1844 1868 1925 1897 quam

1180 1906 1232 1934 cito
1251 1906 1402 1944 potuerint,
1427 1906 1456 1934 id
1477 1906 1614 1945 notificent
1639 1916 1693 1942 per
1725 1911 1830 1936 certum
1853 1917 1926 1937 nun-

1180 1955 1249 1983 tium
1271 1964 1365 1983 eorum
1384 1954 1537 1993 prioribus,
1565 1955 1718 1993 sumptibus
1744 1959 1769 1985 et
1799 1957 1926 1993 expensis

1181 2003 1409 2032 monasteriorum
1425 2012 1539 2041 quorum
1555 2004 1672 2042 fuyitiri
1686 2004 1844 2034 huiusmodi
1863 2010 1927 2034 sunt

1178 2052 1309 2090 professi.
1328 2051 1387 2089 Ipsi
1408 2060 1513 2089 quoque
1529 2052 1637 2090 priores
1658 2052 1717 2080 sine
1739 2052 1835 2091 aliqud
1856 2053 1926 2082 dila-

1181 2100 1253 2128 tione
1276 2100 1385 2128 mittant
1405 2109 1457 2138 pro
1478 2100 1527 2134 eis,
1551 2104 1577 2129 et
1608 2101 1713 2138 faciant
1745 2100 1808 2130 illos
1835 2106 1925 2140 captos

1181 2149 1215 2176 ad
1236 2149 1402 2177 monasteria
1424 2158 1474 2177 sua
1496 2150 1596 2178 redire.
1613 2149 1730 2178 Interim
1745 2159 1806 2178 vero
1829 2151 1859 2178 in
1873 2151 1925 2179 eis-

1181 2197 1240 2225 dem
1262 2198 1444 2230 monasteriis,
1470 2196 1516 2225 ubi
1535 2201 1598 2225 sunt
1629 2197 1734 2226 carceri
1763 2198 1922 2237 mancipati,

1181 2245 1229 2274 sub
1251 2246 1373 2275 custoditi
1388 2245 1525 2283 diligenti,
1543 2250 1571 2274 ut
1590 2247 1791 2284 praemittitur,
1815 2251 1926 2276 tenean-

1181 2299 1236 2328 tur,
1254 2304 1338 2332 usque
1352 2294 1417 2323 dum
1432 2295 1540 2323 mittant
1560 2304 1612 2333 pro
1633 2295 1690 2330 eis,
1708 2298 1732 2323 et
1753 2295 1789 2324 ad
1809 2297 1923 2334 propria

1181 2343 1347 2373 monasteria
1369 2343 1546 2372 reducantur.
1570 2343 1712 2382 Eatpensas
1727 2353 1842 2383 quoque,
1859 2354 1925 2383 quas

1182 2392 1263 2421 iidem
1296 2393 1434 2430 capientes
1465 2392 1584 2430 fecerint
1606 2392 1781 2430 inceptione
1810 2393 1924 2432 praedi-

1181 2445 1285 2470 ctorum
1300 2464 1307 2477 ,
1332 2441 1386 2469 iam
1409 2441 1476 2470 dicti
1494 2441 1602 2478 priores
1628 2445 1653 2469 et
1679 2441 1774 2470 domus
1793 2441 1925 2479 fuyitivo-

1181 2499 1244 2518 rum
1265 2489 1435 2528 capientibus
1466 2489 1566 2518 eisdem
1599 2490 1654 2518 unii
1682 2498 1744 2518 cum
1771 2490 1923 2529 sumptibus

1181 2539 1345 2567 nunciorum
1367 2537 1471 2567 solvere
1492 2541 1644 2567 teneantur.
