2182 3137
196 262 247 289 An.
269 261 298 289 c.
317 261 384 290 1733
431 253 496 287 564

220 1115 379 1136 Contra-loram

195 1142 315 1168 drroga‘m.

390 317 421 344 et
446 321 506 354 per
531 310 638 347 onmia
663 310 852 353 plenissime
878 310 1070 354 suffragari,
1102 316 1134 344 et

390 365 428 397 ab
455 364 499 397 eis
527 364 705 407 respective
743 364 980 398 inviolabiliter
1018 370 1050 397 et
1085 365 1133 397 in-

390 430 544 452 concusse
571 419 755 459 observari,
782 419 890 462 sicque
916 419 948 451 in
974 419 1155 462 praemis-¹

389 473 431 504 sis
459 483 516 515 per
541 483 769 515 quoscumque
795 472 919 504 iudices
946 471 1131 504 ordinarios

390 531 421 557 ct
453 526 645 566 delegatos,
683 525 778 558 ctiam
815 535 983 557 causarum
1021 525 1130 568 palatii

390 578 562 621 apostolici
589 578 773 619 auditores,
800 589 836 611 ac
861 578 892 611 S.
913 578 949 611 R.
970 578 1003 611 E.
1029 579 1133 611 cardi-

388 632 502 670 nales,
531 631 626 664 etiam
654 632 693 664 de
719 632 820 664 latere
848 633 978 673 legatos
1005 636 1036 664 et.
1053 631 1132 664 alios

389 684 554 726 quoslibet
580 694 784 727 quacumque
810 684 1069 727 praeeminentia
1101 689 1154 734 etl

388 741 551 778 potestate
567 737 738 779 fungentes
760 741 789 769 et
809 737 987 775 suncturos,
1005 737 1130 769 sublata
1152 751 1154 774 ;

390 789 436 822 cis
463 795 494 822 et
520 801 632 823 eorum
660 790 794 823 cuilibet
819 791 930 834 quavis
955 791 1048 823 aliter
1084 790 1132 822 iu-

390 843 518 875 dicandi
545 849 577 876 et
602 843 837 887 interpretamli
857 844 1010 877 facultate
1029 848 1059 876 et
1078 854 1132 875 au-
1152 857 1153 862 ¹

390 896 538 930 ctoritate
559 925 566 937 ,
594 897 727 930 iudicari
754 897 793 930 ed
820 897 946 930 definiri
983 897 1127 937 debere,

390 961 426 983 ac
452 950 580 982 irritum
606 957 636 984 ct
661 951 755 983 inane
781 951 806 983 si
831 961 923 983 secus
954 961 1051 994 super
1082 951 1130 984 liis

390 1014 407 1036 a
432 1014 606 1048 quoquam,
633 1003 745 1047 quavis
764 1004 968 1043 auctoritate,
989 1005 1132 1038 scienter

389 1057 437 1089 vel
463 1058 672 1099 ignoranter,
699 1056 872 1100 contigerit
898 1057 1060 1090 attentari.

433 1111 447 1153 ᾗ
471 1110 502 1143 4.
530 1110 598 1143 Non
626 1110 831 1143 obstantibus
857 1111 1065 1154 praemissis,
1093 1122 1130 1144 ac

390 1164 673 1197 constitutionibus
699 1169 731 1196 et
762 1163 1024 1196 ordinationibus
1054 1175 1131 1208 apo—

390 1218 525 1259 stolicis,
553 1228 678 1251 necnon
716 1218 820 1251 dictae
851 1217 1129 1261 Congregationis,

390 1273 526 1315 eiusque
541 1271 781 1315 provinciarum
800 1277 830 1304 et
844 1271 1130 1312 monasteriorum,

390 1330 423 1358 et
447 1325 518 1357 aliis
536 1324 714 1368 quibusvis,
732 1324 829 1357 etiam
848 1324 1040 1364 iuramento,
1060 1335 1129 1358 con-

389 1378 573 1411 firmatione
599 1378 790 1422 apostolica,
817 1379 864 1412 vel
895 1379 1006 1422 quavis
1033 1378 1129 1411 firmi-

389 1437 454 1464 tate
469 1432 530 1464 alia
545 1432 714 1474 roboratis,
730 1431 868 1471 statutis,
884 1432 997 1464 usibus
1012 1437 1040 1464 et
1054 1442 1130 1465 con-

389 1485 635 1525 suetudinibus,
667 1485 764 1518 etiam
793 1485 1128 1527 immemorabililms,

387 1537 568 1580 privilegiis
605 1549 734 1582 quoque
751 1566 758 1579 ‚
785 1538 920 1571 indultis
953 1544 984 1571 et
1010 1538 1128 1572 litteris

387 1592 590 1634 apostolicis,
615 1591 736 1624 eisdem
761 1591 1025 1634 Congregationi,
1057 1603 1130 1635 pro-

387 1644 500 1677 vinciis
526 1650 557 1678 et
577 1645 790 1685 monasteriis,
810 1645 1006 1689 illorumque
1032 1657 1128 1689 supe-

387 1698 543 1738 rioribus,
565 1699 736 1732 monacbis
764 1704 794 1732 et
818 1699 969 1742 personis
995 1699 1128 1743 quibus-

386 1751 476 1791 libet,
496 1752 556 1785 sub
575 1752 834 1796 quibuscumque
852 1753 1026 1786 verborum
1042 1758 1128 1787 teno-

387 1805 477 1839 ribus
496 1811 527 1839 et
544 1805 666 1846 formis,
688 1817 725 1839 ac
749 1817 820 1839 eum
845 1805 1008 1849 quibusvis
1033 1806 1126 1840 etiam
1148 1850 1149 1853 Ἴ

387 1858 667 1901 derogatoriarum
708 1859 925 1902 derogatoriis
941 1885 948 1899 ‚
992 1859 1126 1902 aliisque

387 1912 636 1952 efficacioribus,
672 1912 904 1946 efficacissimis
931 1918 963 1945 et
988 1912 1126 1946 insolitis

387 1965 540 1999 clausulis
566 1971 597 1998 et
622 1966 775 2006 decretis,
803 1966 835 1998 in
873 1976 994 2008 genere
1019 1967 1069 1999 vel
1096 1967 1126 1999 in

387 2019 507 2062 specie,
527 2025 581 2052 aut
598 2019 677 2053 alias
695 2019 726 2052 in
746 2019 945 2053 contrarium
971 2020 1128 2063 praemis-

387 2083 495 2106 sorum
529 2073 777 2117 quomodolibet
809 2074 983 2115 concessis,
1010 2074 1128 2108 confir-

386 2126 480 2159 matis
507 2132 538 2160 et
563 2126 745 2168 innovatis;
774 2127 892 2170 quibus
919 2127 1071 2161 omnibus
1096 2133 1127 2161 et

387 2180 746 2224 singulis‚etiamsip1·o
764 2180 896 2213 illorum
915 2181 1127 2224 derogatione

388 2233 427 2266 de
454 2234 517 2266 illis
543 2244 719 2277 eorumque
754 2235 826 2267 totis
864 2235 1030 2270 tenoribus
1056 2246 1149 2280 spe-¹

388 2287 487 2328 cialis,
513 2287 681 2331 specifica,
707 2299 863 2331 expressa
888 2295 919 2322 et
944 2289 1127 2330 individua,

388 2350 424 2372 ac
450 2339 489 2372 de
514 2341 613 2373 verbo
639 2341 677 2374 ad
703 2341 846 2382 verbum,
863 2352 928 2375 non
946 2348 1052 2375 autem
1069 2353 1129 2386 per

389 2393 548 2425 clausulas
585 2395 754 2436 generales
781 2394 866 2428 idem
893 2395 1128 2438 importanteS,

388 2446 510 2478 mentio
536 2456 590 2479 seu
617 2446 748 2489 quaevis
773 2447 835 2480 alia
872 2447 1035 2490 expressio
1070 2448 1128 2480 ha-

388 2497 507 2538 benda,
533 2504 586 2531 aut
612 2499 719 2542 aliqua
743 2499 806 2532 alia
831 2500 990 2543 exquisita
1027 2500 1130 2533 forma

389 2551 429 2582 ad
455 2550 517 2584 hoc
540 2553 699 2585 servanda
729 2553 819 2593 soret,
853 2559 982 2586 tenores
1021 2553 1130 2586 buius-

389 2603 486 2642 modi,
512 2614 548 2636 ac
573 2605 599 2637 si
627 2606 666 2638 de
690 2607 792 2639 verbo
814 2606 854 2639 ad
879 2607 1024 2645 verbum,
1045 2607 1128 2640 nihil

390 2655 521 2700 penitus
540 2657 671 2700 omisso,
690 2663 721 2692 et
743 2659 842 2693 forma
867 2659 900 2693 in
926 2659 988 2693 illis
1012 2660 1129 2694 tradita

985 262 1170 287 normarum
1195 262 1354 288 nouarum
1920 261 1975 290 An.
1995 261 2024 291 c.
2041 260 2127 293 ¹733*
2164 250 2169 254 ’

1177 323 1235 356 pro
1261 313 1387 346 servata
1414 311 1602 353 babentes‘,
1625 311 1688 346 illis
1706 311 1785 345 alias
1804 311 1836 344 in
1856 322 1915 346 suo

1178 366 1294 399 robore
1320 366 1564 409 permansuris,
1597 366 1636 398 ad
1662 365 1915 409 praemissorum

1177 418 1338 459 ellectum,
1368 419 1426 451 bac
1451 418 1519 451 vice
1538 418 1712 458 dumtaxat,
1729 418 1916 462 specialiter

1177 477 1207 504 et
1233 482 1387 515 expresse
1413 472 1628 513 derogamus,
1656 482 1693 504 ae
1725 472 1914 514 derogatum

1176 535 1245 557 esse
1287 526 1436 558 volumus
1465 536 1472 564 ·‚
1516 524 1698 568 ceterisque
1739 524 1914 557 contrariis

1176 578 1448 621 quibuscumuue.

1219 630 1290 674 §5.
1323 630 1478 664 Volumus
1512 636 1619 663 autem
1655 636 1689 663 ut
1725 630 1913 663 earumdem
1960 642 2110 670 'rr-amumpto-
2154 647 2156 655 ³

1176 684 1395 726 praesentium
1415 684 1598 717 litterarum
1620 683 1842 727 transumptis,
1856 674 1970 717 seurum
1986 670 2047 691 ΕΜ·
2155 674 2164 684 ’

1176 738 1345 781 exemplis,
1362 738 1457 771 etiam
1473 737 1652 781 impressis,
1668 747 1762 770 manu
1778 737 1915 770 alicuius

1176 791 1294 823 notarii
1331 791 1452 834 publici
1491 790 1704 834 subscriptis,
1740 796 1772 824 et
1806 790 1914 833 sigillo

1177 854 1335 886 personae
1362 844 1393 876 in
1418 844 1639 877 ecclesiastica
1657 844 1812 887 dignitate
1838 854 1915 878 con·

1176 896 1306 929 stitutae
1341 896 1485 937 munitis,
1513 897 1625 930 eadem
1661 907 1796 940 prorsus
1833 896 1913 929 fides

1175 949 1293 993 ubique
1331 951 1477 983 locorum
1516 951 1684 991 habeatur,
1717 960 1798 994 quae
1835 949 1914 994 ipsis

1175 1003 1400 1046 praesentibus
1425 1003 1604 1037 baberetur
1635 1004 1660 1036 si
1699 1004 1803 1037 forent
1829 1002 1916 1036 exhi·

1175 1056 1260 1089 bitae
1287 1056 1335 1090 vel
1361 1062 1522 1101 ostensae.

1219 1110 1333 1143 Datum
1357 1109 1489 1151 Romae,
1509 1110 1594 1153 apud
1620 1110 1651 1143 S.
1671 1110 1800 1143 Mariam
1820 1109 1916 1142 Maio-

1175 1174 1256 1203 rem,
1284 1164 1343 1196 sub
1368 1165 1489 1197 annulo
1508 1163 1690 1204 piscatoris,
1707 1164 1758 1197 die
1783 1173 1834 1197 xrx
1860 1164 1916 1197 de-

1175 1217 1315 1250 cembris
1342 1226 1551 1258 muccxxxni,
1582 1217 1787 1260 pontificatus
1812 1216 1915 1250 nostri

1174 1280 1259 1303 anno
1285 1280 1327 1303 iv.

1209 1333 1270 1359 Dat.
1293 1332 1338 1360 die
1360 1334 1390 1360 19
1412 1332 1565 1360 decembris
1583 1333 1661 1368 1733,
1678 1332 1775 1369 pontif.
1792 1340 1862 1360 anno
1877 1338 1913 1360 tv.

1518 1387 1552 1420 F.
1574 1388 1661 1421 card.
1686 1387 1867 1421 emamus.

1483 1539 1601 1573 CXXll.

1171 1608 1359 1651 Simulum,
1386 1614 1422 1643 uc
1446 1610 1483 1644 de
1507 1613 1607 1644 celero
1630 1611 1749 1654 fratres
1777 1611 1916 1654 Congre-

1214 1664 1359 1706 9al1‘0m's
1382 1664 1573 1697 clericorum
1592 1664 1799 1707 reqularmm
1823 1665 1915 1698 Pau-

1214 1727 1329 1759 perum
1346 1717 1463 1750 Matris
1477 1717 1536 1750 Dei
1560 1717 1756 1751 Scholarum
1772 1718 1915 1751 Piorum

1215 1771 1394 1814 epicopium
1418 1774 1541 1814 qestenc
1565 1770 1587 1803 ⁴³.

1383 1851 1518 1878 Clemens
1540 1852 1616 1885 Papa
1635 1852 1699 1884 XII,

1292 1895 1329 1922 ad
1350 1899 1528 1930 perpetuam
1549 1897 1594 1924 rei
1614 1896 1798 1924 memoriam.

1215 1966 1230 2009 5
1245 1966 1274 1999 l.
1293 1966 1379 2007 Cum,
1395 1967 1481 2000 sicut
1501 1967 1692 2010 accepimus,
1709 1977 1768 2010 per
1792 1967 2057 2021 consti-impetus&
2069 1971 2109 2022 ¹:313

1172 2019 1310 2053 tutiones
1340 2020 1534 2053 clericorum
1560 2021 1760 2063 regularium
1785 2020 1910 2064 Paupe-
1923 2006 2076 2048 corcoss'iimss‘·

1171 2083 1241 2105 rum
1255 2072 1363 2106 Matris
1378 2073 1431 2106 Dei
1449 2073 1641 2107 Scliolarum
1656 2073 1795 2113 Piarum,
1811 2084 1828 2106 a
1845 2073 1913 2107 seli-

1171 2125 1216 2159 cis
1242 2127 1481 2160 recordationis
1498 2126 1656 2170 Gregorio
1674 2127 1734 2159 PP.
1755 2125 1805 2159 XV
1822 2137 1913 2170 prae-

1148 2179 1149 2187 *
1171 2179 1345 2213 decessore
1370 2185 1483 2213 nostro
1502 2191 1563 2224 per
1584 2180 1739 2224 quasdam
1766 2190 1838 2214 suas
1863 2180 1915 2213 lit-

1173 2238 1257 2267 teras
1285 2234 1481 2277 apostolicas
1507 2234 1649 2278 desuper
1685 2233 1911 2270 confirmatas.

1171 2287 1204 2320 in
1229 2297 1299 2331 cap.
1324 2298 1355 2322 v1
1377 2287 1415 2321 de
1440 2287 1583 2321 vestibus
1608 2287 1641 2320 in
1667 2287 1713 2321 eis
1740 2288 1781 2321 de
1808 2288 1914 2321 tunica

1173 2341 1264 2374 talari
1300 2341 1459 2385 brevique
1484 2341 1583 2385 pallio
1609 2341 1782 2375 nominatis
1818 2351 1914 2385 prae-

1208 2449 1217 2474 4
1243 2447 1345 2483 Snpple
1359 2451 1386 2475 et
1399 2447 1515 2484 corrige:
1532 2448 1564 2476 in
1579 2448 1641 2476 illis
1660 2448 1773 2476 tradita
1789 2447 1913 2482 servata,

1171 2492 1392 2526 insererentur,
1410 2493 1613 2528 praesentibus
1631 2500 1682 2528 pro
1701 2492 1843 2529 expressis
1861 2493 1915 2520 ha-

1173 2536 1263 2564 bentes
1284 2537 1327 2570 (n.
1347 2537 1398 2568 Τ.).

1207 2581 1223 2607 2
1244 2581 1356 2612 Clericis
1378 2581 1453 2609 hisce
1479 2582 1652 2617 regularibus
1681 2581 1835 2609 Alexander
1854 2580 1912 2608 v111

1172 2625 1280 2652 constit.
1298 2625 1348 2652 sua
1363 2625 1433 2653 infra
1450 2625 1528 2653 citata
1545 2626 1687 2661 concessit,
1709 2631 1737 2654 ut
1757 2625 1913 2654 incederent

1172 2669 1295 2698 calceati.
