2182 3137
225 192 278 220 Αη.
293 193 326 221 c.
345 193 417 220 ¹730
461 185 528 219 104
1005 195 1189 219 neumarum
1213 196 1370 221 ROMANUM

424 247 482 280 tur,
507 243 531 273 si
553 242 584 273 in
606 251 792 283 quocumque
821 243 924 281 gradu,
955 243 1044 274 etiam
1071 252 1165 273 remo·
1209 246 1348 284 magister
1370 250 1398 276 et
1419 247 1548 277 vicarius
1563 271 1571 285 ,
1595 257 1663 285 seu,
1686 247 1806 277 absente
1828 247 1947 284 vicario,

425 291 503 328 tiori,
527 292 692 322 constiterit
713 292 892 322 descendere
915 301 950 323 ex
971 293 1063 332 stirpe
1085 301 1165 322 mau-
1208 293 1283 324 alius
1305 304 1340 324 ex
1362 295 1483 334 capituli
1505 295 1681 326 senioribus
2167 334 2168 337 Ἴ

422 349 536 378 rorum,
554 340 737 378 iudaeorum,
755 345 805 371 aut
821 341 935 371 noviter
957 350 1164 371 conversorum
1269 343 1435 382 Praeterea,
1453 344 1531 374 dicta
1548 345 1642 374 forma
1663 345 1790 378 servata,
1810 347 1948 374 currente
1969 350 2147 381 neroquirengnx
2167 340 2168 384 i

422 388 459 418 ad
482 393 610 418 nostram
630 389 732 425 sidem,
757 389 802 419 vel
830 389 860 419 in
883 391 918 419 ea
944 394 1164 429 suspectorum,
1959 377 1987 397 Μ
2030 377 2146 403 m⁰s⁹⁵⁵¹⁰''
2167 400 2168 423 i

1953 200 2001 226 An.
2023 198 2052 225 C.
2075 198 2146 229 1730

258 1466 286 1484 lh·
303 1467 405 1487 scrutinio

220 1494 241 1510 et
258 1492 371 1517 suffragiis.

1208 392 1365 421 novitiatus
1387 396 1416 421 et
1438 392 1619 431 probationis
1643 402 1731 428 anno,
1765 392 1831 422 aliis
1854 392 1948 422 tribus
1959 409 2015 424 nem.

423 445 476 466 seu
497 437 616 467 illorum
645 437 694 476 qui
728 437 843 477 publice
876 438 1079 477 poenitentiati
1114 447 1164 468 seu

424 485 606 515 reconciliati
634 486 810 525 quandoque
842 486 951 516 fuerint
973 495 987 515 a
1010 486 1038 516 S.
1064 486 1165 516 Officio

423 533 639 572 lnquisitionis,
663 543 714 564 seu
737 534 773 564 ab
796 535 853 564 alio
869 544 1054 574 quocumque
1070 535 1165 565 iudice

422 582 539 621 publice
557 583 643 612 etiam
665 583 760 622 puniti
776 583 884 613 fuerint
902 585 996 622 poena
1014 584 1163 613 infamiam

420 631 601 669 inducente3
618 631 685 670 quia
703 631 870 661 huiusmodi
893 632 927 661 ad
952 632 1163 671 professionem

421 689 479 709 non
503 683 624 719 possunt
646 680 674 710 in
700 685 801 710 nostro
824 680 932 710 Ordine
954 681 1085 719 admitti,
1110 680 1163 710 sub

422 728 524 766 poenis
546 729 763 765 extravagantis
785 738 824 758 111.

483 777 639 816 Postquam
664 778 691 807 in
717 778 866 816 praedicto
888 778 950 807 sinc
974 778 1071 816 aliquo
1087 778 1162 807 defe-

421 829 470 855 ctu
493 830 627 863 repertus
651 826 738 855 fuerit
760 826 958 865 recipiendus⁷
989 826 1163 865 procedatur

421 874 457 903 ad
479 883 601 903 examen
624 874 659 904 tle
681 874 855 904 sufficientia
878 874 907 903 in
925 875 1116 912 grammatica
1134 878 1162 903 et

420 921 578 958 latinitate,
592 922 627 951 de
643 931 724 956 voce,
741 922 821 951 visus
839 922 1018 960 integritate,
1033 927 1058 952 et
1075 926 1161 951 cantu

423 971 517 1007 firmo,
534 980 584 1010 per
600 971 693 1000 dictos
712 971 839 1010 priorem
856 976 884 1001 et
904 971 1058 1009 deputatos
1074 971 1161 1000 simul

420 1027 488 1047 cum
511 1019 651 1056 magistro
673 1019 850 1048 novitiorum
870 1023 899 1047 et
914 1023 1078 1048 correctore
1095 1028 1162 1047 ‹tan-

421 1070 487 1102 tus,
528 1075 652 1104 quorum
689 1066 819 1095 omnium
856 1066 880 1095 si
915 1075 1017 1095 eorum
1053 1066 1161 1095 iudicio

420 1114 540 1144 omnino
557 1124 646 1153 capax
663 1119 690 1144 et
712 1115 834 1144 idoneus
857 1124 915 1144 non
932 1115 1029 1151 fuerit,
1048 1115 1161 1144 reiieia-

420 1167 479 1193 tur.
504 1163 553 1193 Sin
578 1172 647 1192 vcro
669 1163 797 1202 aliquam
820 1171 955 1200 magnam
978 1163 1159 1193 habilitatem

419 1213 450 1242 in
481 1212 589 1241 nostris
617 1211 714 1240 choris
736 1212 931 1240 necessariam
959 1211 1104 1248 obtineat,
1129 1217 1160 1242 ut

419 1264 500 1298 puta,
525 1260 547 1289 si
571 1259 728 1297 organista,
753 1259 881 1288 musicae
900 1261 1090 1298 compositor,
1115 1260 1159 1290 vel

418 1308 543 1337 alicuius
560 1307 749 1336 instrumenti
776 1308 890 1346 peritus
916 1308 1062 1345 extiterit,
1085 1309 1161 1338 defe-
1181 1327 1182 1330 =

418 1360 483 1386 ctus
506 1356 657 1385 latinitatis
680 1364 781 1385 eorum
812 1355 932 1385 arbitrio
955 1361 983 1385 et
1006 1357 1158 1395 prudentia

418 1404 549 1443 suppleri
575 1404 665 1444 possit
687 1408 715 1433 et
739 1404 845 1433 valeat.

476 1453 598 1482 Peracto
620 1453 767 1489 examine,
791 1452 1010 1492 approbatoque
1029 1464 1043 1483 a
1062 1455 1159 1494 priore

417 1506 446 1532 et
467 1501 625 1541 deputatis,
649 1511 700 1531 seu
723 1501 840 1531 illorum
864 1502 968 1531 maiori
991 1507 1089 1541 parte,
1114 1512 1160 1532 re-

417 1550 568 1589 cipiendus
602 1553 782 1589 proponatur
814 1551 985 1580 monasterii
1008 1551 1157 1590 capitulo,

415 1599 446 1629 in
480 1609 536 1639 quo
570 1599 786 1629 examinatores
819 1599 978 1638 praedicti,
1002 1605 1157 1640 antequam

415 1648 452 1678 ad
474 1648 612 1686 suffragia
635 1648 827 1687 procedatur,
851 1648 887 1677 de
915 1648 1090 1679 sufficientia
1114 1659 1160 1679 re-

416 1696 565 1736 liquisque
581 1695 713 1735 partibus
736 1700 764 1725 et
786 1696 976 1735 qualitatibus
991 1697 1158 1728 huiusmodi

415 1745 579 1784 recipiendi
615 1746 644 1774 in
681 1745 813 1774 examine
849 1746 979 1784 expertis
1013 1747 1097 1785 plene
1130 1751 1158 1776 et

415 1794 542 1824 fideliter
557 1794 727 1824 informent.
745 1793 817 1823 Dum
837 1793 868 1823 fit
891 1794 962 1824 baec
978 1795 1155 1833 informatio,

414 1852 431 1872 a
462 1843 592 1882 capitulo
626 1842 812 1880 egrediantur
843 1843 1052 1881 consanguinei
1084 1845 1157 1874 reci-

415 1891 527 1931 piendi,
551 1895 579 1921 et
601 1891 730 1920 eiusdem
755 1891 866 1929 patriae
889 1893 1049 1931 naturales,
1067 1893 1156 1932 siqui

415 1941 446 1970 in
470 1940 598 1979 capitulo
621 1940 779 1977 adfuerint,
808 1940 842 1969 ad
872 1941 1092 1978 suffragandum
1116 1947 1157 1972 ta-

414 1998 481 2019 men
511 1999 576 2019 cum
612 1989 717 2019 ceteris
750 1989 916 2026 vocalibus,
949 1990 1156 2021 informatione

415 2038 545 2076 peraeta,
569 2037 731 2067 reversuri.

478 2086 579 2116 Postea
603 2086 775 2124 procedatur
807 2086 842 2116 ad
875 2087 1072 2125 receptionem
1106 2097 1156 2126 per

414 2134 554 2172 sutfragia
577 2138 700 2172 secreta,
724 2144 798 2173 quae
823 2134 909 2165 debet
924 2144 986 2165 esso
1003 2137 1154 2174 canonica,

414 2187 443 2213 ct
464 2192 481 2212 a
504 2186 563 2212 toto
586 2182 725 2221 capitulo,
743 2183 786 2212 vel
805 2183 907 2212 saltem
925 2192 939 2212 a
956 2183 1059 2212 maiori
1076 2184 1155 2214 illius

414 2235 508 2269 parte,
529 2235 558 2260 et
579 2230 668 2260 simul
690 2240 703 2260 a
729 2231 826 2269 priore
849 2231 978 2260 novitius
1000 2231 1085 2261 debet
1106 2233 1156 2261 ad-

414 2279 512 2316 mitti,
548 2283 579 2308 ut
615 2278 826 2318 praescribitur
856 2279 1088 2317 extravaganti1
1120 2280 1153 2309 ad

414 2327 657 2357 constitutionem
670 2336 726 2356 xvi.
742 2326 793 2356 Sin
808 2337 877 2356 vero
893 2328 1029 2365 suffragia
1048 2328 1155 2357 fuerint

413 2375 558 2415 aequalia,
584 2380 681 2405 votum
705 2375 811 2415 prioris
838 2385 895 2405 non
924 2376 1033 2405 sufficit
1056 2381 1085 2406 ut
1107 2377 1156 2406 ad-

412 2424 560 2461 mittatur,
584 2424 634 2453 sed
658 2424 824 2454 necessario
853 2424 960 2463 expelli
989 2424 1090 2454 debeat
1119 2425 1154 2455 ob

413 2472 558 2502 defectum
582 2472 702 2502 maioris
725 2473 817 2511 partis
839 2472 971 2511 capituli.
989 2473 1063 2502 lluic
1087 2482 1154 2503 vero

412 2523 441 2549 et
463 2520 530 2549 aliis
552 2520 716 2549 huiusmodi
740 2520 958 2560 receptionibus
973 2529 1039 2550 cum
1056 2521 1154 2560 priore

411 2568 570 2606 assistant,
591 2573 737 2607 tamquam
761 2573 959 2607 scrutatores,
977 2569 1151 2599 novitiorum

1210 439 1321 468 vicibus
1343 440 1448 478 (prout
1470 440 1610 470 hactenus
1626 450 1659 470 ex
1677 439 1839 470 inviolabili
1855 441 1948 471 nostri

1208 486 1332 525 Ordinis¹
1348 488 1558 518 consuetudine
1581 488 1768 518 observatum
1791 488 1868 527 suit)
1897 498 1950 518 no-

1208 535 1297 564 vitius
1319 537 1448 574 capitulo
1472 541 1660 575 proponatur,
1681 542 1711 566 nt
1736 537 1771 566 ab
1791 537 1854 576 ipso
1875 537 1949 567 reci-

1209 585 1315 623 piatur,
1333 585 1478 622 videlicet,
1503 585 1595 624 prima
1624 590 1687 624 post
1715 590 1841 624 quatuor
1867 595 1949 615 rnen-

1207 642 1254 662 ses
1269 633 1303 662 ad
1318 633 1433 662 habitus
1449 634 1615 671 receptione
1630 634 1802 673 completos3
1817 635 1948 664 secunda

1208 686 1272 720 post
1294 686 1369 717 octo,
1394 682 1481 710 tertia
1502 682 1628 720 denique
1647 687 1710 720 post
1732 682 1844 719 decem,
1862 686 1948 721 prout

1207 730 1298 769 priori
1323 729 1470 759 videbitur
1487 734 1600 769 tempus
1617 730 1729 769 requiri
1752 735 1780 760 ct
1799 731 1945 769 sufficere,

1207 782 1238 808 ut
1261 782 1327 807 ante
1350 779 1496 817 expletum
1532 778 1711 817 probationis
1746 787 1855 808 annum
1884 778 1947 809 fieri

1207 827 1299 865 possit
1331 827 1498 856 informatio
1532 827 1661 866 plenaria
1694 827 1728 856 de
1761 827 1892 857 moribus
1919 832 1947 857 et

1207 877 1276 910 vita,
1310 877 1410 915 stirpis
1442 880 1469 905 et
1501 876 1652 913 sanguinis
1676 875 1801 914 puritate
1823 876 1944 912 novitii,

1206 925 1366 954 secundum
1402 928 1501 953 nostra
1535 928 1643 953 statuta
1676 928 1704 953 et
1728 923 1894 962 privilegia,
1918 929 1947 954 et

1206 974 1277 1003 saeta
1323 973 1490 1002 informatio
1530 973 1691 1002 examinari
1729 973 1946 1013 approbarique

1205 1021 1296 1060 possit
1318 1030 1332 1050 a
1355 1021 1452 1059 priore
1474 1026 1501 1050 et
1523 1021 1690 1059 deputatis,
1708 1031 1744 1051 ne
1766 1022 1852 1051 aliter
1870 1022 1945 1052 ultra

1204 1079 1312 1099 annum
1337 1069 1518 1108 probationis
1536 1070 1683 1108 expletum
1702 1071 1842 1109 professio
1863 1071 1947 1101 novi-

1205 1118 1244 1147 tio
1267 1117 1464 1156 protrahatur.
1490 1116 1631 1147 Omnibus
1654 1118 1749 1148 tribus
1772 1119 1858 1149 dictis
1881 1128 1946 1159 pro-

1181 1192 1183 1200 ,
1204 1165 1409 1205 positionibus,
1428 1166 1604 1195 novitiorum
1622 1167 1762 1204 magister
1783 1167 1945 1207 capitulum

1204 1215 1341 1244 informet
1357 1214 1517 1244 secundum
1534 1214 1624 1244 Deum
1647 1219 1675 1244 et
1696 1224 1778 1244 suam
1795 1215 1946 1246 conscien-

1203 1263 1286 1300 tiam,
1311 1263 1570 1302 praehabitamque
1592 1264 1626 1293 de
1649 1264 1758 1294 novitio
1791 1265 1943 1304 experien-

1204 1312 1283 1349 tiam,
1308 1312 1342 1341 de
1366 1312 1473 1347 indole,
1497 1312 1638 1349 moribus,
1663 1313 1840 1350 humilitate,
1865 1314 1944 1344 aliis-

1202 1370 1258 1398 que
1281 1361 1469 1399 qualitatibus
1492 1361 1614 1397 novitii,
1648 1361 1758 1400 pariter
1790 1362 1943 1399 egredien-

1203 1408 1281 1438 tibus
1303 1418 1316 1437 a
1341 1409 1478 1446 capitulo,
1513 1409 1582 1438 dum
1605 1409 1636 1438 fit
1658 1409 1730 1439 baec
1762 1409 1942 1447 informatio,

1202 1461 1233 1486 ut
1262 1457 1291 1486 in
1324 1457 1416 1495 prima
1450 1457 1644 1495 praemissum
1668 1462 1725 1494 est,
1747 1457 1853 1488 novitii
1875 1468 1944 1489 con-

1202 1505 1372 1543 sanguineis
1395 1509 1422 1534 et
1451 1505 1582 1534 eiusdem
1615 1505 1727 1544 patriae
1749 1506 1943 1542 naturalibus,

1201 1558 1229 1583 et
1258 1558 1322 1593 post
1355 1554 1433 1583 illam
1466 1554 1641 1592 completam
1664 1554 1699 1583 ad
1721 1554 1943 1593 suffragandum

1202 1611 1268 1630 cum
1291 1602 1398 1631 ceteris
1421 1601 1557 1630 similiter
1590 1601 1819 1631 revertentibus.
1852 1602 1944 1633 Infor-

1203 1649 1329 1679 matione
1362 1650 1497 1688 peracta,
1529 1649 1710 1688 recipiantur
1744 1649 1882 1689 suffragia
1915 1656 1944 1682 et

1203 1698 1374 1736 regulentur
1396 1702 1428 1727 ut
1450 1706 1549 1736 supra,
1582 1698 1621 1727 ita
1650 1698 1727 1737 quod
1750 1698 1785 1728 ab
1807 1699 1944 1730 omnibus

1202 1746 1361 1784 vocalibus,
1379 1746 1424 1775 vel
1440 1755 1539 1775 eorum
1564 1747 1666 1775 maiori
1690 1751 1784 1785 parte,
1805 1751 1834 1777 et
1856 1748 1943 1778 simul

1200 1805 1214 1824 a
1239 1796 1348 1834 priore⁷
1372 1794 1501 1824 novitius
1523 1794 1637 1824 admitti
1659 1795 1777 1832 debeat,
1800 1800 1833 1826 ut
1854 1805 1942 1835 supra

1177 1848 1178 1851 ’
1200 1844 1230 1873 in
1256 1844 1351 1883 prima
1373 1843 1595 1882 praemittitur,
1629 1843 1674 1872 sin
1706 1853 1774 1873 vero
1800 1854 1815 1874 a
1840 1845 1943 1875 maiori

1200 1898 1282 1932 parte
1305 1893 1427 1931 capituli
1449 1902 1508 1922 non
1531 1893 1712 1929 admittatur,
1746 1893 1830 1923 reiici
1861 1894 1944 1924 novi-

1201 1943 1256 1972 tius
1289 1943 1407 1972 omnino
1440 1941 1555 1977 debeat,
1589 1951 1644 1971 nec
1675 1942 1785 1972 iterum
1814 1943 1942 1982 capitulo

1199 1991 1322 2030 proponi
1345 1990 1444 2029 possit.

1258 2039 1319 2074 Quo
1343 2048 1410 2067 vere
1434 2038 1617 2077 receptiones
1641 2038 1784 2067 maturius
1813 2043 1841 2068 et
1869 2039 1942 2069 libe-

1199 2088 1260 2118 rius
1283 2088 1364 2125 fiant,
1389 2091 1545 2117 teneantur
1568 2087 1681 2126 priores
1703 2087 1792 2124 (lieni,
1810 2097 1866 2126 quo
1883 2088 1942 2117 sin-

1199 2136 1283 2174 gulae
1318 2136 1496 2165 novitiorum
1531 2135 1745 2174 propositiones
1779 2136 1860 2174 fient,
1889 2145 1941 2175 per

1199 2194 1265 2213 suas
1289 2184 1402 2213 litteras
1424 2184 1575 2213 notiticaro
1592 2183 1740 2212 vocalibus
1756 2183 1939 2222 absentibus,

1198 2232 1247 2269 qui
1270 2231 1419 2261 con‘iniode
1435 2231 1492 2260 illis
1509 2231 1646 2260 assistere
1668 2232 1781 2270 possint
1797 2232 1821 2261 si
1836 2232 1938 2262 velint.

1198 2280 1312 2309 Primae
1337 2289 1403 2308 vero
1426 2283 1454 2308 et
1476 2279 1595 2308 ultimae
1618 2280 1786 2310 huiusmodi
1809 2281 1941 2320 proposi-

1199 2328 1311 2357 tionum
1343 2327 1404 2356 dics
1435 2327 1571 2357 omnibus
1604 2327 1752 2357 vocalibus
1784 2328 1860 2358 intra
1889 2337 1940 2359 sex

1198 2376 1296 2406 leucas
1318 2385 1332 2404 a
1357 2375 1533 2405 monasterio
1566 2376 1744 2406 distantibus
1777 2376 1857 2415 prius
1890 2386 1940 2407 ne·

1198 2416 1328 2454 cessario'
1342 2423 1494 2453 notificent
1510 2428 1641 2462 tempore
1657 2428 1834 2463 opportuno,
1851 2429 1894 2462 ut,
1914 2425 1939 2454 si

1198 2473 1299 2506 velint,
1323 2472 1409 2501 dictis
1432 2472 1647 2511 receptionibus
1677 2472 1783 2508 adsint,
1814 2476 1843 2502 et
1871 2482 1937 2502 cum

1196 2521 1318 2560 reliquis
1340 2520 1558 2558 suffragentur,
1591 2526 1619 2551 et
1651 2521 1675 2551 si
1704 2521 1865 2551 notificatio
1888 2522 1938 2551 bu-

1196 2569 1320 2599 iusmodi
1343 2569 1430 2598 fuerit
1452 2569 1578 2607 omissa,
1606 2570 1733 2609 receptio
1765 2570 1802 2599 sit
1834 2569 1936 2606 nulla,

2140 1016 2167 1436 znromtv'ss-
2143 963 2157 998 ·⁴-
2142 937 2154 949 ·'

2132 2509 2149 2530 '-‘
2133 2486 2147 2503 '
2166 2476 2168 2478 Ι
2139 2459 2146 2466 ’
2132 2064 2162 2449 ‘'”h‘m‘sssssr
2136 1436 2163 2058 *¹⁶⁸³'m‘ufflmwkvw
