2182 3137
174 218 223 244 An.
241 218 271 244 c.
295 217 362 243 ¹730
408 207 472 240 202

240 2337 326 2356 Ceteras
343 2336 362 2355 in

179 2363 299 2388 principatu
324 2363 362 2382 Ca-

180 2390 300 2409 tataunonsi
318 2394 362 2408 uni-

180 2417 293 2436 ver->nates
315 2415 362 2435 abs-

180 2442 273 2466 trahens,
292 2447 363 2461 earum

179 2468 238 2488 bona
286 2468 363 2487 acade-

180 2495 235 2515 miae
285 2495 364 2514 Gona-

181 2522 244 2542 rieusi
263 2521 364 2547 applicat.

954 216 1135 239 BULLAMUM
1161 217 1318 247 nomana

1904 220 1953 244 An.
1970 218 1999 244 C.
2021 218 2090 246 ¹730

367 271 493 298 erectae
513 269 544 296 et
565 264 718 297 fundatae
736 264 972 307 applicatorum
999 268 1031 296 et
1055 273 1111 306 ap·
1130 269 1133 325 ἰ
1154 265 1202 296 vel
1222 264 1425 298 dioecesibus
1447 271 1574 298 erectae
1594 271 1625 298 et
1643 266 1802 306 fundatae,
1825 276 1897 298 nec-

366 318 624 361 propi-imorum,
659 317 910 360 applicationem
941 321 972 349 et
1000 326 1110 359 appro-
1131 342 1133 376 1
1154 327 1217 349 non
1236 328 1336 350 unum
1361 319 1420 350 sub
1446 318 1498 351 SS.
1520 317 1749 360 Conceptionis
1776 318 1811 351 B.
1834 318 1897 351 Ma-

366 369 578 413 priationem,
604 369 776 412 omniaque
803 375 834 401 et
858 368 987 411 singula
1011 368 1110 411 privi-
1131 391 1133 406 ;
1154 368 1219 402 riae
1246 370 1398 412 Virginis,
1424 381 1460 402 ac
1485 372 1632 409 alterum,
1659 370 1731 403 Sedi
1759 371 1898 413 Aposto—

366 422 494 464 vilegia,
512 422 640 464 gratias,
660 421 884 464 exemptiones
907 427 938 453 et
959 421 1111 453 immuni·
1131 439 1133 458 ς
1154 422 1236 455 licae
1269 423 1456 455 immediate
1488 423 1687 461 subiectum,
1713 423 1894 455 studiorum

368 480 448 507 tates
472 486 490 506 a
515 474 659 516 praefato
696 474 848 516 Philippo
887 484 964 516 rege
1004 473 1110 506 eidem
1131 464 1133 516 ¹3
1155 476 1343 509 huiusmodi
1379 477 1517 519 collegia
1558 477 1616 508 sub
1658 476 1896 519 Assurnptionis

366 527 574 565 universitati,
594 527 633 559 ab
660 537 698 559 eo
717 532 752 558 ut
772 527 958 569 praefertur
983 531 1111 559 erectae
1132 518 1133 560 J
1155 528 1300 560 eiusdem
1320 529 1352 561 B.
1369 529 1485 562 Mariae
1502 529 1641 571 Virginis
1661 529 1838 572 respective
1854 529 1898 560 in-

368 585 399 612 et
423 580 586 618 fundatae,
606 579 691 620 regia
719 578 789 611 cius
815 578 1007 611 auctoritate
1033 588 1112 621 quo-
1132 562 1133 615 l
1154 582 1382 614 vocationibus
1401 592 1453 614 seu
1476 582 1577 615 titulis
1599 582 1630 614 in
1651 583 1796 624 praefata
1822 582 1899 614 ller—

367 633 548 665 modolibet
574 637 608 663 ut
633 632 817 675 praefertur
846 642 998 664 concessa
1024 637 1055 663 et
1079 641 1111 662 e·
1156 634 1247 666 densi
1268 634 1395 667 civitate
1413 646 1429 666 a
1444 635 1610 667 nonnullis
1629 634 1896 667 christifidelibus

367 686 493 727 largita,
520 695 647 717 necnon
674 684 782 717 omnia
812 690 842 716 et
867 684 996 726 singula
1021 694 1112 726 prae-
1132 682 1134 694 ¹
1156 697 1214 729 pro
1233 687 1330 719 certis
1349 687 1497 726 alumnis,
1517 694 1547 720 et
1569 689 1676 730 quoad
1699 687 1898 720 secundodi-

1132 735 1134 772 ἐ
1156 744 1242 772 ctum
1261 740 1432 781 collegium
1459 740 1545 772 iuxta
1567 741 1653 773 illius
1675 741 1898 773 fundationem

367 803 548 835 eorumque
574 793 707 835 plenum
733 797 763 824 et
785 791 945 832 integrum
965 796 1111 823 tenorem
1132 779 1134 840 ᾗ
1156 792 1265 824 debite
1284 792 1490 834 qualificatis,
1504 793 1675 836 utriusque
1693 792 1772 825 iuris
1790 792 1898 825 studio

367 739 488 772 inserta
513 743 628 770 statuta
654 739 795 781 desuper
825 738 912 770 edita
944 738 1111 779 praefata,

367 846 408 878 de
426 845 524 878 verbo
544 846 582 877 ad
601 844 744 883 verbum,
764 844 854 876 nullo
877 854 991 875 eorum
1011 843 1111 875 verbo

367 899 496 942 penitus
524 898 666 937 omisso,
692 907 881 940 poenasque
908 896 938 927 iu
965 895 1011 928 eis
1037 906 1113 927 con-

368 958 473 985 tentas
510 961 733 995 quascumque
772 951 803 981 in
842 948 1111 982 contrafacientes

368 1004 616 1048 quomodolibet
642 1002 788 1041 inflictas,
807 1001 986 1044 apostolica
1005 1006 1113 1033 aueto-

368 1060 461 1090 ritate
493 1062 653 1100 perpetuo
687 1055 918 1088 confirmanius
944 1060 974 1087 et
999 1065 1113 1097 appro-

368 1111 491 1149 bamus,
511 1110 623 1152 eisque
642 1114 673 1141 et
691 1119 801 1141 eorum
821 1108 1021 1151 quibuslibet
1038 1118 1114 1150 apo-

368 1163 500 1196 stolicae
526 1168 706 1204 perpetuae
733 1161 893 1193 firmitatis
917 1161 1017 1192 robur
1038 1160 1114 1193 adii-

368 1216 470 1249 cimus
488 1243 495 1255 ,
518 1227 554 1248 ac
579 1225 690 1248 omnes
717 1219 749 1247 et
774 1214 918 1256 singulos
945 1220 1007 1246 tam
1033 1214 1112 1246 iuris

369 1280 465 1312 quain
507 1268 580 1301 facti
622 1275 653 1300 et
688 1268 927 1301 solemnitatum
969 1268 1114 1310 aliosque

368 1321 574 1365 quantumvis
594 1321 823 1353 substantiales
842 1321 996 1359 defectus,
1015 1320 1040 1352 si
1060 1320 1113 1363 qui

369 1375 402 1407 in
428 1386 540 1408 eorum
566 1374 717 1407 omnibus
735 1379 764 1405 et
783 1374 920 1416 siugulis
946 1374 1112 1417 praefatis,

369 1434 402 1461 et
426 1438 538 1461 eorum
566 1428 714 1471 quolibet
738 1427 988 1470 quomodolibet
1013 1427 1113 1459 inter-

370 1481 578 1520 tervenerint,
605 1481 818 1523 supplemus;
844 1480 1115 1523 praeinsertaque

369 1546 406 1567 ac
440 1536 581 1578 desuper
611 1534 698 1567 edita
730 1539 847 1566 statuta
879 1534 1026 1577 praefata
1058 1544 1116 1576 per

371 1587 593 1620 universitatis
631 1597 647 1619 a
684 1587 828 1629 praefato
858 1586 1011 1629 Philippo
1037 1596 1114 1629 rege

370 1646 405 1673 ut
429 1640 613 1683 praefertur
649 1644 776 1672 erectae
811 1644 842 1671 et
876 1639 1028 1671 fundatae
1055 1639 1113 1671 hu-

372 1694 510 1726 iusmodi
548 1693 718 1725 scholares
736 1719 743 1732 ,
781 1693 943 1732 lectores,
982 1702 1116 1735 praece-

371 1753 500 1790 ptores,
528 1747 720 1788 magistros,
749 1746 924 1785 doctores,
949 1745 1113 1784 liidellos,

373 1800 519 1842 aliosque
558 1799 726 1831 ministros
763 1804 794 1831 et
826 1809 984 1841 personas
1016 1799 1047 1830 in
1081 1800 1117 1830 ea

373 1862 459 1884 nunc
477 1856 509 1883 et
534 1862 593 1894 pro
621 1856 766 1893 tempore
793 1851 967 1883 existentes
994 1852 1117 1893 praefa-

374 1911 433 1944 tos,
460 1915 496 1936 ac
515 1914 739 1946 quoscumque
759 1904 850 1943 alios,
869 1904 906 1935 ad
929 1914 1011 1946 quos
1030 1914 1117 1936 nunc

375 1957 624 2000 quomodolibet
642 1961 767 1998 spectat
792 1962 823 1989 et
841 1957 993 1999 pertinet,
1010 1962 1040 1989 et
1058 1968 1117 2000 pro

374 2016 522 2053 tempore
541 2010 702 2053 spectabit
720 2016 751 2042 et
768 2010 954 2053 pertinebit,
969 2011 1028 2042 sub
1046 2022 1118 2053 poe-

375 2063 425 2096 nis
452 2063 498 2095 eis
526 2064 666 2105 desuper
691 2063 843 2102 inflictis,
869 2064 1005 2106 perinde
1031 2075 1067 2096 ac
1092 2065 1116 2096 si

375 2128 393 2149 a
410 2117 504 2149 nobis
531 2122 747 2156 emanassent,
770 2116 904 2149 firmiter
929 2123 960 2149 et
985 2117 1116 2151 inviola-

374 2170 486 2203 biliter
511 2170 675 2203 observari
702 2170 834 2209 debere,
859 2171 1037 2213 apostolica
1067 2182 1119 2203 au-

374 2222 523 2255 ctoritate
554 2222 697 2265 praefata
726 2228 888 2265 perpetuo
914 2223 1118 2255 deceruimus

375 2281 407 2308 et
432 2276 614 2308 statuimus.

417 2328 478 2371 §la
493 2329 530 2361 Et
546 2328 753 2361 attendentes
774 2328 858 2371 quod
878 2329 909 2360 in
930 2328 1116 2371 principatu

374 2382 527 2425 praefato,
550 2392 613 2414 una
638 2381 790 2414 videlicet
816 2381 848 2413 in
873 2381 1118 2421 Tarraconensi,

375 2445 411 2467 ac
432 2434 494 2467 alia
520 2434 552 2466 in
578 2434 746 2474 ilerdensi,
772 2445 809 2466 ac
834 2433 896 2466 alia
922 2434 954 2466 in
980 2433 1118 2473 Vicensi,

375 2492 407 2519 et
423 2487 486 2519 alia
504 2487 535 2519 in
554 2486 768 2525 Gerundensi,
795 2497 831 2519 ac
849 2486 974 2529 reliqua
999 2486 1119 2520 studio-

375 2550 445 2572 rum
466 2540 665 2582 generalium
684 2540 871 2573 huiusmodi
890 2540 1118 2573 universitates

376 2595 408 2628 in
438 2595 699 2628 Barchinonensi
729 2595 908 2639 respective
938 2595 1119 2628 civitatibus

1156 854 1269 876 vacare
1295 845 1514 887 cupientibus,
1534 851 1576 885 et,
1597 846 1704 888 quoad
1724 845 1898 887 collegium

1156 898 1443 935 secundodictuni,
1471 899 1508 930 ad
1536 898 1613 931 illud
1640 898 1678 930 ad
1706 898 1900 931 nominatio-

1134 972 1135 977 =
1156 960 1230 982 nell]
1247 955 1404 982 certarum
1425 961 1636 992 personarum
1655 952 1693 983 de
1712 951 1899 983 eorumden]

1157 1003 1359 1035 alumnorum
1383 1010 1415 1035 nt
1440 1005 1621 1046 praefertur
1639 1004 1899 1047 qualificatorum

1156 1056 1306 1098 personis
1341 1056 1520 1089 faciendam
1547 1057 1812 1095 introducendis.
1847 1057 1899 1100 pie

1157 1108 1280 1151 pariter
1306 1115 1412 1141 erecta
1438 1115 1468 1142 et
1495 1110 1623 1142 fundata
1650 1111 1869 1153 reperiuntur:

1202 1162 1216 1203 ξ
1245 1161 1277 1194 5.
1306 1161 1380 1201 Nos,
1406 1163 1445 1194 ad
1476 1163 1631 1205 erigenda
1656 1163 1799 1195 eiusdem
1825 1163 2092 1202 Phi-ouornmpossos-

1157 1214 1236 1257 lippi
1262 1215 1348 1256 regis
1374 1225 1449 1257 erga
1476 1215 1710 1254 universitatis,
1739 1216 1778 1248 ab
1804 1226 1842 1249 eo
1867 1208 1992 1249 utilsslliff
2007 1202 2098 1249 ἷῖἒιῗῖἶ

1157 1268 1340 1310 praefertur
1364 1274 1491 1301 erectae
1517 1274 1547 1301 et
1573 1268 1724 1301 fundatae
1750 1274 1782 1301 et
1806 1280 1823 1301 a
1843 1260 2096 1303 no-iiniinc'conctiepciiii'*

1158 1319 1207 1352 bis
1233 1330 1291 1362 per
1327 1326 1518 1363 praesentes
1553 1327 1588 1353 ut
1623 1322 1805 1364 praefertur
1838 1333 1897 1365 ap-

1158 1374 1315 1415 probatae
1342 1374 1538 1414 huiusmodi,
1563 1375 1688 1407 felicem
1715 1381 1746 1407 et
1772 1376 1810 1408 ab
1829 1375 1901 1418 ipso

1159 1427 1310 1470 Philippo
1345 1437 1422 1469 rege
1454 1427 1662 1460 laudabiliter
1691 1429 1903 1471 concupitum

1158 1490 1342 1513 successum
1380 1486 1472 1519 vota,
1509 1486 1545 1512 ut
1580 1482 1693 1524 plures
1731 1482 1794 1514 huc
1826 1481 1905 1515 illuc

1160 1538 1347 1566 emanantes
1385 1533 1594 1566 scientiarum
1620 1534 1711 1566 rivuli
1738 1535 1770 1566 in
1803 1544 1903 1567 unum

1159 1586 1324 1629 aggregati
1365 1586 1534 1629 copiosum
1572 1587 1760 1619 earumdem
1798 1587 1906 1620 scien-

1160 1640 1274 1672 tiarum
1300 1639 1372 1673 illas
1406 1639 1591 1672 sitientibus
1623 1639 1800 1673 exhibeant
1825 1641 1900 1673 fou-

1161 1698 1235 1733 tem,
1255 1693 1542 1732 Tarraconensem,
1564 1692 1774 1733 herdensem,
1791 1693 1904 1726 Vicen—

1160 1757 1247 1785 sem,
1274 1746 1519 1779 Gerundensem
1546 1752 1577 1779 et
1603 1746 1903 1779 Barchinonensem

1160 1799 1388 1832 universitates
1414 1800 1574 1841 praelatas
1601 1805 1631 1831 et
1658 1810 1768 1831 earum
1793 1810 1905 1842 quam-

1161 1853 1240 1886 libet
1264 1852 1510 1889 abstrahentes,
1536 1863 1590 1884 eas
1624 1852 1669 1884 sic
1693 1863 1710 1884 a
1736 1851 1828 1885 nobis
1853 1852 1905 1885 ab·

1161 1911 1317 1944 stractas,
1344 1907 1406 1936 una
1431 1916 1502 1937 cuni
1531 1905 1685 1937 omnibus
1711 1910 1743 1936 et
1767 1904 1902 1947 singulis

1162 1959 1286 1991 illarum
1313 1963 1343 1990 et
1369 1958 1542 1990 cuiuslibet
1575 1968 1685 1990 earum
1720 1958 1904 2000 respective

1161 2011 1267 2050 bonis,
1294 2011 1435 2050 iuribus,
1462 2011 1667 2051 actionibus,
1694 2010 1906 2053 proprietati-

1162 2065 1230 2105 bus,
1256 2065 1361 2101 rebus,
1383 2064 1603 2103 bibliothecis,
1629 2064 1730 2103 libris,
1754 2064 1904 2104 scanmiS,

1162 2118 1305 2157 sedibus,
1324 2117 1460 2161 aliisque
1479 2117 1675 2150 utensilibus
1696 2117 1905 2160 quibuscum-

1162 2182 1223 2214 que
1248 2171 1287 2203 ad
1314 2181 1425 2203 earum
1452 2170 1630 2213 quamlibet
1656 2170 1906 2213 quomodolibet

1162 2224 1344 2267 respective
1362 2223 1585 2266 spectantibus
1605 2228 1637 2255 et
1655 2223 1903 2265 pertinentibus,

1162 2277 1266 2310 dictae
1297 2276 1504 2309 universitati
1529 2288 1546 2308 a
1572 2276 1717 2319 praefato
1752 2276 1904 2320 Philippo

1162 2341 1239 2373 rege
1263 2336 1298 2362 ut
1323 2330 1504 2373 praefertur
1529 2335 1656 2363 erectae
1682 2335 1714 2362 et
1739 2330 1902 2370 fundatae,

1163 2388 1194 2416 et
1219 2394 1236 2415 a
1261 2383 1354 2416 nobis
1371 2393 1431 2426 per
1447 2388 1641 2426 praesentes
1662 2388 1696 2414 ut
1721 2382 1905 2425 praefertur

1161 2436 1365 2479 approbatae
1403 2436 1467 2477 (ita
1505 2436 1592 2479 quod
1626 2447 1661 2468 ex
1697 2435 1848 2468 omnibus
1874 2440 1905 2467 et

1162 2488 1299 2531 singulis
1325 2488 1599 2528 universitatibus,
1619 2500 1635 2521 a
1653 2488 1746 2521 nobis
1763 2493 1797 2520 ut
1814 2498 1906 2531 prae-

1162 2542 1263 2574 fertur
1287 2541 1478 2581 abstractis,
1504 2547 1536 2574 et
1560 2547 1596 2574 ut
1621 2541 1703 2574 infra
1727 2541 1879 2574 uniendis
1896 2567 1905 2580 ‚

1161 2605 1226 2627 una
1251 2595 1415 2628 dumtaxat
1439 2594 1534 2627 studii
1561 2595 1724 2638 generalis
1745 2594 1905 2628 universi-
