2182 3137
48 260 101 291 Aa.
121 259 149 288 C.
169 258 238 288 ¹733

86 642 148 663 Fides
171 643 230 663 tran-

45 672 184 697 sumptorum.

76 1977 162 2002 Petltto.

863 259 1004 284 CLEMENS
1029 258 1076 283 ΧΠ
1102 259 1151 283 Pr.

241 309 406 353 expressis
422 319 458 343 ae
477 309 516 343 de
535 310 634 343 verbo
651 309 689 343 ad
706 308 839 342 verbum
855 307 986 340 insertis

241 362 414 404 habentes,
440 363 505 397 illis
531 363 609 397 alias
635 364 665 396 in
692 374 749 396 suo
775 363 891 395 robore
917 372 988 405 per-

240 416 409 457 mansuris,
424 417 462 450 ad
477 417 731 461 praemissorum
747 415 908 455 effectum,
928 415 987 447 bae

242 468 309 503 vice
335 470 520 511 dumtaxat,
547 470 737 514 specialiter
767 474 797 502 et
834 478 985 511 expresse

242 522 438 566 derogamus
463 536 469 564 ·,
505 524 684 568 ceterisque
717 521 889 556 contrariis
916 521 985 565 qui-

241 576 456 621 buscumque.

286 631 301 674 5
325 629 357 663 6.
391 630 542 664 Volumus
583 636 688 664 autem
728 636 762 662 ut
798 629 985 662 earumdem

241 684 461 727 praesentium
488 685 669 718 litterarum
688 682 908 726 transumptis,
928 692 985 715 seu

240 738 408 782 exemplis,
426 739 523 772 etiam
540 738 720 782 impressis,
736 748 833 770 manu
849 736 986 770 alicuius

241 792 359 825 notarii
377 792 499 836 publici
520 791 712 835 subscriptis
737 796 768 824 et
785 790 894 833 sigillo
914 800 987 834 per-

242 856 341 879 sonae
358 846 391 879 in
409 846 630 880 ecelesiastica
647 844 806 888 dignitate
828 844 986 877 eonstitu-

243 905 294 933 tae
312 899 458 940 munitis,
477 900 592 933 eadem
608 909 741 943 prorsus
755 897 835 930 fides
862 897 985 940 ubique

242 953 387 986 locorum
414 959 476 986 tam
495 952 527 985 in
546 952 665 986 iudicio
684 962 781 995 quam
800 957 889 984 extra
907 950 985 984 illud

242 1005 422 1046 habeatur,
450 1017 532 1049 quae
557 1005 635 1049 ipsis
669 1005 898 1048 praesentibus
932 1004 987 1037 lia-

241 1060 376 1094 beretur
400 1059 426 1093 si
454 1060 562 1093 forent
577 1059 740 1097 exhibitae
757 1060 805 1091 vel
825 1064 987 1091 ostensae.

287 1113 400 1146 Datum
425 1112 566 1153 Romae,
590 1112 675 1156 apud
707 1112 739 1145 S.
767 1111 898 1144 Mariam
923 1111 985 1144 Ma-

242 1167 356 1208 iorem,
387 1167 446 1199 sub
478 1167 601 1199 annulo
629 1165 825 1205 Piscatoris;
854 1165 905 1198 die
937 1174 987 1197 xiv

243 1220 423 1254 decembris
436 1229 633 1259 unccxxxui,
654 1219 868 1264 pontificatus
885 1217 986 1251 nostri

242 1284 329 1309 anno
345 1284 388 1308 lv.

280 1336 338 1364 Dat.
360 1336 403 1364 die
428 1337 457 1364 14
478 1335 633 1364 decembris
656 1335 733 1366 1733,
750 1335 844 1370 pontif,
861 1342 931 1362 anno
952 1341 987 1361 w.

561 1480 665 1514 CXXI.

243 1554 405 1588 Statutum
421 1581 430 1593 ,
458 1557 494 1586 ut
519 1553 702 1596 capitulum
726 1551 876 1595 yenerule
907 1551 988 1585 Con-

287 1607 489 1651 9reqati0m's
514 1606 634 1639 Montis
668 1605 786 1638 Olz'rcli
818 1605 989 1638 Mmmclto-

288 1671 363 1694 ‘rum
383 1659 518 1695 Ordinis
535 1660 640 1693 sancti
653 1658 822 1692 Benedicti
838 1658 875 1690 de
892 1658 990 1701 quin-

289 1715 432 1758 quenm'o
470 1714 505 1747 in
541 1713 781 1758 qw'uquem'um
817 1711 856 1744 ‹tf›
889 1715 989 1745 cetero

289 1769 474 1803 celebretur.

454 1850 591 1878 Clemens
612 1850 693 1884 Papa
714 1849 780 1881 xil,

388 1895 425 1922 ad
445 1895 581 1922 futuram
602 1894 648 1922 rei
668 1894 855 1922 memoriam.

291 1968 306 2011 ᾗ
330 1967 361 2000 t.
389 1967 487 2008 Cum,
514 1967 597 2000 sicut
623 1967 760 2000 dilectus
793 1966 877 1999 silius
911 1976 987 2009 pro-

246 2026 378 2054 curator
398 2021 562 2064 generalis
584 2020 856 2063 Congregationis
874 2019 990 2052 Montis

245 2074 359 2109 Oliveti
386 2074 621 2107 monachorum
648 2073 776 2107 Ordinis
809 2072 840 2106 S.
880 2073 986 2106 Bene-

246 2129 333 2169 dicti,
354 2134 415 2161 tam
438 2139 495 2162 sno
513 2139 610 2172 quam
630 2128 760 2161 maioris
778 2127 878 2171 partis
896 2128 990 2161 abba-

246 2188 311 2216 tum
337 2182 442 2216 dictae
467 2181 735 2225 Congregationis
761 2182 907 2222 nomine,
934 2193 990 2216 no-

246 2235 296 2270 bis
322 2246 427 2280 nuper
444 2235 562 2280 exponi
589 2236 676 2276 feeit,
695 2236 767 2279 ipsi,
789 2236 924 2270 feliciori
944 2248 992 2269 re-

247 2290 359 2334 gimini
387 2290 417 2323 in
444 2290 667 2334 spiritualibus
693 2295 721 2323 et
743 2290 989 2334 temporalibus,

247 2350 342 2388 atque
368 2343 573 2377 indemnitati
600 2343 745 2376 eiusdem
764 2344 992 2387 Congregatio-

246 2398 297 2431 nis
322 2399 548 2442 prospiciendi
563 2398 689 2438 studio,
712 2398 797 2431 illius
815 2398 991 2441 capitulum

248 2452 424 2495 generale,
452 2452 540 2496 quod
566 2451 701 2493 singulis
735 2451 882 2485 trienniis
920 2452 991 2494 cogi

248 2505 434 2545 consuevit,
462 2504 591 2538 nonnisi
625 2505 664 2538 de
701 2504 928 2548 quinquennio
960 2505 992 2537 in

1032 307 1117 341 idem
1129 312 1321 351 procurator
1333 309 1497 352 generalis
1516 307 1686 342 humiliter
1703 318 1773 351 sup-

1032 362 1145 405 plicari
1165 362 1249 402 feeit,
1269 369 1428 406 quatenus
1454 363 1485 396 in
1512 362 1700 406 praemissis
1717 373 1774 405 op-

1033 421 1172 458 portune
1198 416 1369 458 providere
1392 422 1423 449 et
1442 423 1474 449 ut
1493 416 1575 449 iufra
1602 415 1774 457 indulgere

1032 469 1070 501 de
1096 469 1295 512 benignitate
1322 470 1501 513 apostolica
1527 470 1750 512 dignaremur.

1075 522 1089 564 ξ
1121 522 1152 554 ⁰2.
1180 522 1244 556 Nos
1276 523 1399 565 igitur,
1433 523 1488 566 qui
1520 528 1639 555 rectam
1676 522 1775 566 ipsius

1030 574 1298 617 Congregationis
1313 576 1653 614 administrationem,
1674 586 1709 607 ac
1732 576 1775 607 le-

1031 633 1215 660 vamentum
1235 628 1372 661 sinceris
1391 635 1580 671 exoptamus
1599 628 1773 666 all'eetibus,

1031 682 1135 714 dictos
1161 688 1409 724 procuratorem
1436 683 1621 724 generalem
1657 687 1687 714 et
1720 683 1774 713 ab-

1032 735 1121 766 bates
1147 735 1306 777 speciales
1335 735 1495 768 favoribus
1521 740 1551 767 et
1569 735 1681 777 gratiis
1700 746 1775 778 pro-

1030 788 1121 830 sequi
1160 788 1333 829 volentes‚
1370 798 1551 831 eorumque
1589 788 1773 830 singulares

1031 850 1187 884 personas
1203 852 1218 872 a
1233 840 1401 883 quibusvis
1416 840 1772 878 excommunicationis,

1031 894 1254 937 suspensionis
1281 899 1312 926 et
1338 893 1501 926 interdicti
1519 921 1526 933 ,
1556 894 1691 937 aliisque
1725 903 1776 925 ee-

1031 947 1222 980 clesiasticis
1249 947 1444 986 sententiis,
1472 946 1617 979 censuris
1643 951 1675 978 et
1699 956 1776 989 poc-

1031 1000 1097 1040 nis,
1124 1011 1140 1033 a
1166 1000 1233 1033 iure
1259 1001 1309 1033 vel
1335 1001 1374 1033 ab
1395 1000 1536 1041 bomine,
1554 999 1666 1043 quavis
1685 1010 1776 1032 occa-

1032 1054 1121 1087 sione
1147 1055 1197 1087 vel
1224 1056 1320 1087 causa
1345 1054 1430 1093 latis,
1455 1053 1481 1086 si
1501 1053 1617 1097 quibus
1640 1064 1777 1096 quomo-

1032 1109 1155 1142 dolibet
1180 1109 1352 1141 innodatae
1379 1108 1530 1148 existunt,
1558 1108 1596 1140 ad
1627 1107 1776 1140 effectum

1032 1163 1253 1206 praesentium
1281 1163 1447 1196 dumtaxat
1478 1161 1775 1205 consequendum,

1033 1217 1148 1249 barum
1186 1217 1270 1250 serie
1304 1216 1512 1249 absolventes
1547 1221 1578 1248 et
1612 1215 1777 1248 absolutas

1033 1271 1102 1304 sore
1128 1276 1322 1310 censentes,
1350 1270 1539 1303 huiusmodi
1566 1269 1778 1313 supplicatio-

1033 1325 1128 1358 nibus
1154 1325 1321 1365 inelinati,
1349 1330 1383 1357 ut
1407 1324 1446 1357 de
1468 1330 1580 1356 cetero
1598 1322 1776 1366 capitulum

1033 1379 1186 1420 generale
1211 1377 1485 1420 Congrcgationis
1509 1377 1674 1420 praefatae
1700 1386 1779 1419 quo-

1034 1431 1113 1464 libet
1137 1431 1364 1475 quinquennio
1391 1442 1407 1463 a
1432 1430 1580 1474 proxime
1603 1430 1712 1463 futuro
1726 1440 1779 1463 ca-

1034 1485 1137 1529 pitulo
1164 1485 1338 1528 generali,
1372 1485 1459 1528 quod
1496 1495 1580 1518 anno
1611 1494 1778 1518 ninccxxxv

1034 1539 1265 1572 celebrandum
1292 1538 1367 1579 erit,
1387 1538 1588 1582 incipiendo,
1613 1544 1708 1582 atque
1735 1538 1779 1571 ita

1035 1593 1201 1636 perpetuis
1228 1593 1345 1626 suturis
1379 1592 1578 1636 tenuioribus
1612 1593 1650 1625 de
1684 1592 1779 1635 quin-

1035 1647 1178 1690 quennio
1206 1647 1237 1679 in
1264 1646 1528 1690 qulnqtlennlttnt
1555 1645 1778 1679 continuando

1035 1700 1246 1740 celebretur,
1286 1700 1398 1744 sieque
1437 1699 1612 1741 dignitates
1651 1704 1682 1732 et
1718 1699 1780 1732 alia

1035 1764 1170 1787 munera
1195 1760 1226 1787 et
1251 1754 1357 1787 officia
1383 1753 1529 1786 eiusdem
1548 1753 1781 1795 Congregatio-

1035 1807 1095 1847 nis,
1121 1818 1203 1850 quae
1222 1807 1365 1841 triennio
1386 1807 1613 1846 terminantur,
1631 1807 1668 1839 ad
1689 1805 1781 1849 quiu-

1035 1861 1215 1904 quennium
1231 1861 1342 1894 itidem
1357 1861 1570 1904 imposterum
1586 1860 1779 1903 perdurent;

1035 1914 1078 1947 ita
1099 1920 1207 1947 tamen
1233 1919 1269 1947 ut
1298 1915 1434 1948 durante
1452 1913 1679 1958 quinquennio
1697 1913 1780 1946 eius-

1035 1969 1124 2002 modi
1141 1968 1250 2002 omnia
1269 1974 1300 2002 et
1316 1968 1441 2012 singula
1459 1967 1658 2001 monasteria
1676 1967 1780 2001 dictae

1035 2022 1308 2066 Congregationis
1334 2022 1400 2062 bis,
1428 2022 1572 2055 secundo
1591 2021 1727 2061 scilicet,
1749 2027 1781 2054 et

1036 2082 1152 2120 quarto
1175 2086 1269 2116 anno,
1288 2076 1409 2108 visitari
1437 2075 1596 2115 debcant,
1623 2085 1659 2108 ac
1685 2075 1780 2108 tertio

1036 2140 1122 2163 anno
1139 2129 1322 2162 visitatores
1339 2129 1462 2162 diaetae
1479 2128 1582 2172 ipsius
1598 2128 1781 2171 Congrega·

1037 2183 1134 2216 tionis
1160 2183 1191 2216 in
1219 2183 1415 2216 monasterio
1440 2182 1558 2216 Montis
1585 2182 1697 2215 Oliveti
1716 2193 1781 2215 ma·

1036 2236 1114 2270 ioris
1139 2236 1316 2279 nuncupati
1336 2235 1553 2269 celebrandae
1580 2234 1779 2268 intervenire

1037 2295 1221 2329 teneantur,
1240 2289 1437 2322 auctoritate
1455 2288 1644 2332 apostolica,
1666 2293 1779 2321 tenore

1037 2343 1275 2387 praesentium,
1304 2342 1476 2375 statuimus
1512 2346 1544 2374 et
1577 2341 1777 2374 ordinamus.

1080 2396 1149 2439 53.
1180 2396 1400 2429 Decernentes
1420 2422 1427 2435 ,
1462 2395 1548 2438 ipsas
1586 2399 1779 2438 praesentes

1037 2450 1162 2482 litteras
1188 2459 1320 2492 semper
1345 2448 1466 2489 sirmas,
1485 2448 1606 2481 validas
1631 2453 1660 2481 et
1680 2448 1781 2481 effica-

1037 2513 1089 2536 ces
1115 2503 1255 2536 existere
1282 2507 1313 2535 et
1339 2502 1423 2542 sore,
1450 2511 1592 2545 suosque
1615 2501 1782 2544 plenarios

249 2555 511 2600 quinquennium
537 2555 692 2598 deinceps
722 2555 920 2588 celebratum
954 2556 992 2588 iri
1036 2562 1068 2590 et
1092 2557 1236 2599 integros
1261 2555 1396 2588 ell'eetus
1422 2555 1533 2587 sortiri
1560 2560 1592 2588 et
1616 2555 1778 2595 obtinere,

250 2620 458 2654 summopere
476 2608 673 2643 desideret¹:
702 2610 795 2643 nobis
817 2615 993 2654 propterea
1036 2621 1073 2644 ae
1098 2610 1173 2651 illis,
1201 2610 1238 2643 ad
1266 2619 1348 2652 quos
1365 2614 1488 2652 spectat.
1506 2614 1537 2641 et
1554 2619 1612 2652 pro
1632 2614 1780 2653 tempore

288 2674 298 2699 1
321 2671 412 2700 Potius
432 2672 494 2708 lege
514 2671 676 2700 desiderent
697 2673 733 2703 (R.
753 2673 799 2706 T.)

1014 2664 1310 2708 tquantlocumque
1342 2662 1526 2707 spectabit⁷
1561 2663 1591 2695 in
1631 2663 1780 2697 omnibus

1667 249 1731 283 563
1778 258 1831 285 An.
1853 258 1969 287 C.1733

1823 531 1929 553 Statuitur
1949 536 1971 553 ut

1788 564 1807 578 in
1824 559 1918 580 rubrica.

1820 2404 1941 2426 crunam.
