2182 3137
48 256 99 282 An.
115 254 146 280 C.
173 252 243 280 1732

64 648 234 674 uagumenorum

51 675 108 705 quod
134 674 162 694 sit
189 673 234 693 cm-

51 707 115 722 oium.

242 301 400 340 diligenter
422 297 601 339 promulgari
624 302 652 327 et
672 293 833 326 observari.
867 292 982 322 Utrius-

244 359 302 390 que
334 350 422 380 etiam
444 349 573 379 savorem
596 351 623 376 et
645 344 857 385 protectionem
880 340 982 371 Ordini

243 403 343 429 nostro
365 397 516 428 conciliari
538 396 674 431 studeat3
701 393 776 433 quod
799 392 877 422 idem
899 399 983 430 prae-

244 453 302 478 stet
324 457 389 477 0001
412 446 558 486 episcopis
584 445 714 475 locorum
743 440 911 476 ordinariis,
942 442 983 468 at-

245 507 300 536 que
323 495 544 535 magistratibus
566 493 660 530 laicis,
678 493 706 522 in
723 498 847 531 quorum
870 488 983 518 ditione

245 544 423 574 monasteria
447 548 546 573 nostra
569 543 622 572 sita
645 545 724 570 sunt.

388 593 456 623 CAP.
479 592 525 622 lv.
550 610 584 614 -
607 590 648 620 De
670 588 837 627 hegumenis.

285 651 304 671 1.
339 641 501 680 Hegumeni
537 644 663 679 quatuor
695 638 725 667 in
758 633 985 674 congregatione

245 691 376 728 generali
398 689 526 727 eligendi
549 693 629 726 sunt,
646 687 695 726 qui
711 685 845 715 abbatem
864 692 985 722 genera-
1004 695 1006 728 g

246 739 302 769 lem
321 739 350 769 in
367 739 580 777 gubernatione
596 738 685 767 totius
700 734 818 766 Ordinis
833 733 982 763 adiuvent.
1006 752 1007 761 ,

286 788 328 818 Ad
351 789 582 826 hegumenorum
605 794 673 815 vero
695 784 897 814 auctoritatem
921 790 986 820 per·
1006 799 1007 802 =

1006 850 1007 854 ,
1028 825 1197 863 gregatione
1226 825 1382 863 singularis
1404 835 1467 855 esse
1490 826 1664 862 5001001100,
1682 835 1766 855 nemo

248 837 336 867 tinet:

326 885 446 923 Primo,
470 888 502 914 ut
534 884 564 913 in
596 882 675 912 omni
707 880 936 919 congregatione
957 882 986 908 et

246 937 328 964 extra
360 933 619 972 congregationem
649 931 775 971 primum
803 930 899 960 locum
922 932 987 968 post

247 982 382 1012 abbatem
404 982 570 1020 generalem
593 985 726 1017 teneant,

325 1031 472 1068 Secundo,
491 1031 519 1060 in
543 1029 680 1060 omnibns
702 1028 827 1067 negotiis
849 1027 988 1057 deciden-

246 1080 301 1117 dis,
325 1080 358 1110 ad
382 1090 464 1110 suam
487 1084 515 1109 et
541 1079 575 1109 ad
597 1079 764 1118 generalem
787 1076 988 1115 congregatio-

216 1149 219 1153 ·
246 1138 313 1159 nem
336 1129 496 1165 devolutis,
521 1128 697 1158 sententiam
720 1126 900 1156 definitivam
925 1128 988 1163 post

247 1177 382 1207 abbatem
401 1178 569 1216 generalem
590 1178 707 1214 serunt3

326 1227 434 1262 Tertio,
452 1229 511 1256 unit
526 1236 592 1256 cum
608 1226 711 1256 abbate
735 1225 864 1264 generali
886 1233 988 1254 omnes

248 1276 365 1307 abbates
402 1281 463 1306 tum
498 1276 715 1315 provinciarum
750 1280 811 1304 tum
845 1278 989 1304 monaste-

248 1327 359 1356 riorum
381 1327 586 1362 constituunt,
611 1330 649 1361 et,
674 1326 697 1354 si
721 1334 794 1363 opus
816 1324 917 1359 suerit,
939 1323 989 1353 de-

248 1376 386 1411 stituunt,
404 1375 448 1405 vel
465 1375 528 1404 loco
544 1374 680 1404 abbatum
697 1374 900 1403 defunctorum
916 1372 988 1401 alios
1010 1394 1011 1404 ,

249 1423 452 1453 substituunt:
472 1423 548 1453 idem
572 1422 740 1457 dicendum,
765 1422 788 1451 >i
812 1422 877 1460 quis
900 1421 990 1458 hegu-
1011 1433 1012 1438 ¹

250 1482 401 1502 menorum
425 1472 550 1509 obierit,
585 1476 708 1511 possunt
741 1471 818 1500 enim
841 1471 904 1500 eius
927 1470 989 1500 loco

250 1522 340 1552 alium
363 1522 471 1560 eligere
495 1531 560 1551 cum
584 1521 688 1551 abbate
711 1521 861 1559 generali,

329 1571 437 1607 Quarto
452 1596 459 1610 ‚
483 1580 549 1600 cum
573 1571 673 1600 eodem
708 1570 813 1599 abbate
836 1569 988 1608 generali,

251 1625 299 1650 aut
323 1630 355 1649 00
378 1630 393 1650 0
416 1620 489 1649 vivis
512 1626 611 1659 erepto
628 1620 671 1649 vel
688 1619 820 1657 legitime
836 1619 987 1657 impedito⁷

251 1669 303 1699 soli
328 1674 448 1708 possunt
470 1669 605 1707 quintum
639 1668 835 1706 hegumenum
869 1668 988 1705 eligere,

251 1719 301 1757 qui
335 1718 429 1747 locum
461 1722 556 1757 quarti
590 1722 685 1747 teneat
710 1717 738 1746 in
762 1727 795 1746 eo
818 1726 908 1753 casn,
933 1726 990 1755 quo

252 1766 363 1806 primus
385 1767 588 1804 hegumenus,
609 1770 755 1804 tamquam
781 1765 919 1800 vicarius,
942 1765 991 1794 ab-

251 1815 317 1845 bate
333 1815 463 1853 generali
480 1814 609 1852 legitime
623 1814 764 1853 impedito
780 1818 828 1843 aut
840 1814 989 1852 defuncto,

252 1864 304 1893 toti
332 1863 435 1894 Ordini
457 1872 591 1903 praeesse
613 1862 729 1892 debebit
752 1872 844 1902 usque
867 1863 901 1892 ad
924 1864 990 1893 nori

252 1912 365 1942 abbatis
387 1912 531 1950 generalis
553 1912 724 1941 electionem
743 1922 749 1947 ;
774 1921 873 1950 quam,
898 1912 920 1940 si
944 1922 992 1941 ex·
1013 1928 1014 1943 2

254 1961 354 2001 pedire
378 1962 471 1991 visum
488 1961 587 1998 fuerit,
606 1966 727 1999 possunt
749 1961 836 1990 etiam
861 1961 990 1996 differre,

253 2010 346 2040 donec
377 2010 535 2040 triennium
568 2010 722 2049 expleatur
737 2033 744 2047 ,
768 2019 825 2048 quo
847 2010 993 2048 generalis

254 2060 442 2098 congregatio
465 2059 650 2089 convocanda
674 2059 739 2088 erit.
764 2058 810 2088 Sic
826 2059 912 2088 etiam
930 2070 994 2098 pos-

253 2113 322 2138 sunt
345 2109 486 2138 vicarimn
502 2108 659 2146 hegumeni
678 2107 830 2146 deputare,
855 2108 877 2136 si
901 2109 994 2138 muti-

253 2158 329 2195 gerit
351 2157 433 2187 illnm
456 2168 490 2186 ex
514 2157 643 2195 legitima
670 2158 759 2186 causti
781 2156 816 2186 ab
839 2157 926 2187 oflicii
949 2158 994 2187 sui

253 2207 426 2237 executione
447 2206 605 2245 impediri;

333 2256 463 2293 Quinto,
487 2259 608 2294 possunt
640 2254 805 2292 generalem
837 2263 996 2292 congrega-

255 2305 366 2335 tionem
390 2313 567 2342 convocare,
592 2303 707 2343 qnando
736 2303 824 2333 abbas
851 2303 995 2341 generalis

254 2355 283 2385 in
308 2364 356 2384 eos
379 2363 464 2383 casus
486 2353 634 2390 inciderit,
652 2352 688 2382 ob
706 2362 778 2392 quos
801 2352 836 2382 de
859 2352 921 2382 eius
944 2362 997 2391 pu-

255 2403 333 2433 blica
360 2402 611 2442 reprehensione,
635 2406 684 2431 aut
706 2401 741 2431 ab
764 2401 851 2431 oflicii
874 2410 997 2440 suspen-

255 2453 348 2489 sione,
367 2456 416 2481 aut
431 2452 519 2481 etiam
535 2450 718 2489 depositione
734 2450 879 2488 agendum
903 2455 994 2480 esset:

255 2501 340 2531 modo
362 2505 458 2530 tamen
474 2499 651 2529 conveniant
666 2498 804 2536 suffragia
824 2499 910 2528 trium
927 2498 999 2528 alio-

255 2559 321 2580 rum
343 2549 493 2584 abbatum,
517 2556 589 2586 quos
612 2547 641 2577 in
665 2547 715 2577 tali
738 2556 807 2576 casu
835 2556 996 2576 convocare

256 2598 385 2635 debent,
409 2602 436 2627 et
464 2602 533 2627 tunc
555 2596 692 2634 suffragia
715 2596 825 2626 maiora
850 2596 998 2635 praevale-

256 2647 328 2678 bunt
343 2658 350 2683 ς

344 2704 423 2731 uult.
448 2704 530 2730 Rom.
555 2717 585 2722 —
610 2702 669 2728 Vol.
689 2701 798 2728 XXIII.
944 2701 978 2726 45

871 244 1013 269 CLEMENS
1038 244 1082 267 x11
1106 245 1156 268 PP.

1102 291 1202 330 Sexto,
1220 291 1317 322 omnia
1333 296 1361 322 et
1375 291 1489 330 singula
1513 291 1607 320 facere
1630 292 1761 329 possunt,

1024 349 1097 378 quae
1118 340 1190 380 ipsis
1214 350 1262 379 per
1285 341 1511 370 constitutiones
1533 343 1729 369 reservantur.

1063 397 1094 417 11.
1117 388 1225 418 Curare
1246 389 1353 418 debent
1375 389 1547 427 hegumeni,
1571 393 1603 418 ut
1625 397 1691 418 cum
1714 387 1764 417 ab-

1025 435 1091 466 bate
1115 437 1244 474 generali
1261 438 1418 476 perfectam
1438 437 1622 467 concordiam
1646 442 1674 467 et
1696 437 1765 466 obe-

1025 484 1163 514 dientiam
1196 490 1335 522 servent3
1369 485 1456 524 idque
1490 491 1550 516 tum
1587 486 1669 515 factis
1702 490 1762 515 tum

1026 532 1123 562 verbis
1145 533 1321 571 ostendant,
1344 535 1549 564 auctoritatem
1571 534 1664 573 ipsius
1686 534 1763 573 apud

1027 590 1126 610 omnes
1142 591 1199 610 non
1216 581 1310 611 solum
1326 583 1537 618 conservando,
1554 583 1604 611 sed
1628 582 1764 612 omnibus

1027 630 1127 666 etiam,
1144 629 1251 668 quibus
1267 634 1415 669 poterunt,
1433 631 1525 659 modis
1541 631 1685 669 augendo.
1706 631 1764 671 Ipsi

1027 687 1096 708 vero
1118 679 1195 708 inter
1217 688 1247 708 se
1269 679 1298 708 10
1321 679 1474 708 sententiis
1497 680 1623 709 ferendis
1645 689 1766 709 consen-

1029 727 1112 763 tiant,
1136 727 1268 766 alterque
1291 727 1415 757 alterum
1439 728 1547 757 honore
1563 729 1763 766 praeveniant.

1028 774 1058 804 Si
1081 780 1179 805 autern
1201 776 1368 813 contigerit,
1387 776 1513 816 aliquem
1531 786 1631 805 eorum
1654 776 1684 805 in
1699 786 1766 806 con-

1029 873 1064 903 ab
1086 873 1135 903 illo
1158 874 1246 903 ullam
1269 875 1452 904 aversionem
1477 874 1582 904 habeat
1604 875 1648 904 vel
1671 879 1767 904 osten-

1006 922 1008 927 '
1029 923 1088 953 dat.
1112 924 1190 959 Quae
1221 933 1288 953 vero
1310 924 1340 953 10
1363 924 1588 962 congregatione
1620 925 1766 963 proposita

1029 977 1078 1002 001
1105 973 1182 1002 dicta
1215 977 1304 1008 sunt,
1327 982 1412 1002 nemo
1434 973 1551 1003 illorum
1575 973 1695 1009 revelet,
1720 977 1768 1003 aut

1007 1030 1009 1037 ⁴
1031 1022 1095 1051 aliis
1118 1022 1238 1059 indicet,
1262 1022 1316 1052 sub
1335 1024 1429 1062 poena
1451 1023 1486 1051 ad
1509 1022 1624 1052 libitum
1646 1032 1767 1061 congre-

1030 1071 1157 1110 gationis
1188 1072 1428 1110 hegumenorum.
1450 1071 1529 1106 Quae
1551 1072 1667 1101 demum
1700 1072 1770 1101 deti-

1030 1120 1159 1155 meatur,
1177 1130 1208 1150 ea
1225 1130 1277 1160 per
1298 1121 1489 1150 secretarium
1511 1121 1667 1160 descripta,
1692 1121 1770 1159 sigil-

1032 1169 1126 1208 lisque
1157 1169 1270 1198 abbatis
1302 1169 1447 1207 generalis
1480 1173 1507 1199 et
1537 1169 1769 1208 uniuscuiusque

1033 1218 1282 1256 begumenorum,
1307 1227 1468 1257 manusque
1504 1227 1605 1247 eorum
1642 1217 1770 1247 subscri-

1033 1268 1130 1306 ptione
1153 1268 1278 1301 firmata,
1295 1277 1360 1297 cum
1384 1277 1456 1307 opus
1477 1277 1541 1297 esse
1563 1268 1767 1306 indicaverint,

1009 1316 1308 1355 3promulgabnntur.
1346 1317 1500 1355 Exemplar
1535 1322 1631 1346 antem
1667 1316 1768 1347 eodem

1033 1366 1117 1395 modo
1149 1367 1296 1395 firmatum
1319 1370 1347 1395 01
1369 1365 1564 1405 subscriptum
1588 1366 1617 1395 in
1640 1366 1770 1396 archivio

1032 1415 1150 1445 Ordinis
1172 1415 1406 1445 conservabitur.

1072 1474 1113 1494 111.
1146 1464 1299 1494 Ordinaria
1337 1464 1568 1502 hegumenorum
1600 1464 1769 1501 residentia,

1033 1514 1276 1554 quandocumque
1293 1513 1355 1542 lieri
1375 1517 1479 1551 potest,
1496 1515 1556 1541 0011
1578 1522 1643 1542 cum
1666 1511 1771 1543 abbate

1033 1563 1164 1602 generali
1194 1567 1251 1592 0111
1274 1562 1303 1591 in
1327 1561 1505 1591 monasterio
1534 1571 1586 1601 per
1613 1571 1772 1600 congrega-

1035 1613 1141 1642 tionem
1164 1611 1330 1649 generalem
1353 1610 1531 1649 depntando‚
1549 1620 1563 1639 0
1586 1620 1654 1649 (100,
1672 1610 1774 1640 incon-

1033 1661 1112 1690 sulta
1143 1660 1370 1698 congregatione
1403 1659 1657 1697 hegumenorum,
1688 1668 1773 1689 nemo

1033 1711 1151 1740 illorum
1175 1710 1280 1749 poterit
1302 1708 1429 1745 abesse3
1463 1718 1558 1747 neque
1591 1708 1773 1738 ordinarium

1034 1759 1159 1789 01100105
1182 1758 1350 1788 monasterii
1373 1758 1503 1795 regimen
1527 1767 1675 1787 exercere.
1692 1758 1773 1793 Quod

1034 1809 1058 1838 si
1081 1808 1238 1846 contigerit
1266 1807 1433 1846 qnempiam
1461 1816 1561 1835 eorum
1585 1816 1618 1835 ex
1642 1806 1774 1845 legitima

1035 1859 1120 1886 causa
1135 1880 1142 1893 ,
1166 1857 1196 1886 in
1219 1856 1322 1885 eadem
1357 1855 1588 1892 hegumenornm
1618 1864 1775 1893 congrega—

1036 1907 1113 1935 tione
1138 1904 1300 1944 probanda,
1317 1904 1351 1933 ad
1369 1903 1537 1933 monasterii
1562 1904 1694 1941 regimen
1713 1904 1773 1933 sive

1036 1955 1232 1984 visitationem
1265 1953 1410 1992 deputari,
1435 1953 1464 1982 in
1487 1963 1544 1992 quo
1567 1953 1663 1982 ol'ticio
1696 1953 1773 1983 01110

1035 2013 1088 2033 sex
1106 2012 1221 2032 menses
1244 2002 1355 2031 versari
1374 2001 1487 2036 debeat,
1507 2006 1574 2031 tune
1597 2002 1725 2031 vicarius
1747 2002 1774 2031 ei

1036 2052 1070 2081 ab
1093 2053 1194 2082 eadem
1211 2052 1441 2089 hegumenornm
1457 2050 1683 2088 congregatione
1706 2049 1774 2079 sub-

1037 2101 1202 2131 stituendus
1224 2101 1291 2137 erit,
1315 2100 1364 2138 qui
1388 2099 1464 2128 vices
1486 2099 1580 2137 ipsius
1601 2103 1629 2128 et
1651 2099 1776 2128 auctori-

1037 2155 1124 2181 tatem
1156 2154 1248 2188 gerat,
1283 2153 1314 2178 ut
1347 2148 1458 2178 scilieet
1490 2157 1629 2177 numerus
1651 2152 1775 2186 quatuor

1038 2202 1280 2239 hegumenorum,
1298 2197 1394 2227 abbati
1411 2197 1539 2235 generali
1562 2196 1772 2233 assistentium,

1038 2258 1187 2289 nunquam
1210 2248 1370 2277 minuatur.

1136 2300 1209 2328 Car.
1234 2297 1265 2327 V.
1280 2314 1319 2318 —-
1335 2296 1373 2325 De
1394 2295 1486 2324 abbate
1506 2294 1674 2333 provinciae.

1077 2357 1096 2377 1.
1120 2347 1216 2377 Abbas
1240 2345 1406 2385 provinciae
1430 2345 1458 2373 in
1483 2343 1709 2381 congregatione
1725 2342 1774 2372 110-

1037 2405 1230 2435 gumenorum
1253 2395 1377 2432 eligatur
1400 2392 1434 2422 ab
1457 2392 1559 2421 abbate
1588 2392 1718 2430 generali
1747 2396 1776 2421 et

1038 2456 1053 2476 a
1076 2450 1200 2486 quatuor
1223 2443 1406 2481 hegumenis,
1430 2441 1514 2471 cuius
1537 2441 1696 2470 auctoritas
1719 2444 1776 2470 ter-

1039 2496 1126 2526 minis
1156 2504 1225 2523 suae
1255 2492 1422 2532 provinciae
1454 2490 1626 2520 includitur.
1657 2490 1778 2519 Provin-

1039 2546 1100 2575 ciae
1122 2549 1217 2574 autem
1236 2565 1243 2579 ,
1267 2550 1426 2579 earumque
1448 2539 1584 2569 abbatum
1618 2538 1777 2568 residentia

1039 2595 1068 2624 10
1091 2590 1317 2630 congregatione
1339 2589 1468 2627 generali
1491 2588 1670 2626 designetur.
1695 2587 1777 2617 Eius-

1039 2643 1104 2672 dem
1128 2638 1363 2678 congregationis
1386 2637 1507 2667 arbitrio
1529 2636 1583 2666 erit
1610 2635 1778 2666 huiusmodi

1661 231 1725 265 353
1771 240 1820 264 an.
1837 238 1865 264 c.
1889 236 1956 263 ¹732

1820 1470 1897 1492 Eorum
1912 1468 1965 1489 resi-

1782 1498 1862 1519 dantia.
