<?xml version="1.0" encoding="UTF-8"?>
<!DOCTYPE html PUBLIC "-//W3C//DTD XHTML 1.0 Transitional//EN"
    "http://www.w3.org/TR/xhtml1/DTD/xhtml1-transitional.dtd">
<html xmlns="http://www.w3.org/1999/xhtml" xml:lang="en" lang="en">
 <head>
  <title>
</title>
<meta http-equiv="Content-Type" content="text/html;charset=utf-8" />
  <meta name='ocr-system' content='tesseract 3.04.00' />
  <meta name='ocr-capabilities' content='ocr_page ocr_carea ocr_par ocr_line ocrx_word'/>
</head>
<body>
  <div class='ocr_page' id='page_1' title='image "./bullarumdiplomat23cath_0392.png"; bbox 0 0 2182 3137; ppageno 0'>
   <div class='ocr_carea' id='block_1_1' title="bbox 186 211 484 247">
    <p class='ocr_par' dir='ltr' id='par_1_1' title="bbox 186 211 484 247">
     <span class='ocr_line' id='line_1_1' title="bbox 186 211 484 247; baseline -0.01 0"><span class='ocrx_word' id='word_1_1' title='bbox 186 221 236 247; x_wconf 78' lang='lat' dir='ltr'>An.</span> <span class='ocrx_word' id='word_1_2' title='bbox 256 219 286 246; x_wconf 87' lang='lat' dir='ltr'>c.</span> <span class='ocrx_word' id='word_1_3' title='bbox 306 219 374 246; x_wconf 77' lang='lat'>¹732</span> <span class='ocrx_word' id='word_1_4' title='bbox 419 211 484 244; x_wconf 74' lang='lat'>370</span> 
     </span>
    </p>
   </div>
   <div class='ocr_carea' id='block_1_2' title="bbox 188 268 1135 1973">
    <p class='ocr_par' dir='ltr' id='par_1_2' title="bbox 381 268 1125 403">
     <span class='ocr_line' id='line_1_2' title="bbox 462 268 1125 307; baseline -0.003 -9"><span class='ocrx_word' id='word_1_5' title='bbox 462 269 596 298; x_wconf 77' lang='lat' dir='ltr'>Fratres:</span> <span class='ocrx_word' id='word_1_6' title='bbox 614 269 712 297; x_wconf 82' lang='lat' dir='ltr'>Amen.</span> <span class='ocrx_word' id='word_1_7' title='bbox 730 268 763 298; x_wconf 84' lang='lat' dir='ltr'>Et</span> <span class='ocrx_word' id='word_1_8' title='bbox 778 272 910 306; x_wconf 78' lang='lat' dir='ltr'>surgant.</span> <span class='ocrx_word' id='word_1_9' title='bbox 926 268 1048 307; x_wconf 87' lang='lat' dir='ltr'>eiusque</span> <span class='ocrx_word' id='word_1_10' title='bbox 1064 277 1125 296; x_wconf 88' lang='lat' dir='ltr'>ma-</span> 
     </span>
     <span class='ocr_line' id='line_1_3' title="bbox 382 316 1125 355; baseline 0 -9"><span class='ocrx_word' id='word_1_11' title='bbox 382 327 452 346; x_wconf 92' lang='lat' dir='ltr'>num</span> <span class='ocrx_word' id='word_1_12' title='bbox 474 317 630 346; x_wconf 74' lang='lat' dir='ltr'>ordinatim</span> <span class='ocrx_word' id='word_1_13' title='bbox 652 317 843 355; x_wconf 79' lang='lat' dir='ltr'><strong>osculantur,</strong></span> <span class='ocrx_word' id='word_1_14' title='bbox 867 321 896 346; x_wconf 90' lang='lat' dir='ltr'>et</span> <span class='ocrx_word' id='word_1_15' title='bbox 918 317 955 346; x_wconf 88' lang='lat' dir='ltr'>ad</span> <span class='ocrx_word' id='word_1_16' title='bbox 977 326 1045 346; x_wconf 91' lang='lat' dir='ltr'>suas</span> <span class='ocrx_word' id='word_1_17' title='bbox 1067 316 1125 346; x_wconf 91' lang='lat' dir='ltr'>sin-</span> 
     </span>
     <span class='ocr_line' id='line_1_4' title="bbox 381 365 729 403; baseline 0 -9"><span class='ocrx_word' id='word_1_18' title='bbox 381 365 442 403; x_wconf 88' lang='lat' dir='ltr'><strong>guli</strong></span> <span class='ocrx_word' id='word_1_19' title='bbox 466 365 553 395; x_wconf 89' lang='lat' dir='ltr'>cellas</span> <span class='ocrx_word' id='word_1_20' title='bbox 576 365 729 395; x_wconf 86' lang='lat' dir='ltr'>secedunt.</span> 
     </span>
    </p>

    <p class='ocr_par' dir='ltr' id='par_1_3' title="bbox 381 413 1126 502">
     <span class='ocr_line' id='line_1_5' title="bbox 381 413 1126 452; baseline -0.001 -9"><span class='ocrx_word' id='word_1_21' title='bbox 381 415 450 443; x_wconf 75' lang='lat' dir='ltr'><strong>CAP.</strong></span> <span class='ocrx_word' id='word_1_22' title='bbox 467 414 516 443; x_wconf 89' lang='lat' dir='ltr'>lll.</span> <span class='ocrx_word' id='word_1_23' title='bbox 529 413 619 443; x_wconf 88' lang='lat' dir='ltr'>—De</span> <span class='ocrx_word' id='word_1_24' title='bbox 641 414 847 452; x_wconf 69' lang='lat' dir='ltr'>conqreyatione</span> <span class='ocrx_word' id='word_1_25' title='bbox 866 413 1079 451; x_wconf 72' lang='lat' dir='ltr'>lzeyumenornm</span> <span class='ocrx_word' id='word_1_26' title='bbox 1100 417 1126 442; x_wconf 78' lang='lat' dir='ltr'>et</span> 
     </span>
     <span class='ocr_line' id='line_1_6' title="bbox 422 463 1123 502; baseline 0 -10"><span class='ocrx_word' id='word_1_27' title='bbox 422 463 551 492; x_wconf 77' lang='lat' dir='ltr'><em>electione</em></span> <span class='ocrx_word' id='word_1_28' title='bbox 566 464 692 492; x_wconf 76' lang='lat' dir='ltr'>abbatum</span> <span class='ocrx_word' id='word_1_29' title='bbox 711 464 870 502; x_wconf 79' lang='lat' dir='ltr'>provinciae</span> <span class='ocrx_word' id='word_1_30' title='bbox 893 463 934 492; x_wconf 81' lang='lat' dir='ltr'>vel</span> <span class='ocrx_word' id='word_1_31' title='bbox 952 463 1123 492; x_wconf 78' lang='lat' dir='ltr'>monasterii.</span> 
     </span>
    </p>

    <p class='ocr_par' dir='ltr' id='par_1_4' title="bbox 188 512 1126 746">
     <span class='ocr_line' id='line_1_7' title="bbox 215 512 1124 554; baseline -0.001 -12"><span class='ocrx_word' id='word_1_32' title='bbox 215 530 372 554; x_wconf 68' lang='lat' dir='ltr'>‘rempuscnn—</span> <span class='ocrx_word' id='word_1_33' title='bbox 422 522 442 542; x_wconf 87' lang='lat'>1.</span> <span class='ocrx_word' id='word_1_34' title='bbox 465 512 656 550; x_wconf 78' lang='lat' dir='ltr'>Congregatio</span> <span class='ocrx_word' id='word_1_35' title='bbox 679 512 910 550; x_wconf 76' lang='lat' dir='ltr'>hegumenorum</span> <span class='ocrx_word' id='word_1_36' title='bbox 934 512 969 541; x_wconf 93' lang='lat' dir='ltr'>de</span> <span class='ocrx_word' id='word_1_37' title='bbox 991 513 1124 542; x_wconf 78' lang='lat' dir='ltr'>semestri</span> 
     </span>
     <span class='ocr_line' id='line_1_8' title="bbox 188 555 1126 607; baseline -0.001 -16"><span class='ocrx_word' id='word_1_38' title='bbox 188 555 412 607; x_wconf 33' lang='lat' dir='ltr'>{ffggffi&#39;ss’u&#39;ssk‘ff‘in</span> <span class='ocrx_word' id='word_1_39' title='bbox 429 566 598 591; x_wconf 81' lang='lat' dir='ltr'>semestrem</span> <span class='ocrx_word' id='word_1_40' title='bbox 622 560 657 590; x_wconf 89' lang='lat' dir='ltr'>ab</span> <span class='ocrx_word' id='word_1_41' title='bbox 679 561 783 590; x_wconf 78' lang='lat' dir='ltr'>abbate</span> <span class='ocrx_word' id='word_1_42' title='bbox 805 561 935 599; x_wconf 79' lang='lat' dir='ltr'>generali</span> <span class='ocrx_word' id='word_1_43' title='bbox 958 565 987 590; x_wconf 87' lang='lat' dir='ltr'>et</span> <span class='ocrx_word' id='word_1_44' title='bbox 1001 565 1126 600; x_wconf 89' lang='lat' dir='ltr'>quatuor</span> 
     </span>
     <span class='ocr_line' id='line_1_9' title="bbox 382 609 1125 648; baseline -0.003 -8"><span class='ocrx_word' id='word_1_45' title='bbox 382 610 555 648; x_wconf 83' lang='lat' dir='ltr'>hegumenis</span> <span class='ocrx_word' id='word_1_46' title='bbox 577 609 753 646; x_wconf 78' lang='lat' dir='ltr'>celebretur,</span> <span class='ocrx_word' id='word_1_47' title='bbox 777 615 805 639; x_wconf 85' lang='lat' dir='ltr'>et</span> <span class='ocrx_word' id='word_1_48' title='bbox 827 610 941 648; x_wconf 85' lang='lat' dir='ltr'>quoties</span> <span class='ocrx_word' id='word_1_49' title='bbox 973 610 1008 639; x_wconf 91' lang='lat' dir='ltr'>de</span> <span class='ocrx_word' id='word_1_50' title='bbox 1038 609 1125 639; x_wconf 86' lang='lat' dir='ltr'>rebus</span> 
     </span>
     <span class='ocr_line' id='line_1_10' title="bbox 383 658 1125 697; baseline 0 -9"><span class='ocrx_word' id='word_1_51' title='bbox 383 659 527 697; x_wconf 79' lang='lat' dir='ltr'>agendum</span> <span class='ocrx_word' id='word_1_52' title='bbox 550 662 593 688; x_wconf 84' lang='lat' dir='ltr'>est</span> <span class='ocrx_word' id='word_1_53' title='bbox 615 662 664 687; x_wconf 87' lang='lat' dir='ltr'>aut</span> <span class='ocrx_word' id='word_1_54' title='bbox 687 659 770 688; x_wconf 85' lang='lat' dir='ltr'>valde</span> <span class='ocrx_word' id='word_1_55' title='bbox 795 658 969 697; x_wconf 82' lang='lat' dir='ltr'>urgentibus</span> <span class='ocrx_word' id='word_1_56' title='bbox 999 664 1049 688; x_wconf 89' lang='lat' dir='ltr'>aut</span> <span class='ocrx_word' id='word_1_57' title='bbox 1078 668 1125 697; x_wconf 86' lang='lat' dir='ltr'>po-</span> 
     </span>
     <span class='ocr_line' id='line_1_11' title="bbox 384 707 1125 746; baseline -0.001 -9"><span class='ocrx_word' id='word_1_58' title='bbox 384 711 520 737; x_wconf 75' lang='lat' dir='ltr'>testatem</span> <span class='ocrx_word' id='word_1_59' title='bbox 533 707 662 737; x_wconf 90' lang='lat' dir='ltr'>eiusdem</span> <span class='ocrx_word' id='word_1_60' title='bbox 679 708 915 746; x_wconf 79' lang='lat' dir='ltr'>congregationis</span> <span class='ocrx_word' id='word_1_61' title='bbox 931 708 1125 745; x_wconf 84' lang='lat' dir='ltr'>exigentibus.</span> 
     </span>
    </p>

    <p class='ocr_par' dir='ltr' id='par_1_5' title="bbox 384 755 1131 1127">
     <span class='ocr_line' id='line_1_12' title="bbox 423 755 1126 794; baseline -0.001 -8"><span class='ocrx_word' id='word_1_62' title='bbox 423 766 453 786; x_wconf 86' lang='lat'>11.</span> <span class='ocrx_word' id='word_1_63' title='bbox 483 757 575 786; x_wconf 87' lang='lat' dir='ltr'>Penes</span> <span class='ocrx_word' id='word_1_64' title='bbox 608 755 741 786; x_wconf 81' lang='lat' dir='ltr'>abbatem</span> <span class='ocrx_word' id='word_1_65' title='bbox 775 756 942 794; x_wconf 78' lang='lat' dir='ltr'>generalem</span> <span class='ocrx_word' id='word_1_66' title='bbox 976 761 1019 786; x_wconf 90' lang='lat' dir='ltr'>est</span> <span class='ocrx_word' id='word_1_67' title='bbox 1046 757 1126 786; x_wconf 80' lang='lat' dir='ltr'>illam</span> 
     </span>
     <span class='ocr_line' id='line_1_13' title="bbox 384 805 1128 844; baseline -0.001 -9"><span class='ocrx_word' id='word_1_68' title='bbox 384 806 514 835; x_wconf 85' lang='lat' dir='ltr'>indicere</span> <span class='ocrx_word' id='word_1_69' title='bbox 536 805 622 844; x_wconf 90' lang='lat' dir='ltr'>eique</span> <span class='ocrx_word' id='word_1_70' title='bbox 645 805 824 844; x_wconf 83' lang='lat' dir='ltr'>praesidere.</span> <span class='ocrx_word' id='word_1_71' title='bbox 842 805 871 835; x_wconf 84' lang='lat' dir='ltr'>Si</span> <span class='ocrx_word' id='word_1_72' title='bbox 889 814 958 834; x_wconf 89' lang='lat' dir='ltr'>vero</span> <span class='ocrx_word' id='word_1_73' title='bbox 974 806 1035 844; x_wconf 86' lang='lat' dir='ltr'>ipse</span> <span class='ocrx_word' id='word_1_74' title='bbox 1053 815 1128 834; x_wconf 80' lang='lat' dir='ltr'>inor-</span> 
     </span>
     <span class='ocr_line' id='line_1_14' title="bbox 384 854 1128 893; baseline 0 -9"><span class='ocrx_word' id='word_1_75' title='bbox 384 859 452 884; x_wconf 84' lang='lat' dir='ltr'>tuus</span> <span class='ocrx_word' id='word_1_76' title='bbox 485 854 572 884; x_wconf 83' lang='lat' dir='ltr'>fuerit</span> <span class='ocrx_word' id='word_1_77' title='bbox 602 859 652 883; x_wconf 90' lang='lat' dir='ltr'>aut</span> <span class='ocrx_word' id='word_1_78' title='bbox 686 859 858 893; x_wconf 86' lang='lat' dir='ltr'>promotus,</span> <span class='ocrx_word' id='word_1_79' title='bbox 884 858 933 883; x_wconf 89' lang='lat' dir='ltr'>aut</span> <span class='ocrx_word' id='word_1_80' title='bbox 966 855 1000 883; x_wconf 90' lang='lat' dir='ltr'>de</span> <span class='ocrx_word' id='word_1_81' title='bbox 1034 854 1128 893; x_wconf 79' lang='lat' dir='ltr'>ipsius</span> 
     </span>
     <span class='ocr_line' id='line_1_15' title="bbox 385 903 1127 940; baseline -0.001 -7"><span class='ocrx_word' id='word_1_82' title='bbox 385 905 474 934; x_wconf 71' lang='lat' dir='ltr'>causa</span> <span class='ocrx_word' id='word_1_83' title='bbox 495 908 523 933; x_wconf 90' lang='lat' dir='ltr'>et</span> <span class='ocrx_word' id='word_1_84' title='bbox 545 907 627 932; x_wconf 84' lang='lat' dir='ltr'>reatu</span> <span class='ocrx_word' id='word_1_85' title='bbox 658 903 886 932; x_wconf 85' lang='lat' dir='ltr'>consultandum</span> <span class='ocrx_word' id='word_1_86' title='bbox 921 903 969 940; x_wconf 78' lang='lat' dir='ltr'>sit,</span> <span class='ocrx_word' id='word_1_87' title='bbox 1001 907 1070 933; x_wconf 90' lang='lat' dir='ltr'>tunc</span> <span class='ocrx_word' id='word_1_88' title='bbox 1093 903 1127 932; x_wconf 90' lang='lat' dir='ltr'>ad</span> 
     </span>
     <span class='ocr_line' id='line_1_16' title="bbox 385 951 1130 990; baseline -0.001 -8"><span class='ocrx_word' id='word_1_89' title='bbox 385 962 486 982; x_wconf 86' lang='lat' dir='ltr'>omnes</span> <span class='ocrx_word' id='word_1_90' title='bbox 511 952 598 981; x_wconf 88' lang='lat' dir='ltr'>simul</span> <span class='ocrx_word' id='word_1_91' title='bbox 622 952 801 989; x_wconf 80' lang='lat' dir='ltr'>hegumenos</span> <span class='ocrx_word' id='word_1_92' title='bbox 824 951 969 990; x_wconf 86' lang='lat' dir='ltr'>spectabit</span> <span class='ocrx_word' id='word_1_93' title='bbox 987 951 1068 981; x_wconf 85' lang='lat' dir='ltr'>illam</span> <span class='ocrx_word' id='word_1_94' title='bbox 1086 952 1130 981; x_wconf 91' lang='lat' dir='ltr'>in-</span> 
     </span>
     <span class='ocr_line' id='line_1_17' title="bbox 386 1000 1131 1039; baseline -0.003 -8"><span class='ocrx_word' id='word_1_95' title='bbox 386 1001 504 1037; x_wconf 79' lang='lat' dir='ltr'>dicere,</span> <span class='ocrx_word' id='word_1_96' title='bbox 528 1006 556 1030; x_wconf 90' lang='lat' dir='ltr'>et</span> <span class='ocrx_word' id='word_1_97' title='bbox 579 1001 658 1039; x_wconf 91' lang='lat' dir='ltr'>prior</span> <span class='ocrx_word' id='word_1_98' title='bbox 680 1000 710 1030; x_wconf 92' lang='lat' dir='ltr'>in</span> <span class='ocrx_word' id='word_1_99' title='bbox 733 1000 835 1030; x_wconf 83' lang='lat' dir='ltr'>ordine</span> <span class='ocrx_word' id='word_1_100' title='bbox 858 1000 1036 1039; x_wconf 81' lang='lat' dir='ltr'>praesidebit</span> <span class='ocrx_word' id='word_1_101' title='bbox 1058 1005 1131 1030; x_wconf 90' lang='lat' dir='ltr'>tam—</span> 
     </span>
     <span class='ocr_line' id='line_1_18' title="bbox 386 1047 1129 1088; baseline 0 -10"><span class='ocrx_word' id='word_1_102' title='bbox 386 1059 472 1088; x_wconf 82' lang='lat' dir='ltr'>quam</span> <span class='ocrx_word' id='word_1_103' title='bbox 502 1049 630 1078; x_wconf 86' lang='lat' dir='ltr'>vicarius</span> <span class='ocrx_word' id='word_1_104' title='bbox 662 1047 775 1078; x_wconf 88' lang='lat' dir='ltr'>abbatis</span> <span class='ocrx_word' id='word_1_105' title='bbox 804 1049 962 1086; x_wconf 82' lang='lat' dir='ltr'>generalis,</span> <span class='ocrx_word' id='word_1_106' title='bbox 987 1053 1019 1078; x_wconf 93' lang='lat' dir='ltr'>ut</span> <span class='ocrx_word' id='word_1_107' title='bbox 1041 1058 1129 1087; x_wconf 89' lang='lat' dir='ltr'>supra</span> 
     </span>
     <span class='ocr_line' id='line_1_19' title="bbox 386 1098 573 1127; baseline -0.005 0"><span class='ocrx_word' id='word_1_108' title='bbox 386 1098 496 1127; x_wconf 88' lang='lat' dir='ltr'>dictum</span> <span class='ocrx_word' id='word_1_109' title='bbox 519 1101 573 1126; x_wconf 88' lang='lat' dir='ltr'>est.</span> 
     </span>
    </p>

    <p class='ocr_par' dir='ltr' id='par_1_6' title="bbox 387 1146 1134 1773">
     <span class='ocr_line' id='line_1_20' title="bbox 426 1146 1131 1185; baseline 0 -10"><span class='ocrx_word' id='word_1_110' title='bbox 426 1156 467 1176; x_wconf 91' lang='lat'><em>111.</em></span> <span class='ocrx_word' id='word_1_111' title='bbox 492 1146 547 1176; x_wconf 89' lang='lat' dir='ltr'>Per</span> <span class='ocrx_word' id='word_1_112' title='bbox 570 1150 681 1185; x_wconf 87' lang='lat' dir='ltr'>septem</span> <span class='ocrx_word' id='word_1_113' title='bbox 704 1146 766 1175; x_wconf 90' lang='lat' dir='ltr'>dies</span> <span class='ocrx_word' id='word_1_114' title='bbox 788 1156 821 1175; x_wconf 87' lang='lat' dir='ltr'>ea</span> <span class='ocrx_word' id='word_1_115' title='bbox 844 1146 982 1183; x_wconf 79' lang='lat' dir='ltr'>durabit3</span> <span class='ocrx_word' id='word_1_116' title='bbox 1007 1146 1131 1184; x_wconf 80' lang='lat' dir='ltr'>singulis</span> 
     </span>
     <span class='ocr_line' id='line_1_21' title="bbox 387 1195 1133 1234; baseline -0.001 -8"><span class='ocrx_word' id='word_1_117' title='bbox 387 1202 483 1226; x_wconf 87' lang='lat' dir='ltr'>autem</span> <span class='ocrx_word' id='word_1_118' title='bbox 506 1195 621 1233; x_wconf 89' lang='lat' dir='ltr'>diebus,</span> <span class='ocrx_word' id='word_1_119' title='bbox 646 1195 808 1234; x_wconf 70' lang='lat' dir='ltr'>praemissa</span> <span class='ocrx_word' id='word_1_120' title='bbox 830 1195 962 1225; x_wconf 88' lang='lat' dir='ltr'>oratione</span> <span class='ocrx_word' id='word_1_121' title='bbox 984 1195 1133 1225; x_wconf 72' lang='lat' dir='ltr'>dominica</span> 
     </span>
     <span class='ocr_line' id='line_1_22' title="bbox 388 1244 1132 1282; baseline -0.001 -7"><span class='ocrx_word' id='word_1_122' title='bbox 388 1250 416 1276; x_wconf 88' lang='lat' dir='ltr'>et</span> <span class='ocrx_word' id='word_1_123' title='bbox 438 1246 549 1275; x_wconf 89' lang='lat' dir='ltr'>litaniis</span> <span class='ocrx_word' id='word_1_124' title='bbox 571 1244 756 1274; x_wconf 85' lang='lat' dir='ltr'>beatissimae</span> <span class='ocrx_word' id='word_1_125' title='bbox 773 1245 901 1282; x_wconf 81' lang='lat' dir='ltr'>Virginis</span> <span class='ocrx_word' id='word_1_126' title='bbox 924 1254 1022 1274; x_wconf 90' lang='lat' dir='ltr'>coram</span> <span class='ocrx_word' id='word_1_127' title='bbox 1046 1245 1132 1274; x_wconf 85' lang='lat' dir='ltr'>altari</span> 
     </span>
     <span class='ocr_line' id='line_1_23' title="bbox 388 1294 1133 1333; baseline -0.001 -8"><span class='ocrx_word' id='word_1_128' title='bbox 388 1295 424 1325; x_wconf 85' lang='lat' dir='ltr'>ab</span> <span class='ocrx_word' id='word_1_129' title='bbox 446 1295 562 1324; x_wconf 87' lang='lat' dir='ltr'>aedituo</span> <span class='ocrx_word' id='word_1_130' title='bbox 586 1298 696 1333; x_wconf 86' lang='lat' dir='ltr'>parato,</span> <span class='ocrx_word' id='word_1_131' title='bbox 729 1294 853 1324; x_wconf 86' lang='lat' dir='ltr'>ianitore</span> <span class='ocrx_word' id='word_1_132' title='bbox 887 1299 1000 1333; x_wconf 84' lang='lat' dir='ltr'>portam</span> <span class='ocrx_word' id='word_1_133' title='bbox 1034 1294 1133 1324; x_wconf 86' lang='lat' dir='ltr'>obser-</span> 
     </span>
     <span class='ocr_line' id='line_1_24' title="bbox 389 1343 1130 1380; baseline 0 -8"><span class='ocrx_word' id='word_1_134' title='bbox 389 1349 475 1374; x_wconf 84' lang='lat' dir='ltr'>vante</span> <span class='ocrx_word' id='word_1_135' title='bbox 497 1348 525 1373; x_wconf 89' lang='lat' dir='ltr'>et</span> <span class='ocrx_word' id='word_1_136' title='bbox 548 1344 704 1372; x_wconf 88' lang='lat' dir='ltr'>secretario</span> <span class='ocrx_word' id='word_1_137' title='bbox 738 1343 772 1372; x_wconf 89' lang='lat' dir='ltr'>ad</span> <span class='ocrx_word' id='word_1_138' title='bbox 807 1353 937 1372; x_wconf 82' lang='lat' dir='ltr'>mensam</span> <span class='ocrx_word' id='word_1_139' title='bbox 970 1344 1130 1380; x_wconf 83' lang='lat' dir='ltr'>assidente,</span> 
     </span>
     <span class='ocr_line' id='line_1_25' title="bbox 389 1391 1134 1430; baseline -0.001 -8"><span class='ocrx_word' id='word_1_140' title='bbox 389 1402 503 1422; x_wconf 85' lang='lat' dir='ltr'>necnon</span> <span class='ocrx_word' id='word_1_141' title='bbox 538 1391 654 1421; x_wconf 89' lang='lat' dir='ltr'>duobus</span> <span class='ocrx_word' id='word_1_142' title='bbox 683 1392 834 1421; x_wconf 86' lang='lat' dir='ltr'>monachis</span> <span class='ocrx_word' id='word_1_143' title='bbox 856 1392 1063 1430; x_wconf 82' lang='lat' dir='ltr'>suffragiorum</span> <span class='ocrx_word' id='word_1_144' title='bbox 1086 1402 1134 1421; x_wconf 91' lang='lat' dir='ltr'>co-</span> 
     </span>
     <span class='ocr_line' id='line_1_26' title="bbox 389 1440 1131 1480; baseline -0.001 -9"><span class='ocrx_word' id='word_1_145' title='bbox 389 1441 564 1480; x_wconf 81' lang='lat' dir='ltr'>gnitoribus,</span> <span class='ocrx_word' id='word_1_146' title='bbox 580 1440 719 1478; x_wconf 76' lang='lat' dir='ltr'>suffragia</span> <span class='ocrx_word' id='word_1_147' title='bbox 743 1441 848 1477; x_wconf 83' lang='lat' dir='ltr'>ferent,</span> <span class='ocrx_word' id='word_1_148' title='bbox 865 1445 895 1470; x_wconf 93' lang='lat' dir='ltr'>ut</span> <span class='ocrx_word' id='word_1_149' title='bbox 912 1450 998 1479; x_wconf 87' lang='lat' dir='ltr'>supra</span> <span class='ocrx_word' id='word_1_150' title='bbox 1022 1441 1131 1471; x_wconf 90' lang='lat' dir='ltr'>dictum</span> 
     </span>
     <span class='ocr_line' id='line_1_27' title="bbox 389 1490 1133 1528; baseline -0.001 -7"><span class='ocrx_word' id='word_1_151' title='bbox 389 1496 433 1521; x_wconf 89' lang='lat' dir='ltr'>est</span> <span class='ocrx_word' id='word_1_152' title='bbox 454 1491 488 1520; x_wconf 89' lang='lat' dir='ltr'>de</span> <span class='ocrx_word' id='word_1_153' title='bbox 511 1490 737 1528; x_wconf 81' lang='lat' dir='ltr'>congregatione</span> <span class='ocrx_word' id='word_1_154' title='bbox 759 1490 900 1528; x_wconf 80' lang='lat' dir='ltr'>generali.</span> <span class='ocrx_word' id='word_1_155' title='bbox 925 1490 1015 1520; x_wconf 88' lang='lat' dir='ltr'>Porro</span> <span class='ocrx_word' id='word_1_156' title='bbox 1038 1500 1133 1520; x_wconf 88' lang='lat' dir='ltr'>secre-</span> 
     </span>
     <span class='ocr_line' id='line_1_28' title="bbox 389 1539 1132 1577; baseline -0.001 -8"><span class='ocrx_word' id='word_1_157' title='bbox 389 1539 492 1577; x_wconf 86' lang='lat' dir='ltr'>tarius,</span> <span class='ocrx_word' id='word_1_158' title='bbox 516 1539 660 1574; x_wconf 70' lang='lat' dir='ltr'>aedstuus,</span> <span class='ocrx_word' id='word_1_159' title='bbox 684 1539 791 1568; x_wconf 87' lang='lat' dir='ltr'>ianitor</span> <span class='ocrx_word' id='word_1_160' title='bbox 807 1543 835 1568; x_wconf 87' lang='lat' dir='ltr'>et</span> <span class='ocrx_word' id='word_1_161' title='bbox 850 1539 906 1568; x_wconf 92' lang='lat' dir='ltr'>duo</span> <span class='ocrx_word' id='word_1_162' title='bbox 923 1539 1132 1577; x_wconf 79' lang='lat' dir='ltr'>suffragiorum</span> 
     </span>
     <span class='ocr_line' id='line_1_29' title="bbox 389 1587 1133 1626; baseline 0 -9"><span class='ocrx_word' id='word_1_163' title='bbox 389 1588 555 1626; x_wconf 77' lang='lat' dir='ltr'>cognitores</span> <span class='ocrx_word' id='word_1_164' title='bbox 573 1587 608 1617; x_wconf 86' lang='lat' dir='ltr'>ab</span> <span class='ocrx_word' id='word_1_165' title='bbox 631 1587 736 1616; x_wconf 79' lang='lat' dir='ltr'>abbate</span> <span class='ocrx_word' id='word_1_166' title='bbox 759 1588 889 1625; x_wconf 79' lang='lat' dir='ltr'>generali</span> <span class='ocrx_word' id='word_1_167' title='bbox 912 1592 940 1618; x_wconf 91' lang='lat' dir='ltr'>et</span> <span class='ocrx_word' id='word_1_168' title='bbox 962 1589 1133 1626; x_wconf 75' lang='lat' dir='ltr'>hegumenis</span> 
     </span>
     <span class='ocr_line' id='line_1_30' title="bbox 389 1636 1133 1676; baseline 0 -10"><span class='ocrx_word' id='word_1_169' title='bbox 389 1636 589 1676; x_wconf 80' lang='lat' dir='ltr'>praeeligendi</span> <span class='ocrx_word' id='word_1_170' title='bbox 625 1641 708 1666; x_wconf 90' lang='lat' dir='ltr'>sunt.</span> <span class='ocrx_word' id='word_1_171' title='bbox 742 1636 907 1675; x_wconf 81' lang='lat' dir='ltr'>Antequam</span> <span class='ocrx_word' id='word_1_172' title='bbox 942 1646 1010 1666; x_wconf 85' lang='lat' dir='ltr'>vero</span> <span class='ocrx_word' id='word_1_173' title='bbox 1040 1638 1133 1676; x_wconf 87' lang='lat' dir='ltr'>prima</span> 
     </span>
     <span class='ocr_line' id='line_1_31' title="bbox 390 1686 1133 1725; baseline 0.001 -10"><span class='ocrx_word' id='word_1_174' title='bbox 390 1686 578 1724; x_wconf 82' lang='lat' dir='ltr'>congregatio</span> <span class='ocrx_word' id='word_1_175' title='bbox 605 1686 772 1723; x_wconf 78' lang='lat' dir='ltr'>inchoetur,</span> <span class='ocrx_word' id='word_1_176' title='bbox 802 1695 900 1715; x_wconf 87' lang='lat' dir='ltr'>sermo</span> <span class='ocrx_word' id='word_1_177' title='bbox 929 1687 1133 1725; x_wconf 88' lang='lat' dir='ltr'>paraeneticus</span> 
     </span>
     <span class='ocr_line' id='line_1_32' title="bbox 390 1734 1134 1773; baseline 0 -10"><span class='ocrx_word' id='word_1_178' title='bbox 390 1735 440 1764; x_wconf 84' lang='lat' dir='ltr'>fiat</span> <span class='ocrx_word' id='word_1_179' title='bbox 461 1734 496 1764; x_wconf 88' lang='lat' dir='ltr'>ab</span> <span class='ocrx_word' id='word_1_180' title='bbox 518 1734 624 1764; x_wconf 85' lang='lat' dir='ltr'>idoneo</span> <span class='ocrx_word' id='word_1_181' title='bbox 647 1734 802 1770; x_wconf 85' lang='lat' dir='ltr'>monacho,</span> <span class='ocrx_word' id='word_1_182' title='bbox 823 1743 911 1773; x_wconf 90' lang='lat' dir='ltr'>quem</span> <span class='ocrx_word' id='word_1_183' title='bbox 934 1734 1024 1763; x_wconf 88' lang='lat' dir='ltr'>abbas</span> <span class='ocrx_word' id='word_1_184' title='bbox 1047 1744 1134 1772; x_wconf 79' lang='lat' dir='ltr'>gene-</span> 
     </span>
    </p>

    <p class='ocr_par' dir='ltr' id='par_1_7' title="bbox 389 1783 691 1821">
     <span class='ocr_line' id='line_1_33' title="bbox 389 1783 691 1821; baseline -0.003 -8"><span class='ocrx_word' id='word_1_185' title='bbox 389 1784 460 1813; x_wconf 87' lang='lat' dir='ltr'>ralis</span> <span class='ocrx_word' id='word_1_186' title='bbox 482 1783 691 1821; x_wconf 81' lang='lat' dir='ltr'>designaverit.</span> 
     </span>
    </p>

    <p class='ocr_par' dir='ltr' id='par_1_8' title="bbox 195 1832 1135 1973">
     <span class='ocr_line' id='line_1_34' title="bbox 223 1832 1134 1871; baseline -0.001 -9"><span class='ocrx_word' id='word_1_187' title='bbox 223 1848 253 1868; x_wconf 84' lang='lat' dir='ltr'>De</span> <span class='ocrx_word' id='word_1_188' title='bbox 274 1847 379 1868; x_wconf 55' lang='lat' dir='ltr'>menone</span> <span class='ocrx_word' id='word_1_189' title='bbox 430 1841 468 1862; x_wconf 86' lang='lat' dir='ltr'>lv.</span> <span class='ocrx_word' id='word_1_190' title='bbox 493 1832 523 1862; x_wconf 81' lang='lat' dir='ltr'>Si</span> <span class='ocrx_word' id='word_1_191' title='bbox 543 1837 607 1871; x_wconf 90' lang='lat' dir='ltr'>post</span> <span class='ocrx_word' id='word_1_192' title='bbox 622 1832 878 1870; x_wconf 76' lang='lat' dir='ltr'>congregationem</span> <span class='ocrx_word' id='word_1_193' title='bbox 896 1833 1063 1870; x_wconf 79' lang='lat' dir='ltr'>generalem</span> <span class='ocrx_word' id='word_1_194' title='bbox 1083 1832 1134 1862; x_wconf 89' lang='lat' dir='ltr'>eli-</span> 
     </span>
     <span class='ocr_line' id='line_1_35' title="bbox 195 1874 1134 1922; baseline -0.001 -11"><span class='ocrx_word' id='word_1_195' title='bbox 195 1874 312 1922; x_wconf 51' lang='lat' dir='ltr'>ssflffissssffm</span> <span class='ocrx_word' id='word_1_196' title='bbox 331 1881 477 1922; x_wconf 60' lang='lat' dir='ltr'>pf‘gggendi</span> <span class='ocrx_word' id='word_1_197' title='bbox 494 1882 553 1911; x_wconf 85' lang='lat' dir='ltr'>sint</span> <span class='ocrx_word' id='word_1_198' title='bbox 569 1881 689 1910; x_wconf 87' lang='lat' dir='ltr'>abbates</span> <span class='ocrx_word' id='word_1_199' title='bbox 710 1881 928 1920; x_wconf 82' lang='lat' dir='ltr'>provinciarum</span> <span class='ocrx_word' id='word_1_200' title='bbox 945 1885 973 1910; x_wconf 90' lang='lat' dir='ltr'>et</span> <span class='ocrx_word' id='word_1_201' title='bbox 991 1886 1134 1910; x_wconf 83' lang='lat' dir='ltr'>monaste-</span> 
     </span>
     <span class='ocr_line' id='line_1_36' title="bbox 196 1929 1135 1973; baseline -0.002 -12"><span class='ocrx_word' id='word_1_202' title='bbox 196 1929 524 1967; x_wconf 58' lang='lat' dir='ltr'>¹¹¹⁰¹³³⁵²0110r¹¹¹¹¹·riorum‚</span> <span class='ocrx_word' id='word_1_203' title='bbox 553 1930 646 1969; x_wconf 90' lang='lat' dir='ltr'>primo</span> <span class='ocrx_word' id='word_1_204' title='bbox 670 1930 906 1973; x_wconf 75' lang='lat' dir='ltr'>congregationis</span> <span class='ocrx_word' id='word_1_205' title='bbox 932 1930 1000 1966; x_wconf 89' lang='lat' dir='ltr'>die,</span> <span class='ocrx_word' id='word_1_206' title='bbox 1033 1930 1135 1959; x_wconf 82' lang='lat' dir='ltr'>seden-</span> 
     </span>
    </p>
   </div>
   <div class='ocr_carea' id='block_1_3' title="bbox 191 776 374 823">
    <p class='ocr_par' dir='ltr' id='par_1_9' title="bbox 191 776 374 823">
     <span class='ocr_line' id='line_1_37' title="bbox 217 776 374 802; baseline -0.006 -6"><span class='ocrx_word' id='word_1_207' title='bbox 217 777 230 796; x_wconf 81' lang='grc' dir='ltr'>Α</span> <span class='ocrx_word' id='word_1_208' title='bbox 254 782 297 802; x_wconf 84' lang='lat' dir='ltr'>quo</span> <span class='ocrx_word' id='word_1_209' title='bbox 319 776 374 796; x_wconf 79' lang='lat' dir='ltr'>indt-</span> 
     </span>
     <span class='ocr_line' id='line_1_38' title="bbox 191 803 268 823; baseline 0 0"><span class='ocrx_word' id='word_1_210' title='bbox 191 803 268 823; x_wconf 82' lang='lat' dir='ltr'>cenda.</span> 
     </span>
    </p>
   </div>
   <div class='ocr_carea' id='block_1_4' title="bbox 191 1157 375 1204">
    <p class='ocr_par' dir='ltr' id='par_1_10' title="bbox 191 1157 375 1204">
     <span class='ocr_line' id='line_1_39' title="bbox 192 1157 375 1183; baseline -0.005 -6"><span class='ocrx_word' id='word_1_211' title='bbox 192 1157 262 1180; x_wconf 81' lang='lat' dir='ltr'>Quoto</span> <span class='ocrx_word' id='word_1_212' title='bbox 281 1159 375 1183; x_wconf 76' lang='lat' dir='ltr'>tompore</span> 
     </span>
     <span class='ocr_line' id='line_1_40' title="bbox 191 1184 374 1204; baseline 0 0"><span class='ocrx_word' id='word_1_213' title='bbox 191 1184 269 1204; x_wconf 77' lang='lat' dir='ltr'>durare</span> <span class='ocrx_word' id='word_1_214' title='bbox 289 1184 374 1204; x_wconf 73' lang='lat' dir='ltr'>debeat.</span> 
     </span>
    </p>
   </div>
   <div class='ocr_carea' id='block_1_5' title="bbox 392 1979 1157 2017">
    <p class='ocr_par' dir='ltr' id='par_1_11' title="bbox 392 1979 1157 2017">
     <span class='ocr_line' id='line_1_41' title="bbox 392 1979 1157 2017; baseline -0.004 -6"><span class='ocrx_word' id='word_1_215' title='bbox 392 1981 470 2011; x_wconf 90' lang='lat' dir='ltr'>tibus</span> <span class='ocrx_word' id='word_1_216' title='bbox 492 1980 520 2009; x_wconf 89' lang='lat' dir='ltr'>in</span> <span class='ocrx_word' id='word_1_217' title='bbox 545 1980 647 2009; x_wconf 87' lang='lat' dir='ltr'>ordine</span> <span class='ocrx_word' id='word_1_218' title='bbox 671 1989 723 2009; x_wconf 91' lang='lat' dir='ltr'>suo</span> <span class='ocrx_word' id='word_1_219' title='bbox 746 1979 849 2009; x_wconf 88' lang='lat' dir='ltr'>abbate</span> <span class='ocrx_word' id='word_1_220' title='bbox 872 1979 1000 2017; x_wconf 74' lang='lat' dir='ltr'>generali</span> <span class='ocrx_word' id='word_1_221' title='bbox 1030 1983 1057 2008; x_wconf 91' lang='lat' dir='ltr'>et</span> <span class='ocrx_word' id='word_1_222' title='bbox 1086 1979 1135 2008; x_wconf 89' lang='lat' dir='ltr'>he-</span> <span class='ocrx_word' id='word_1_223' title='bbox 1155 1980 1157 1995; x_wconf 62' lang='lat'>&#39;¹</span> 
     </span>
    </p>
   </div>
   <div class='ocr_carea' id='block_1_6' title="bbox 391 2027 1141 2606">
    <p class='ocr_par' dir='ltr' id='par_1_12' title="bbox 391 2027 1137 2264">
     <span class='ocr_line' id='line_1_42' title="bbox 391 2027 1135 2068; baseline -0.003 -10"><span class='ocrx_word' id='word_1_224' title='bbox 391 2029 538 2068; x_wconf 85' lang='lat' dir='ltr'>gumenis,</span> <span class='ocrx_word' id='word_1_225' title='bbox 555 2028 696 2058; x_wconf 87' lang='lat' dir='ltr'>accedunt</span> <span class='ocrx_word' id='word_1_226' title='bbox 718 2027 838 2057; x_wconf 88' lang='lat' dir='ltr'>abbates</span> <span class='ocrx_word' id='word_1_227' title='bbox 857 2037 982 2067; x_wconf 88' lang='lat' dir='ltr'>quorum</span> <span class='ocrx_word' id='word_1_228' title='bbox 1005 2027 1135 2056; x_wconf 84' lang='lat' dir='ltr'>officium</span> 
     </span>
     <span class='ocr_line' id='line_1_43' title="bbox 393 2077 1134 2118; baseline -0.003 -10"><span class='ocrx_word' id='word_1_229' title='bbox 393 2079 518 2118; x_wconf 87' lang='lat' dir='ltr'>expirat,</span> <span class='ocrx_word' id='word_1_230' title='bbox 543 2078 587 2107; x_wconf 88' lang='lat' dir='ltr'>vel</span> <span class='ocrx_word' id='word_1_231' title='bbox 610 2087 711 2107; x_wconf 86' lang='lat' dir='ltr'>eorum</span> <span class='ocrx_word' id='word_1_232' title='bbox 727 2077 840 2113; x_wconf 81' lang='lat' dir='ltr'>vicarii,</span> <span class='ocrx_word' id='word_1_233' title='bbox 859 2087 935 2106; x_wconf 89' lang='lat' dir='ltr'>unus</span> <span class='ocrx_word' id='word_1_234' title='bbox 952 2081 1015 2116; x_wconf 87' lang='lat' dir='ltr'>post</span> <span class='ocrx_word' id='word_1_235' title='bbox 1031 2077 1134 2115; x_wconf 89' lang='lat' dir='ltr'>alium,</span> 
     </span>
     <span class='ocr_line' id='line_1_44' title="bbox 394 2125 1137 2165; baseline -0.003 -8"><span class='ocrx_word' id='word_1_236' title='bbox 394 2132 422 2157; x_wconf 91' lang='lat' dir='ltr'>et</span> <span class='ocrx_word' id='word_1_237' title='bbox 445 2127 593 2165; x_wconf 81' lang='lat' dir='ltr'>genuflexi</span> <span class='ocrx_word' id='word_1_238' title='bbox 608 2126 738 2164; x_wconf 76' lang='lat' dir='ltr'>sigillum</span> <span class='ocrx_word' id='word_1_239' title='bbox 754 2130 782 2155; x_wconf 89' lang='lat' dir='ltr'>et</span> <span class='ocrx_word' id='word_1_240' title='bbox 797 2126 926 2155; x_wconf 83' lang='lat' dir='ltr'>officium</span> <span class='ocrx_word' id='word_1_241' title='bbox 950 2126 979 2156; x_wconf 92' lang='lat' dir='ltr'>in</span> <span class='ocrx_word' id='word_1_242' title='bbox 1002 2125 1137 2155; x_wconf 82' lang='lat' dir='ltr'>inanibus</span> 
     </span>
     <span class='ocr_line' id='line_1_45' title="bbox 394 2175 1137 2214; baseline -0.004 -8"><span class='ocrx_word' id='word_1_243' title='bbox 394 2175 508 2206; x_wconf 87' lang='lat' dir='ltr'>abbatis</span> <span class='ocrx_word' id='word_1_244' title='bbox 523 2175 669 2214; x_wconf 86' lang='lat' dir='ltr'>generalis</span> <span class='ocrx_word' id='word_1_245' title='bbox 687 2179 714 2204; x_wconf 91' lang='lat' dir='ltr'>et</span> <span class='ocrx_word' id='word_1_246' title='bbox 728 2175 962 2213; x_wconf 83' lang='lat' dir='ltr'>hegumenorum</span> <span class='ocrx_word' id='word_1_247' title='bbox 985 2175 1137 2213; x_wconf 82' lang='lat' dir='ltr'>resignant</span> 
     </span>
     <span class='ocr_line' id='line_1_46' title="bbox 395 2224 875 2264; baseline -0.004 -9"><span class='ocrx_word' id='word_1_248' title='bbox 395 2230 423 2255; x_wconf 86' lang='lat' dir='ltr'>et</span> <span class='ocrx_word' id='word_1_249' title='bbox 444 2226 595 2264; x_wconf 88' lang='lat' dir='ltr'>deponunt</span> <span class='ocrx_word' id='word_1_250' title='bbox 618 2225 647 2253; x_wconf 94' lang='lat' dir='ltr'>in</span> <span class='ocrx_word' id='word_1_251' title='bbox 671 2224 741 2254; x_wconf 90' lang='lat' dir='ltr'>haec</span> <span class='ocrx_word' id='word_1_252' title='bbox 765 2224 875 2254; x_wconf 88' lang='lat' dir='ltr'>verba:</span> 
     </span>
    </p>

    <p class='ocr_par' dir='ltr' id='par_1_13' title="bbox 395 2273 1141 2510">
     <span class='ocr_line' id='line_1_47' title="bbox 474 2273 1137 2313; baseline -0.005 -8"><span class='ocrx_word' id='word_1_253' title='bbox 474 2274 708 2305; x_wconf 77' lang='lat' dir='ltr'>Reverendissimi</span> <span class='ocrx_word' id='word_1_254' title='bbox 728 2278 831 2313; x_wconf 81' lang='lat' dir='ltr'>patres.</span> <span class='ocrx_word' id='word_1_255' title='bbox 848 2273 882 2303; x_wconf 81' lang='lat' dir='ltr'>In</span> <span class='ocrx_word' id='word_1_256' title='bbox 897 2274 1022 2303; x_wconf 78' lang='lat' dir='ltr'>manibus</span> <span class='ocrx_word' id='word_1_257' title='bbox 1041 2274 1137 2303; x_wconf 80' lang='lat' dir='ltr'>vestris</span> 
     </span>
     <span class='ocr_line' id='line_1_48' title="bbox 395 2323 1139 2363; baseline -0.001 -9"><span class='ocrx_word' id='word_1_258' title='bbox 395 2325 502 2362; x_wconf 69' lang='lat' dir='ltr'>resigno</span> <span class='ocrx_word' id='word_1_259' title='bbox 530 2328 555 2352; x_wconf 81' lang='lat' dir='ltr'>et</span> <span class='ocrx_word' id='word_1_260' title='bbox 576 2324 677 2363; x_wconf 81' lang='lat' dir='ltr'>depono</span> <span class='ocrx_word' id='word_1_261' title='bbox 706 2324 826 2362; x_wconf 66' lang='lat' dir='ltr'>officium</span> <span class='ocrx_word' id='word_1_262' title='bbox 852 2323 955 2351; x_wconf 82' lang='lat' dir='ltr'>abbatis</span> <span class='ocrx_word' id='word_1_263' title='bbox 980 2323 1139 2362; x_wconf 79' lang='lat' dir='ltr'>provinciae</span> 
     </span>
     <span class='ocr_line' id='line_1_49' title="bbox 395 2372 1139 2411; baseline -0.004 -8"><span class='ocrx_word' id='word_1_264' title='bbox 395 2373 430 2404; x_wconf 95' lang='lat' dir='ltr'>N.</span> <span class='ocrx_word' id='word_1_265' title='bbox 454 2373 500 2402; x_wconf 90' lang='lat' dir='ltr'>vel</span> <span class='ocrx_word' id='word_1_266' title='bbox 523 2373 682 2402; x_wconf 81' lang='lat' dir='ltr'>monasterii</span> <span class='ocrx_word' id='word_1_267' title='bbox 697 2372 746 2410; x_wconf 79' lang='lat' dir='ltr'>N,</span> <span class='ocrx_word' id='word_1_268' title='bbox 764 2373 832 2411; x_wconf 85' lang='lat' dir='ltr'>quod</span> <span class='ocrx_word' id='word_1_269' title='bbox 848 2372 918 2401; x_wconf 78' lang='lat' dir='ltr'>mihi</span> <span class='ocrx_word' id='word_1_270' title='bbox 937 2373 1048 2410; x_wconf 71' lang='lat' dir='ltr'>indiyno</span> <span class='ocrx_word' id='word_1_271' title='bbox 1069 2382 1139 2402; x_wconf 85' lang='lat' dir='ltr'>com-</span> 
     </span>
     <span class='ocr_line' id='line_1_50' title="bbox 396 2421 1141 2460; baseline 0.001 -9"><span class='ocrx_word' id='word_1_272' title='bbox 396 2423 510 2452; x_wconf 84' lang='lat' dir='ltr'>missum</span> <span class='ocrx_word' id='word_1_273' title='bbox 531 2422 609 2460; x_wconf 49' lang='lat' dir='ltr'>fuist</span> <span class='ocrx_word' id='word_1_274' title='bbox 628 2421 766 2460; x_wconf 73' lang='lat' dir='ltr'>simulque</span> <span class='ocrx_word' id='word_1_275' title='bbox 787 2422 897 2450; x_wconf 81' lang='lat' dir='ltr'>veniam</span> <span class='ocrx_word' id='word_1_276' title='bbox 916 2425 979 2460; x_wconf 83' lang='lat' dir='ltr'>peto</span> <span class='ocrx_word' id='word_1_277' title='bbox 1000 2422 1032 2450; x_wconf 79' lang='lat' dir='ltr'>de</span> <span class='ocrx_word' id='word_1_278' title='bbox 1053 2423 1141 2452; x_wconf 82' lang='lat' dir='ltr'>omni-</span> 
     </span>
     <span class='ocr_line' id='line_1_51' title="bbox 397 2470 941 2510; baseline -0.002 -10"><span class='ocrx_word' id='word_1_279' title='bbox 397 2472 445 2500; x_wconf 82' lang='lat' dir='ltr'>bus</span> <span class='ocrx_word' id='word_1_280' title='bbox 466 2471 556 2510; x_wconf 81' lang='lat' dir='ltr'>culpis</span> <span class='ocrx_word' id='word_1_281' title='bbox 578 2481 594 2500; x_wconf 89' lang='lat' dir='ltr'>a</span> <span class='ocrx_word' id='word_1_282' title='bbox 615 2480 657 2499; x_wconf 82' lang='lat' dir='ltr'>me</span> <span class='ocrx_word' id='word_1_283' title='bbox 678 2471 708 2499; x_wconf 82' lang='lat' dir='ltr'>in</span> <span class='ocrx_word' id='word_1_284' title='bbox 730 2480 759 2499; x_wconf 87' lang='lat' dir='ltr'>eo</span> <span class='ocrx_word' id='word_1_285' title='bbox 780 2470 941 2500; x_wconf 82' lang='lat' dir='ltr'>commissis.</span> 
     </span>
    </p>

    <p class='ocr_par' dir='ltr' id='par_1_14' title="bbox 439 2518 1099 2558">
     <span class='ocr_line' id='line_1_52' title="bbox 439 2518 1099 2558; baseline -0.003 -8"><span class='ocrx_word' id='word_1_286' title='bbox 439 2519 467 2550; x_wconf 86' lang='lat' dir='ltr'>Si</span> <span class='ocrx_word' id='word_1_287' title='bbox 491 2519 618 2549; x_wconf 88' lang='lat' dir='ltr'>vicarius</span> <span class='ocrx_word' id='word_1_288' title='bbox 634 2518 722 2548; x_wconf 85' lang='lat' dir='ltr'>suerit</span> <span class='ocrx_word' id='word_1_289' title='bbox 737 2523 787 2548; x_wconf 85' lang='lat' dir='ltr'>aut</span> <span class='ocrx_word' id='word_1_290' title='bbox 803 2522 988 2558; x_wconf 84' lang='lat' dir='ltr'>procurator,</span> <span class='ocrx_word' id='word_1_291' title='bbox 1005 2518 1099 2548; x_wconf 87' lang='lat' dir='ltr'>dicat:</span> 
     </span>
    </p>

    <p class='ocr_par' dir='ltr' id='par_1_15' title="bbox 478 2567 1141 2606">
     <span class='ocr_line' id='line_1_53' title="bbox 478 2567 1141 2606; baseline 0 -9"><span class='ocrx_word' id='word_1_292' title='bbox 478 2567 712 2597; x_wconf 79' lang='lat' dir='ltr'>Reverendissz&#39;mi</span> <span class='ocrx_word' id='word_1_293' title='bbox 735 2571 840 2606; x_wconf 79' lang='lat' dir='ltr'>patres.</span> <span class='ocrx_word' id='word_1_294' title='bbox 874 2567 990 2598; x_wconf 81' lang='lat' dir='ltr'>Nomine</span> <span class='ocrx_word' id='word_1_295' title='bbox 1022 2577 1053 2597; x_wconf 84' lang='lat' dir='ltr'>ac</span> <span class='ocrx_word' id='word_1_296' title='bbox 1085 2569 1141 2597; x_wconf 85' lang='lat' dir='ltr'>vice</span> 
     </span>
    </p>
   </div>
   <div class='ocr_carea' id='block_1_7' title="bbox 966 219 1332 243">
    <p class='ocr_par' dir='ltr' id='par_1_16' title="bbox 966 219 1332 243">
     <span class='ocr_line' id='line_1_54' title="bbox 966 219 1332 243; baseline 0 -1"><span class='ocrx_word' id='word_1_297' title='bbox 966 219 1149 243; x_wconf 81' lang='lat' dir='ltr'>BULLARIUM</span> <span class='ocrx_word' id='word_1_298' title='bbox 1174 219 1332 242; x_wconf 77' lang='lat' dir='ltr'>ROMANUM</span> 
     </span>
    </p>
   </div>
   <div class='ocr_carea' id='block_1_8' title="bbox 1153 1603 1163 2479">
    <p class='ocr_par' dir='ltr' id='par_1_17' title="bbox 1153 1603 1163 2479">
     <span class='ocr_line' id='line_1_55' title="bbox 1153 1603 1163 2479; baseline 0 0"><span class='ocrx_word' id='word_1_299' title='bbox 1153 1603 1163 2479; x_wconf 95' lang='lat' dir='ltr'> </span> 
     </span>
    </p>
   </div>
   <div class='ocr_carea' id='block_1_9' title="bbox 1165 219 2120 2603">
    <p class='ocr_par' dir='ltr' id='par_1_18' title="bbox 1165 219 2110 307">
     <span class='ocr_line' id='line_1_56' title="bbox 1921 219 2110 248; baseline 0.011 -2"><span class='ocrx_word' id='word_1_300' title='bbox 1921 222 1972 246; x_wconf 79' lang='lat' dir='ltr'>An.</span> <span class='ocrx_word' id='word_1_301' title='bbox 1993 220 2024 246; x_wconf 89' lang='lat' dir='ltr'>C.</span> <span class='ocrx_word' id='word_1_302' title='bbox 2042 219 2110 248; x_wconf 76' lang='lat'>¹732</span> 
     </span>
     <span class='ocr_line' id='line_1_57' title="bbox 1165 267 1909 307; baseline 0.003 -11"><span class='ocrx_word' id='word_1_303' title='bbox 1165 271 1192 296; x_wconf 82' lang='lat' dir='ltr'>et</span> <span class='ocrx_word' id='word_1_304' title='bbox 1212 268 1314 306; x_wconf 83' lang='lat' dir='ltr'>depono</span> <span class='ocrx_word' id='word_1_305' title='bbox 1344 268 1463 307; x_wconf 78' lang='lat' dir='ltr'>officium</span> <span class='ocrx_word' id='word_1_306' title='bbox 1494 267 1596 297; x_wconf 83' lang='lat' dir='ltr'>abbatis</span> <span class='ocrx_word' id='word_1_307' title='bbox 1624 269 1782 306; x_wconf 81' lang='lat' dir='ltr'>provinciae</span> <span class='ocrx_word' id='word_1_308' title='bbox 1803 268 1838 298; x_wconf 90' lang='lat' dir='ltr'>N.</span> <span class='ocrx_word' id='word_1_309' title='bbox 1863 269 1909 298; x_wconf 89' lang='lat' dir='ltr'>vel</span> 
     </span>
    </p>

    <p class='ocr_par' dir='ltr' id='par_1_19' title="bbox 1167 316 1911 356">
     <span class='ocr_line' id='line_1_58' title="bbox 1167 316 1911 356; baseline 0.001 -11"><span class='ocrx_word' id='word_1_310' title='bbox 1167 317 1326 345; x_wconf 82' lang='lat' dir='ltr'>monosterii</span> <span class='ocrx_word' id='word_1_311' title='bbox 1341 316 1388 351; x_wconf 80' lang='lat' dir='ltr'>N.,</span> <span class='ocrx_word' id='word_1_312' title='bbox 1406 317 1475 355; x_wconf 82' lang='lat' dir='ltr'>quod</span> <span class='ocrx_word' id='word_1_313' title='bbox 1496 317 1551 354; x_wconf 82' lang='lat' dir='ltr'>ipsi</span> <span class='ocrx_word' id='word_1_314' title='bbox 1571 317 1744 346; x_wconf 75' lang='lat' dir='ltr'>commissum</span> <span class='ocrx_word' id='word_1_315' title='bbox 1765 318 1844 356; x_wconf 79' lang='lat' dir='ltr'>fuit;</span> <span class='ocrx_word' id='word_1_316' title='bbox 1873 319 1911 347; x_wconf 84' lang='lat' dir='ltr'>si-</span> 
     </span>
    </p>

    <p class='ocr_par' dir='ltr' id='par_1_20' title="bbox 1167 365 1911 405">
     <span class='ocr_line' id='line_1_59' title="bbox 1167 365 1911 405; baseline -0.001 -11"><span class='ocrx_word' id='word_1_317' title='bbox 1167 365 1279 404; x_wconf 82' lang='lat' dir='ltr'>mulque</span> <span class='ocrx_word' id='word_1_318' title='bbox 1310 366 1416 394; x_wconf 79' lang='lat' dir='ltr'>veniam</span> <span class='ocrx_word' id='word_1_319' title='bbox 1447 370 1510 403; x_wconf 81' lang='lat' dir='ltr'>peto</span> <span class='ocrx_word' id='word_1_320' title='bbox 1541 365 1573 394; x_wconf 84' lang='lat' dir='ltr'>de</span> <span class='ocrx_word' id='word_1_321' title='bbox 1601 365 1724 395; x_wconf 67' lang='lat' dir='ltr'>ominibus</span> <span class='ocrx_word' id='word_1_322' title='bbox 1755 366 1847 405; x_wconf 79' lang='lat' dir='ltr'>culpis</span> <span class='ocrx_word' id='word_1_323' title='bbox 1878 367 1911 396; x_wconf 80' lang='lat' dir='ltr'>ab</span> 
     </span>
    </p>

    <p class='ocr_par' dir='ltr' id='par_1_21' title="bbox 1168 414 1683 453">
     <span class='ocr_line' id='line_1_60' title="bbox 1168 414 1683 453; baseline 0 -10"><span class='ocrx_word' id='word_1_324' title='bbox 1168 415 1227 453; x_wconf 85' lang='lat' dir='ltr'>ipso</span> <span class='ocrx_word' id='word_1_325' title='bbox 1250 415 1277 443; x_wconf 85' lang='lat' dir='ltr'>in</span> <span class='ocrx_word' id='word_1_326' title='bbox 1301 414 1393 443; x_wconf 76' lang='lat' dir='ltr'>codem</span> <span class='ocrx_word' id='word_1_327' title='bbox 1414 414 1500 453; x_wconf 80' lang='lat' dir='ltr'>officio</span> <span class='ocrx_word' id='word_1_328' title='bbox 1522 415 1683 444; x_wconf 77' lang='lat' dir='ltr'>commissis.</span> 
     </span>
    </p>

    <p class='ocr_par' dir='ltr' id='par_1_22' title="bbox 1168 461 1920 1370">
     <span class='ocr_line' id='line_1_61' title="bbox 1248 461 1911 502; baseline 0.002 -10"><span class='ocrx_word' id='word_1_329' title='bbox 1248 462 1334 492; x_wconf 81' lang='lat' dir='ltr'>Facta</span> <span class='ocrx_word' id='word_1_330' title='bbox 1356 461 1554 500; x_wconf 80' lang='lat' dir='ltr'>resignatione</span> <span class='ocrx_word' id='word_1_331' title='bbox 1570 486 1577 500; x_wconf 90' lang='lat'><strong>‚</strong></span> <span class='ocrx_word' id='word_1_332' title='bbox 1604 463 1806 502; x_wconf 86' lang='lat' dir='ltr'>unusquisque</span> <span class='ocrx_word' id='word_1_333' title='bbox 1829 467 1911 493; x_wconf 85' lang='lat' dir='ltr'>extra</span> 
     </span>
     <span class='ocr_line' id='line_1_62' title="bbox 1169 510 1913 549; baseline 0.004 -10"><span class='ocrx_word' id='word_1_334' title='bbox 1169 510 1430 549; x_wconf 81' lang='lat' dir='ltr'>congregationem</span> <span class='ocrx_word' id='word_1_335' title='bbox 1453 510 1580 547; x_wconf 88' lang='lat' dir='ltr'>recedet,</span> <span class='ocrx_word' id='word_1_336' title='bbox 1597 516 1626 540; x_wconf 88' lang='lat' dir='ltr'>et</span> <span class='ocrx_word' id='word_1_337' title='bbox 1647 511 1746 540; x_wconf 89' lang='lat' dir='ltr'>clauso</span> <span class='ocrx_word' id='word_1_338' title='bbox 1768 512 1854 548; x_wconf 89' lang='lat' dir='ltr'>ostio,</span> <span class='ocrx_word' id='word_1_339' title='bbox 1871 513 1913 542; x_wconf 90' lang='lat' dir='ltr'>le-</span> 
     </span>
     <span class='ocr_line' id='line_1_63' title="bbox 1168 559 1913 598; baseline 0.005 -10"><span class='ocrx_word' id='word_1_340' title='bbox 1168 564 1217 596; x_wconf 80' lang='lat' dir='ltr'>gat</span> <span class='ocrx_word' id='word_1_341' title='bbox 1246 559 1423 589; x_wconf 85' lang='lat' dir='ltr'>secretarius</span> <span class='ocrx_word' id='word_1_342' title='bbox 1456 568 1551 588; x_wconf 90' lang='lat' dir='ltr'>coram</span> <span class='ocrx_word' id='word_1_343' title='bbox 1585 559 1690 589; x_wconf 87' lang='lat' dir='ltr'>abbate</span> <span class='ocrx_word' id='word_1_344' title='bbox 1721 561 1851 598; x_wconf 84' lang='lat' dir='ltr'>generali</span> <span class='ocrx_word' id='word_1_345' title='bbox 1884 567 1913 592; x_wconf 89' lang='lat' dir='ltr'>et</span> 
     </span>
     <span class='ocr_line' id='line_1_64' title="bbox 1170 608 1912 649; baseline 0.004 -13"><span class='ocrx_word' id='word_1_346' title='bbox 1170 608 1344 646; x_wconf 84' lang='lat' dir='ltr'>hegumenis</span> <span class='ocrx_word' id='word_1_347' title='bbox 1376 617 1516 637; x_wconf 80' lang='lat' dir='ltr'>excessus</span> <span class='ocrx_word' id='word_1_348' title='bbox 1549 608 1593 637; x_wconf 87' lang='lat' dir='ltr'>vel</span> <span class='ocrx_word' id='word_1_349' title='bbox 1627 608 1767 645; x_wconf 85' lang='lat' dir='ltr'>desectus,</span> <span class='ocrx_word' id='word_1_350' title='bbox 1792 610 1817 639; x_wconf 91' lang='lat' dir='ltr'>si</span> <span class='ocrx_word' id='word_1_351' title='bbox 1839 619 1912 649; x_wconf 87' lang='lat' dir='ltr'>quos</span> 
     </span>
     <span class='ocr_line' id='line_1_65' title="bbox 1169 656 1911 698; baseline 0.003 -12"><span class='ocrx_word' id='word_1_352' title='bbox 1169 657 1239 686; x_wconf 84' lang='lat' dir='ltr'>dicti</span> <span class='ocrx_word' id='word_1_353' title='bbox 1263 656 1383 686; x_wconf 87' lang='lat' dir='ltr'>abbates</span> <span class='ocrx_word' id='word_1_354' title='bbox 1416 657 1445 686; x_wconf 89' lang='lat' dir='ltr'>in</span> <span class='ocrx_word' id='word_1_355' title='bbox 1479 666 1532 686; x_wconf 90' lang='lat' dir='ltr'>suo</span> <span class='ocrx_word' id='word_1_356' title='bbox 1564 657 1660 686; x_wconf 87' lang='lat' dir='ltr'>officio</span> <span class='ocrx_word' id='word_1_357' title='bbox 1687 659 1911 698; x_wconf 85' lang='lat' dir='ltr'>commiserint,</span> 
     </span>
     <span class='ocr_line' id='line_1_66' title="bbox 1170 705 1914 738; baseline 0.005 -4"><span class='ocrx_word' id='word_1_358' title='bbox 1170 705 1284 735; x_wconf 86' lang='lat' dir='ltr'>oblatas</span> <span class='ocrx_word' id='word_1_359' title='bbox 1306 705 1447 734; x_wconf 82' lang='lat' dir='ltr'>adversus</span> <span class='ocrx_word' id='word_1_360' title='bbox 1476 715 1525 735; x_wconf 88' lang='lat' dir='ltr'>eos</span> <span class='ocrx_word' id='word_1_361' title='bbox 1551 705 1734 736; x_wconf 92' lang='lat' dir='ltr'>subditorum</span> <span class='ocrx_word' id='word_1_362' title='bbox 1757 708 1914 738; x_wconf 89' lang='lat' dir='ltr'>monacho-</span> 
     </span>
     <span class='ocr_line' id='line_1_67' title="bbox 1170 755 1914 794; baseline 0.005 -11"><span class='ocrx_word' id='word_1_363' title='bbox 1170 764 1235 784; x_wconf 89' lang='lat' dir='ltr'>rum</span> <span class='ocrx_word' id='word_1_364' title='bbox 1260 755 1462 784; x_wconf 80' lang='lat' dir='ltr'>accusationes</span> <span class='ocrx_word' id='word_1_365' title='bbox 1485 759 1513 783; x_wconf 91' lang='lat' dir='ltr'>et</span> <span class='ocrx_word' id='word_1_366' title='bbox 1534 755 1653 792; x_wconf 87' lang='lat' dir='ltr'>similia,</span> <span class='ocrx_word' id='word_1_367' title='bbox 1670 765 1743 794; x_wconf 87' lang='lat' dir='ltr'>quae</span> <span class='ocrx_word' id='word_1_368' title='bbox 1760 756 1790 785; x_wconf 90' lang='lat' dir='ltr'>in</span> <span class='ocrx_word' id='word_1_369' title='bbox 1812 756 1914 787; x_wconf 85' lang='lat' dir='ltr'>ultimo</span> 
     </span>
     <span class='ocr_line' id='line_1_68' title="bbox 1172 805 1914 843; baseline 0.004 -9"><span class='ocrx_word' id='word_1_370' title='bbox 1172 805 1268 834; x_wconf 86' lang='lat' dir='ltr'>triduo</span> <span class='ocrx_word' id='word_1_371' title='bbox 1301 805 1538 843; x_wconf 78' lang='lat' dir='ltr'>congregationis</span> <span class='ocrx_word' id='word_1_372' title='bbox 1570 805 1714 843; x_wconf 80' lang='lat' dir='ltr'>generalis</span> <span class='ocrx_word' id='word_1_373' title='bbox 1746 806 1914 837; x_wconf 80' lang='lat' dir='ltr'>examinata</span> 
     </span>
     <span class='ocr_line' id='line_1_69' title="bbox 1171 853 1916 894; baseline 0.004 -12"><span class='ocrx_word' id='word_1_374' title='bbox 1171 858 1239 883; x_wconf 87' lang='lat' dir='ltr'>sunt</span> <span class='ocrx_word' id='word_1_375' title='bbox 1262 858 1289 883; x_wconf 90' lang='lat' dir='ltr'>et</span> <span class='ocrx_word' id='word_1_376' title='bbox 1312 854 1340 882; x_wconf 91' lang='lat' dir='ltr'>in</span> <span class='ocrx_word' id='word_1_377' title='bbox 1364 858 1427 883; x_wconf 85' lang='lat' dir='ltr'>acta</span> <span class='ocrx_word' id='word_1_378' title='bbox 1450 853 1553 889; x_wconf 85' lang='lat' dir='ltr'>relata,</span> <span class='ocrx_word' id='word_1_379' title='bbox 1577 858 1609 883; x_wconf 88' lang='lat' dir='ltr'>ut</span> <span class='ocrx_word' id='word_1_380' title='bbox 1632 863 1695 892; x_wconf 87' lang='lat' dir='ltr'>cap.</span> <span class='ocrx_word' id='word_1_381' title='bbox 1713 863 1721 883; x_wconf 88' lang='lat'>1</span> <span class='ocrx_word' id='word_1_382' title='bbox 1740 854 1827 884; x_wconf 91' lang='lat' dir='ltr'>huius</span> <span class='ocrx_word' id='word_1_383' title='bbox 1849 865 1916 894; x_wconf 85' lang='lat' dir='ltr'>par-</span> 
     </span>
     <span class='ocr_line' id='line_1_70' title="bbox 1173 902 1917 941; baseline 0.003 -10"><span class='ocrx_word' id='word_1_384' title='bbox 1173 902 1221 938; x_wconf 90' lang='lat' dir='ltr'>tis,</span> <span class='ocrx_word' id='word_1_385' title='bbox 1249 911 1331 931; x_wconf 80' lang='lat' dir='ltr'>num.</span> <span class='ocrx_word' id='word_1_386' title='bbox 1352 910 1391 938; x_wconf 81' lang='lat' dir='ltr'>xi,</span> <span class='ocrx_word' id='word_1_387' title='bbox 1420 902 1529 931; x_wconf 84' lang='lat' dir='ltr'>(lictum</span> <span class='ocrx_word' id='word_1_388' title='bbox 1553 906 1608 932; x_wconf 92' lang='lat' dir='ltr'>est.</span> <span class='ocrx_word' id='word_1_389' title='bbox 1632 902 1695 932; x_wconf 89' lang='lat' dir='ltr'>Mox</span> <span class='ocrx_word' id='word_1_390' title='bbox 1718 903 1866 941; x_wconf 82' lang='lat' dir='ltr'>generalis</span> <span class='ocrx_word' id='word_1_391' title='bbox 1888 909 1917 934; x_wconf 85' lang='lat' dir='ltr'>et</span> 
     </span>
     <span class='ocr_line' id='line_1_71' title="bbox 1173 951 1914 991; baseline 0.003 -11"><span class='ocrx_word' id='word_1_392' title='bbox 1173 951 1329 988; x_wconf 80' lang='lat' dir='ltr'>hegumeni</span> <span class='ocrx_word' id='word_1_393' title='bbox 1352 951 1387 980; x_wconf 88' lang='lat' dir='ltr'>dc</span> <span class='ocrx_word' id='word_1_394' title='bbox 1410 951 1446 980; x_wconf 89' lang='lat' dir='ltr'>iis</span> <span class='ocrx_word' id='word_1_395' title='bbox 1468 951 1652 987; x_wconf 78' lang='lat' dir='ltr'>deliberent;</span> <span class='ocrx_word' id='word_1_396' title='bbox 1685 956 1713 980; x_wconf 88' lang='lat' dir='ltr'>et</span> <span class='ocrx_word' id='word_1_397' title='bbox 1741 952 1764 981; x_wconf 89' lang='lat' dir='ltr'>si</span> <span class='ocrx_word' id='word_1_398' title='bbox 1793 952 1863 991; x_wconf 88' lang='lat' dir='ltr'>quid</span> <span class='ocrx_word' id='word_1_399' title='bbox 1885 953 1914 982; x_wconf 91' lang='lat' dir='ltr'>in</span> 
     </span>
     <span class='ocr_line' id='line_1_72' title="bbox 1174 1000 1916 1037; baseline 0.005 -9"><span class='ocrx_word' id='word_1_400' title='bbox 1174 1000 1318 1037; x_wconf 82' lang='lat' dir='ltr'>regulam,</span> <span class='ocrx_word' id='word_1_401' title='bbox 1352 1000 1588 1037; x_wconf 87' lang='lat' dir='ltr'>constitutiones,</span> <span class='ocrx_word' id='word_1_402' title='bbox 1621 1001 1848 1031; x_wconf 88' lang='lat' dir='ltr'>consuetudines</span> <span class='ocrx_word' id='word_1_403' title='bbox 1870 1003 1916 1033; x_wconf 88' lang='lat' dir='ltr'>vel</span> 
     </span>
     <span class='ocr_line' id='line_1_73' title="bbox 1175 1049 1918 1090; baseline 0.007 -14"><span class='ocrx_word' id='word_1_404' title='bbox 1175 1049 1333 1077; x_wconf 86' lang='lat' dir='ltr'>monachos</span> <span class='ocrx_word' id='word_1_405' title='bbox 1365 1058 1501 1087; x_wconf 86' lang='lat' dir='ltr'>peccasse</span> <span class='ocrx_word' id='word_1_406' title='bbox 1527 1049 1702 1088; x_wconf 89' lang='lat' dir='ltr'>deprehensi</span> <span class='ocrx_word' id='word_1_407' title='bbox 1724 1050 1844 1090; x_wconf 87' lang='lat' dir='ltr'>suerint,</span> <span class='ocrx_word' id='word_1_408' title='bbox 1868 1061 1918 1082; x_wconf 90' lang='lat' dir='ltr'>vo-</span> 
     </span>
     <span class='ocr_line' id='line_1_74' title="bbox 1175 1097 1918 1135; baseline 0.005 -9"><span class='ocrx_word' id='word_1_409' title='bbox 1175 1102 1278 1127; x_wconf 90' lang='lat' dir='ltr'>centur</span> <span class='ocrx_word' id='word_1_410' title='bbox 1300 1097 1471 1135; x_wconf 82' lang='lat' dir='ltr'>singillatim</span> <span class='ocrx_word' id='word_1_411' title='bbox 1491 1103 1519 1127; x_wconf 89' lang='lat' dir='ltr'>et</span> <span class='ocrx_word' id='word_1_412' title='bbox 1540 1097 1764 1128; x_wconf 88' lang='lat' dir='ltr'>introducantur</span> <span class='ocrx_word' id='word_1_413' title='bbox 1790 1100 1824 1128; x_wconf 89' lang='lat' dir='ltr'>ad</span> <span class='ocrx_word' id='word_1_414' title='bbox 1848 1109 1918 1130; x_wconf 89' lang='lat' dir='ltr'>con-</span> 
     </span>
     <span class='ocr_line' id='line_1_75' title="bbox 1174 1145 1919 1187; baseline 0.007 -13"><span class='ocrx_word' id='word_1_415' title='bbox 1174 1146 1387 1184; x_wconf 81' lang='lat' dir='ltr'>gregationem,</span> <span class='ocrx_word' id='word_1_416' title='bbox 1401 1145 1500 1185; x_wconf 89' lang='lat' dir='ltr'>ibique</span> <span class='ocrx_word' id='word_1_417' title='bbox 1516 1147 1770 1185; x_wconf 89' lang='lat' dir='ltr'>reprehendantur</span> <span class='ocrx_word' id='word_1_418' title='bbox 1785 1151 1813 1177; x_wconf 90' lang='lat' dir='ltr'>et</span> <span class='ocrx_word' id='word_1_419' title='bbox 1828 1148 1919 1187; x_wconf 63' lang='lat' dir='ltr'>digna</span> 
     </span>
     <span class='ocr_line' id='line_1_76' title="bbox 1177 1195 1918 1234; baseline 0.005 -10"><span class='ocrx_word' id='word_1_420' title='bbox 1177 1195 1337 1224; x_wconf 79' lang='lat' dir='ltr'>malesactis</span> <span class='ocrx_word' id='word_1_421' title='bbox 1359 1195 1540 1234; x_wconf 74' lang='lat' dir='ltr'>poenitentia</span> <span class='ocrx_word' id='word_1_422' title='bbox 1562 1195 1762 1225; x_wconf 88' lang='lat' dir='ltr'>mulctentur:</span> <span class='ocrx_word' id='word_1_423' title='bbox 1795 1197 1866 1227; x_wconf 76' lang='lat' dir='ltr'>alias</span> <span class='ocrx_word' id='word_1_424' title='bbox 1888 1208 1918 1228; x_wconf 93' lang='lat'>0-</span> 
     </span>
     <span class='ocr_line' id='line_1_77' title="bbox 1177 1243 1920 1282; baseline 0.005 -10"><span class='ocrx_word' id='word_1_425' title='bbox 1177 1252 1259 1273; x_wconf 91' lang='lat' dir='ltr'>mnes</span> <span class='ocrx_word' id='word_1_426' title='bbox 1281 1243 1366 1272; x_wconf 90' lang='lat' dir='ltr'>simul</span> <span class='ocrx_word' id='word_1_427' title='bbox 1391 1244 1628 1280; x_wconf 85' lang='lat' dir='ltr'>introducantur,</span> <span class='ocrx_word' id='word_1_428' title='bbox 1648 1249 1676 1274; x_wconf 91' lang='lat' dir='ltr'>et</span> <span class='ocrx_word' id='word_1_429' title='bbox 1698 1246 1845 1282; x_wconf 83' lang='lat' dir='ltr'>genuflexi</span> <span class='ocrx_word' id='word_1_430' title='bbox 1867 1246 1920 1276; x_wconf 93' lang='lat' dir='ltr'>be-</span> 
     </span>
     <span class='ocr_line' id='line_1_78' title="bbox 1177 1291 1920 1330; baseline 0.005 -9"><span class='ocrx_word' id='word_1_431' title='bbox 1177 1293 1353 1322; x_wconf 87' lang='lat' dir='ltr'>nedicantur</span> <span class='ocrx_word' id='word_1_432' title='bbox 1375 1292 1411 1321; x_wconf 88' lang='lat' dir='ltr'>ab</span> <span class='ocrx_word' id='word_1_433' title='bbox 1436 1291 1540 1322; x_wconf 89' lang='lat' dir='ltr'>abbate</span> <span class='ocrx_word' id='word_1_434' title='bbox 1563 1293 1693 1330; x_wconf 80' lang='lat' dir='ltr'>generali</span> <span class='ocrx_word' id='word_1_435' title='bbox 1716 1298 1744 1323; x_wconf 89' lang='lat' dir='ltr'>et</span> <span class='ocrx_word' id='word_1_436' title='bbox 1766 1293 1920 1325; x_wconf 83' lang='lat' dir='ltr'>absolvan—</span> 
     </span>
     <span class='ocr_line' id='line_1_79' title="bbox 1177 1340 1424 1370; baseline 0 0"><span class='ocrx_word' id='word_1_437' title='bbox 1177 1345 1225 1370; x_wconf 87' lang='lat' dir='ltr'>tur</span> <span class='ocrx_word' id='word_1_438' title='bbox 1247 1341 1283 1370; x_wconf 88' lang='lat' dir='ltr'>iis</span> <span class='ocrx_word' id='word_1_439' title='bbox 1305 1340 1424 1370; x_wconf 89' lang='lat' dir='ltr'>verbis:</span> 
     </span>
    </p>

    <p class='ocr_par' dir='ltr' id='par_1_23' title="bbox 1177 1389 1919 1478">
     <span class='ocr_line' id='line_1_80' title="bbox 1258 1389 1919 1431; baseline 0.006 -13"><span class='ocrx_word' id='word_1_440' title='bbox 1258 1389 1331 1419; x_wconf 81' lang='lat' dir='ltr'>Deus</span> <span class='ocrx_word' id='word_1_441' title='bbox 1353 1391 1518 1419; x_wconf 69' lang='lat' dir='ltr'>misereatur</span> <span class='ocrx_word' id='word_1_442' title='bbox 1544 1391 1642 1425; x_wconf 71' lang='lat' dir='ltr'>vestri,</span> <span class='ocrx_word' id='word_1_443' title='bbox 1671 1395 1741 1429; x_wconf 89' lang='lat' dir='ltr'>etc.‚</span> <span class='ocrx_word' id='word_1_444' title='bbox 1769 1396 1800 1421; x_wconf 88' lang='lat' dir='ltr'>ut</span> <span class='ocrx_word' id='word_1_445' title='bbox 1823 1392 1919 1431; x_wconf 89' lang='lat' dir='ltr'>capite</span> 
     </span>
     <span class='ocr_line' id='line_1_81' title="bbox 1177 1439 1538 1478; baseline 0 -10"><span class='ocrx_word' id='word_1_446' title='bbox 1177 1439 1324 1478; x_wconf 89' lang='lat' dir='ltr'>superiori</span> <span class='ocrx_word' id='word_1_447' title='bbox 1343 1439 1420 1468; x_wconf 88' lang='lat' dir='ltr'>circa</span> <span class='ocrx_word' id='word_1_448' title='bbox 1439 1440 1538 1469; x_wconf 83' lang='lat' dir='ltr'>finem.</span> 
     </span>
    </p>

    <p class='ocr_par' dir='ltr' id='par_1_24' title="bbox 1177 1488 1921 1761">
     <span class='ocr_line' id='line_1_82' title="bbox 1258 1488 1918 1527; baseline 0.006 -10"><span class='ocrx_word' id='word_1_449' title='bbox 1258 1488 1331 1518; x_wconf 90' lang='lat' dir='ltr'>Tum</span> <span class='ocrx_word' id='word_1_450' title='bbox 1348 1493 1429 1518; x_wconf 82' lang='lat' dir='ltr'>extra</span> <span class='ocrx_word' id='word_1_451' title='bbox 1445 1489 1703 1527; x_wconf 84' lang='lat' dir='ltr'>congregationem</span> <span class='ocrx_word' id='word_1_452' title='bbox 1718 1490 1918 1527; x_wconf 89' lang='lat' dir='ltr'>dimittantur,</span> 
     </span>
     <span class='ocr_line' id='line_1_83' title="bbox 1178 1537 1920 1578; baseline 0.004 -12"><span class='ocrx_word' id='word_1_453' title='bbox 1178 1541 1206 1567; x_wconf 88' lang='lat' dir='ltr'>et</span> <span class='ocrx_word' id='word_1_454' title='bbox 1228 1537 1317 1566; x_wconf 88' lang='lat' dir='ltr'>abbas</span> <span class='ocrx_word' id='word_1_455' title='bbox 1339 1538 1484 1575; x_wconf 76' lang='lat' dir='ltr'>generalis</span> <span class='ocrx_word' id='word_1_456' title='bbox 1507 1547 1573 1567; x_wconf 90' lang='lat' dir='ltr'>cum</span> <span class='ocrx_word' id='word_1_457' title='bbox 1597 1538 1769 1576; x_wconf 87' lang='lat' dir='ltr'>hegumenis</span> <span class='ocrx_word' id='word_1_458' title='bbox 1786 1548 1837 1578; x_wconf 89' lang='lat' dir='ltr'>per</span> <span class='ocrx_word' id='word_1_459' title='bbox 1859 1540 1920 1570; x_wconf 81' lang='lat' dir='ltr'>sus-</span> 
     </span>
     <span class='ocr_line' id='line_1_84' title="bbox 1177 1586 1919 1625; baseline 0.004 -11"><span class='ocrx_word' id='word_1_460' title='bbox 1177 1586 1270 1623; x_wconf 77' lang='lat' dir='ltr'>sragia</span> <span class='ocrx_word' id='word_1_461' title='bbox 1303 1591 1414 1615; x_wconf 88' lang='lat' dir='ltr'>secreta</span> <span class='ocrx_word' id='word_1_462' title='bbox 1448 1586 1537 1624; x_wconf 84' lang='lat' dir='ltr'>eligat</span> <span class='ocrx_word' id='word_1_463' title='bbox 1558 1586 1678 1616; x_wconf 86' lang='lat' dir='ltr'>abbates</span> <span class='ocrx_word' id='word_1_464' title='bbox 1701 1587 1919 1625; x_wconf 88' lang='lat' dir='ltr'>provinciarum</span> 
     </span>
     <span class='ocr_line' id='line_1_85' title="bbox 1178 1635 1918 1676; baseline 0.004 -13"><span class='ocrx_word' id='word_1_465' title='bbox 1178 1638 1206 1663; x_wconf 89' lang='lat' dir='ltr'>et</span> <span class='ocrx_word' id='word_1_466' title='bbox 1229 1635 1475 1665; x_wconf 88' lang='lat' dir='ltr'>monasteriorum</span> <span class='ocrx_word' id='word_1_467' title='bbox 1498 1635 1600 1664; x_wconf 90' lang='lat' dir='ltr'>eodem</span> <span class='ocrx_word' id='word_1_468' title='bbox 1625 1635 1720 1673; x_wconf 83' lang='lat' dir='ltr'>modo,</span> <span class='ocrx_word' id='word_1_469' title='bbox 1750 1645 1807 1674; x_wconf 86' lang='lat' dir='ltr'>quo</span> <span class='ocrx_word' id='word_1_470' title='bbox 1829 1645 1918 1676; x_wconf 84' lang='lat' dir='ltr'>supra</span> 
     </span>
     <span class='ocr_line' id='line_1_86' title="bbox 1177 1683 1921 1722; baseline 0.007 -11"><span class='ocrx_word' id='word_1_471' title='bbox 1177 1683 1211 1712; x_wconf 91' lang='lat' dir='ltr'>de</span> <span class='ocrx_word' id='word_1_472' title='bbox 1234 1683 1377 1712; x_wconf 89' lang='lat' dir='ltr'>electione</span> <span class='ocrx_word' id='word_1_473' title='bbox 1400 1684 1546 1722; x_wconf 83' lang='lat' dir='ltr'>generalis</span> <span class='ocrx_word' id='word_1_474' title='bbox 1568 1689 1596 1714; x_wconf 92' lang='lat' dir='ltr'>et</span> <span class='ocrx_word' id='word_1_475' title='bbox 1618 1684 1851 1722; x_wconf 82' lang='lat' dir='ltr'>hegumenorum</span> <span class='ocrx_word' id='word_1_476' title='bbox 1879 1686 1921 1716; x_wconf 82' lang='lat' dir='ltr'>di-</span> 
     </span>
     <span class='ocr_line' id='line_1_87' title="bbox 1177 1736 1331 1761; baseline 0 -1"><span class='ocrx_word' id='word_1_477' title='bbox 1177 1736 1255 1760; x_wconf 89' lang='lat' dir='ltr'>ctum</span> <span class='ocrx_word' id='word_1_478' title='bbox 1279 1736 1331 1761; x_wconf 90' lang='lat' dir='ltr'>est.</span> 
     </span>
    </p>

    <p class='ocr_par' dir='ltr' id='par_1_25' title="bbox 1177 1781 1923 1909">
     <span class='ocr_line' id='line_1_88' title="bbox 1256 1781 1919 1818; baseline 0.005 -7"><span class='ocrx_word' id='word_1_479' title='bbox 1256 1781 1434 1818; x_wconf 73' lang='lat' dir='ltr'>Suffragium</span> <span class='ocrx_word' id='word_1_480' title='bbox 1457 1781 1486 1810; x_wconf 93' lang='lat' dir='ltr'>in</span> <span class='ocrx_word' id='word_1_481' title='bbox 1510 1782 1650 1811; x_wconf 70' lang='lat' dir='ltr'>schedula</span> <span class='ocrx_word' id='word_1_482' title='bbox 1679 1782 1826 1813; x_wconf 85' lang='lat' dir='ltr'>scribatur</span> <span class='ocrx_word' id='word_1_483' title='bbox 1853 1784 1919 1814; x_wconf 85' lang='lat' dir='ltr'>sic:</span> 
     </span>
     <span class='ocr_line' id='line_1_89' title="bbox 1177 1830 1923 1872; baseline 0.005 -14"><span class='ocrx_word' id='word_1_484' title='bbox 1177 1830 1256 1868; x_wconf 73' lang='lat' dir='ltr'>Eliyo</span> <span class='ocrx_word' id='word_1_485' title='bbox 1278 1831 1458 1859; x_wconf 72' lang='lat' dir='ltr'>ret-erendum</span> <span class='ocrx_word' id='word_1_486' title='bbox 1476 1835 1585 1869; x_wconf 78' lang='lat' dir='ltr'>patrem</span> <span class='ocrx_word' id='word_1_487' title='bbox 1606 1831 1640 1860; x_wconf 85' lang='lat' dir='ltr'>N.</span> <span class='ocrx_word' id='word_1_488' title='bbox 1666 1832 1696 1860; x_wconf 83' lang='lat' dir='ltr'>in</span> <span class='ocrx_word' id='word_1_489' title='bbox 1717 1831 1838 1862; x_wconf 83' lang='lat' dir='ltr'>abbatem</span> <span class='ocrx_word' id='word_1_490' title='bbox 1857 1843 1923 1872; x_wconf 84' lang='lat' dir='ltr'>pro-</span> 
     </span>
     <span class='ocr_line' id='line_1_90' title="bbox 1177 1879 1652 1909; baseline 0 -1"><span class='ocrx_word' id='word_1_491' title='bbox 1177 1880 1285 1908; x_wconf 44' lang='lat' dir='ltr'>vinciae</span> <span class='ocrx_word' id='word_1_492' title='bbox 1308 1879 1341 1907; x_wconf 71' lang='lat' dir='ltr'>N.</span> <span class='ocrx_word' id='word_1_493' title='bbox 1368 1879 1411 1908; x_wconf 90' lang='lat' dir='ltr'>vel</span> <span class='ocrx_word' id='word_1_494' title='bbox 1435 1880 1595 1908; x_wconf 74' lang='lat' dir='ltr'>monasterii</span> <span class='ocrx_word' id='word_1_495' title='bbox 1617 1880 1652 1909; x_wconf 92' lang='lat' dir='ltr'>N.</span> 
     </span>
    </p>

    <p class='ocr_par' dir='ltr' id='par_1_26' title="bbox 1179 1928 2120 2310">
     <span class='ocr_line' id='line_1_91' title="bbox 1258 1928 2120 1968; baseline 0.002 -12"><span class='ocrx_word' id='word_1_496' title='bbox 1258 1928 1458 1957; x_wconf 81' lang='lat' dir='ltr'>Extrahuntur</span> <span class='ocrx_word' id='word_1_497' title='bbox 1485 1933 1580 1957; x_wconf 91' lang='lat' dir='ltr'>autem</span> <span class='ocrx_word' id='word_1_498' title='bbox 1609 1929 1747 1967; x_wconf 75' lang='lat' dir='ltr'>suffragia</span> <span class='ocrx_word' id='word_1_499' title='bbox 1770 1940 1785 1959; x_wconf 87' lang='lat' dir='ltr'>a</span> <span class='ocrx_word' id='word_1_500' title='bbox 1808 1930 1923 1961; x_wconf 84' lang='lat' dir='ltr'>duobus</span> <span class='ocrx_word' id='word_1_501' title='bbox 1951 1938 1991 1968; x_wconf 57' lang='lat' dir='ltr'>⁴tn»</span> <span class='ocrx_word' id='word_1_502' title='bbox 2005 1937 2120 1968; x_wconf 53' lang='lat' dir='ltr'>extrahen-</span> 
     </span>
     <span class='ocr_line' id='line_1_92' title="bbox 1179 1964 2093 2017; baseline 0.005 -11"><span class='ocrx_word' id='word_1_503' title='bbox 1179 1978 1329 2007; x_wconf 87' lang='lat' dir='ltr'>monachis</span> <span class='ocrx_word' id='word_1_504' title='bbox 1352 1987 1452 2007; x_wconf 92' lang='lat' dir='ltr'>eorum</span> <span class='ocrx_word' id='word_1_505' title='bbox 1472 1978 1684 2017; x_wconf 84' lang='lat' dir='ltr'>cognitoribus,</span> <span class='ocrx_word' id='word_1_506' title='bbox 1702 1983 1730 2008; x_wconf 90' lang='lat' dir='ltr'>et</span> <span class='ocrx_word' id='word_1_507' title='bbox 1752 1979 1924 2011; x_wconf 88' lang='lat' dir='ltr'>scribuntur</span> <span class='ocrx_word' id='word_1_508' title='bbox 1934 1965 1967 1985; x_wconf 47' lang='grc' dir='ltr'>ὼς</span> <span class='ocrx_word' id='word_1_509' title='bbox 1980 1964 2093 1990; x_wconf 75' lang='lat' dir='ltr'>suffragus.</span> 
     </span>
     <span class='ocr_line' id='line_1_93' title="bbox 1180 2027 1925 2063; baseline 0.004 -7"><span class='ocrx_word' id='word_1_510' title='bbox 1180 2027 1209 2056; x_wconf 90' lang='lat' dir='ltr'>in</span> <span class='ocrx_word' id='word_1_511' title='bbox 1232 2029 1314 2056; x_wconf 73' lang='lat' dir='ltr'>carta</span> <span class='ocrx_word' id='word_1_512' title='bbox 1336 2036 1350 2056; x_wconf 90' lang='lat' dir='ltr'>a</span> <span class='ocrx_word' id='word_1_513' title='bbox 1375 2027 1557 2063; x_wconf 80' lang='lat' dir='ltr'>secretari03</span> <span class='ocrx_word' id='word_1_514' title='bbox 1581 2032 1609 2057; x_wconf 88' lang='lat' dir='ltr'>et</span> <span class='ocrx_word' id='word_1_515' title='bbox 1631 2037 1707 2058; x_wconf 91' lang='lat' dir='ltr'>unus</span> <span class='ocrx_word' id='word_1_516' title='bbox 1723 2038 1758 2058; x_wconf 84' lang='lat' dir='ltr'>ex</span> <span class='ocrx_word' id='word_1_517' title='bbox 1778 2029 1837 2059; x_wconf 91' lang='lat' dir='ltr'>illis</span> <span class='ocrx_word' id='word_1_518' title='bbox 1853 2029 1925 2059; x_wconf 93' lang='lat' dir='ltr'>duo-</span> 
     </span>
     <span class='ocr_line' id='line_1_94' title="bbox 1180 2076 1924 2115; baseline 0.005 -10"><span class='ocrx_word' id='word_1_519' title='bbox 1180 2076 1254 2114; x_wconf 90' lang='lat' dir='ltr'>bus,</span> <span class='ocrx_word' id='word_1_520' title='bbox 1280 2076 1460 2115; x_wconf 77' lang='lat' dir='ltr'>professione</span> <span class='ocrx_word' id='word_1_521' title='bbox 1493 2076 1664 2115; x_wconf 83' lang='lat' dir='ltr'>antiquior,</span> <span class='ocrx_word' id='word_1_522' title='bbox 1695 2086 1803 2107; x_wconf 89' lang='lat' dir='ltr'>nomen</span> <span class='ocrx_word' id='word_1_523' title='bbox 1837 2078 1924 2109; x_wconf 86' lang='lat' dir='ltr'>electi</span> 
     </span>
     <span class='ocr_line' id='line_1_95' title="bbox 1180 2125 1925 2164; baseline 0.004 -10"><span class='ocrx_word' id='word_1_524' title='bbox 1180 2125 1278 2154; x_wconf 88' lang='lat' dir='ltr'>altiori</span> <span class='ocrx_word' id='word_1_525' title='bbox 1303 2134 1371 2154; x_wconf 90' lang='lat' dir='ltr'>voce</span> <span class='ocrx_word' id='word_1_526' title='bbox 1395 2125 1582 2164; x_wconf 85' lang='lat' dir='ltr'>pronunciat,</span> <span class='ocrx_word' id='word_1_527' title='bbox 1602 2129 1634 2155; x_wconf 91' lang='lat' dir='ltr'>ut</span> <span class='ocrx_word' id='word_1_528' title='bbox 1655 2126 1802 2164; x_wconf 82' lang='lat' dir='ltr'>generalis</span> <span class='ocrx_word' id='word_1_529' title='bbox 1824 2131 1853 2157; x_wconf 90' lang='lat' dir='ltr'>et</span> <span class='ocrx_word' id='word_1_530' title='bbox 1875 2127 1925 2157; x_wconf 91' lang='lat' dir='ltr'>he-</span> 
     </span>
     <span class='ocr_line' id='line_1_96' title="bbox 1181 2173 1925 2213; baseline 0.003 -11"><span class='ocrx_word' id='word_1_531' title='bbox 1181 2174 1301 2212; x_wconf 80' lang='lat' dir='ltr'>gumeni</span> <span class='ocrx_word' id='word_1_532' title='bbox 1323 2174 1464 2210; x_wconf 87' lang='lat' dir='ltr'>audiant;</span> <span class='ocrx_word' id='word_1_533' title='bbox 1488 2178 1516 2203; x_wconf 86' lang='lat' dir='ltr'>et</span> <span class='ocrx_word' id='word_1_534' title='bbox 1537 2173 1587 2212; x_wconf 91' lang='lat' dir='ltr'>qui</span> <span class='ocrx_word' id='word_1_535' title='bbox 1610 2173 1692 2212; x_wconf 88' lang='lat' dir='ltr'>plura</span> <span class='ocrx_word' id='word_1_536' title='bbox 1715 2174 1852 2213; x_wconf 79' lang='lat' dir='ltr'>suffragia</span> <span class='ocrx_word' id='word_1_537' title='bbox 1874 2175 1925 2204; x_wconf 84' lang='lat' dir='ltr'>ha-</span> 
     </span>
     <span class='ocr_line' id='line_1_97' title="bbox 1183 2222 1926 2263; baseline 0.005 -12"><span class='ocrx_word' id='word_1_538' title='bbox 1183 2222 1290 2261; x_wconf 87' lang='lat' dir='ltr'>buerit,</span> <span class='ocrx_word' id='word_1_539' title='bbox 1315 2223 1363 2252; x_wconf 89' lang='lat' dir='ltr'>ille</span> <span class='ocrx_word' id='word_1_540' title='bbox 1385 2222 1474 2251; x_wconf 88' lang='lat' dir='ltr'>abbas</span> <span class='ocrx_word' id='word_1_541' title='bbox 1496 2223 1562 2258; x_wconf 88' lang='lat' dir='ltr'>erit,</span> <span class='ocrx_word' id='word_1_542' title='bbox 1583 2232 1669 2261; x_wconf 92' lang='lat' dir='ltr'>quem</span> <span class='ocrx_word' id='word_1_543' title='bbox 1694 2223 1815 2262; x_wconf 88' lang='lat' dir='ltr'>proinde</span> <span class='ocrx_word' id='word_1_544' title='bbox 1837 2234 1926 2263; x_wconf 84' lang='lat' dir='ltr'>gene-</span> 
     </span>
     <span class='ocr_line' id='line_1_98' title="bbox 1183 2270 1750 2310; baseline 0.002 -10"><span class='ocrx_word' id='word_1_545' title='bbox 1183 2271 1252 2300; x_wconf 88' lang='lat' dir='ltr'>ralis</span> <span class='ocrx_word' id='word_1_546' title='bbox 1276 2270 1467 2310; x_wconf 82' lang='lat' dir='ltr'>proclamabit</span> <span class='ocrx_word' id='word_1_547' title='bbox 1488 2272 1517 2300; x_wconf 85' lang='lat' dir='ltr'>in</span> <span class='ocrx_word' id='word_1_548' title='bbox 1542 2271 1615 2301; x_wconf 89' lang='lat' dir='ltr'>haec</span> <span class='ocrx_word' id='word_1_549' title='bbox 1637 2271 1723 2301; x_wconf 88' lang='lat' dir='ltr'>verba</span> <span class='ocrx_word' id='word_1_550' title='bbox 1743 2282 1750 2301; x_wconf 75' lang='lat' dir='ltr'><em>z</em></span> 
     </span>
    </p>

    <p class='ocr_par' dir='ltr' id='par_1_27' title="bbox 1182 2319 1926 2448">
     <span class='ocr_line' id='line_1_99' title="bbox 1262 2319 1926 2358; baseline 0.002 -8"><span class='ocrx_word' id='word_1_551' title='bbox 1262 2319 1377 2350; x_wconf 71' lang='lat' dir='ltr'>Nomine</span> <span class='ocrx_word' id='word_1_552' title='bbox 1399 2321 1616 2358; x_wconf 68' lang='lat' dir='ltr'>conyreyationis</span> <span class='ocrx_word' id='word_1_553' title='bbox 1638 2325 1745 2350; x_wconf 79' lang='lat' dir='ltr'>nostrae</span> <span class='ocrx_word' id='word_1_554' title='bbox 1773 2323 1926 2357; x_wconf 76' lang='lat' dir='ltr'>pronuncio</span> 
     </span>
     <span class='ocr_line' id='line_1_100' title="bbox 1182 2368 1926 2410; baseline 0.003 -12"><span class='ocrx_word' id='word_1_555' title='bbox 1182 2372 1208 2398; x_wconf 80' lang='lat' dir='ltr'>el</span> <span class='ocrx_word' id='word_1_556' title='bbox 1229 2368 1337 2397; x_wconf 83' lang='lat' dir='ltr'>declaro</span> <span class='ocrx_word' id='word_1_557' title='bbox 1354 2369 1535 2397; x_wconf 76' lang='lat' dir='ltr'>reverendum</span> <span class='ocrx_word' id='word_1_558' title='bbox 1548 2371 1657 2407; x_wconf 77' lang='lat' dir='ltr'>patrem</span> <span class='ocrx_word' id='word_1_559' title='bbox 1671 2368 1707 2399; x_wconf 91' lang='lat' dir='ltr'>N.</span> <span class='ocrx_word' id='word_1_560' title='bbox 1724 2369 1846 2399; x_wconf 78' lang='lat' dir='ltr'>abbatem</span> <span class='ocrx_word' id='word_1_561' title='bbox 1858 2380 1926 2410; x_wconf 83' lang='lat' dir='ltr'>pro-</span> 
     </span>
     <span class='ocr_line' id='line_1_101' title="bbox 1182 2417 1596 2448; baseline -0.002 -1"><span class='ocrx_word' id='word_1_562' title='bbox 1182 2418 1292 2447; x_wconf 81' lang='lat' dir='ltr'>vinciae</span> <span class='ocrx_word' id='word_1_563' title='bbox 1314 2417 1357 2446; x_wconf 90' lang='lat' dir='ltr'>vel</span> <span class='ocrx_word' id='word_1_564' title='bbox 1381 2418 1541 2446; x_wconf 76' lang='lat' dir='ltr'>monasterii</span> <span class='ocrx_word' id='word_1_565' title='bbox 1561 2417 1596 2448; x_wconf 91' lang='lat' dir='ltr'>N.</span> 
     </span>
    </p>

    <p class='ocr_par' dir='ltr' id='par_1_28' title="bbox 1184 2466 1926 2603">
     <span class='ocr_line' id='line_1_102' title="bbox 1264 2466 1924 2506; baseline 0.003 -10"><span class='ocrx_word' id='word_1_566' title='bbox 1264 2467 1360 2496; x_wconf 83' lang='lat' dir='ltr'>Finito</span> <span class='ocrx_word' id='word_1_567' title='bbox 1382 2466 1536 2503; x_wconf 88' lang='lat' dir='ltr'>scrutinio,</span> <span class='ocrx_word' id='word_1_568' title='bbox 1560 2476 1660 2496; x_wconf 91' lang='lat' dir='ltr'>omnes</span> <span class='ocrx_word' id='word_1_569' title='bbox 1683 2467 1769 2498; x_wconf 86' lang='lat' dir='ltr'>electi</span> <span class='ocrx_word' id='word_1_570' title='bbox 1791 2467 1924 2506; x_wconf 85' lang='lat' dir='ltr'>abbates,</span> 
     </span>
     <span class='ocr_line' id='line_1_103' title="bbox 1184 2516 1925 2556; baseline 0.003 -11"><span class='ocrx_word' id='word_1_571' title='bbox 1184 2517 1235 2556; x_wconf 84' lang='lat' dir='ltr'>qui</span> <span class='ocrx_word' id='word_1_572' title='bbox 1264 2517 1294 2546; x_wconf 94' lang='lat' dir='ltr'>in</span> <span class='ocrx_word' id='word_1_573' title='bbox 1327 2526 1361 2546; x_wconf 90' lang='lat' dir='ltr'>eo</span> <span class='ocrx_word' id='word_1_574' title='bbox 1395 2516 1572 2546; x_wconf 86' lang='lat' dir='ltr'>monasterio</span> <span class='ocrx_word' id='word_1_575' title='bbox 1605 2522 1773 2555; x_wconf 88' lang='lat' dir='ltr'>praesentes</span> <span class='ocrx_word' id='word_1_576' title='bbox 1804 2517 1925 2556; x_wconf 86' lang='lat' dir='ltr'>suerint,</span> 
     </span>
     <span class='ocr_line' id='line_1_104' title="bbox 1186 2565 1926 2603; baseline 0.003 -9"><span class='ocrx_word' id='word_1_577' title='bbox 1186 2571 1327 2595; x_wconf 85' lang='lat' dir='ltr'>vocantur</span> <span class='ocrx_word' id='word_1_578' title='bbox 1343 2575 1356 2594; x_wconf 90' lang='lat' dir='ltr'>a</span> <span class='ocrx_word' id='word_1_579' title='bbox 1374 2565 1620 2603; x_wconf 74' lang='lat' dir='ltr'>congregatione3</span> <span class='ocrx_word' id='word_1_580' title='bbox 1638 2570 1667 2595; x_wconf 83' lang='lat' dir='ltr'>et</span> <span class='ocrx_word' id='word_1_581' title='bbox 1682 2575 1747 2595; x_wconf 90' lang='lat' dir='ltr'>cum</span> <span class='ocrx_word' id='word_1_582' title='bbox 1764 2565 1926 2596; x_wconf 84' lang='lat' dir='ltr'>introducti</span> 
     </span>
    </p>
   </div>
   <div class='ocr_carea' id='block_1_10' title="bbox 398 2614 1926 2655">
    <p class='ocr_par' dir='ltr' id='par_1_29' title="bbox 398 2614 1926 2655">
     <span class='ocr_line' id='line_1_105' title="bbox 398 2614 1926 2655; baseline -0.001 -9"><span class='ocrx_word' id='word_1_583' title='bbox 398 2617 543 2646; x_wconf 75' lang='lat' dir='ltr'>reverendi</span> <span class='ocrx_word' id='word_1_584' title='bbox 562 2617 654 2655; x_wconf 80' lang='lat' dir='ltr'>patris</span> <span class='ocrx_word' id='word_1_585' title='bbox 668 2616 703 2647; x_wconf 88' lang='lat' dir='ltr'>N.</span> <span class='ocrx_word' id='word_1_586' title='bbox 728 2617 757 2646; x_wconf 84' lang='lat' dir='ltr'>in</span> <span class='ocrx_word' id='word_1_587' title='bbox 779 2617 905 2645; x_wconf 81' lang='lat' dir='ltr'>manibus</span> <span class='ocrx_word' id='word_1_588' title='bbox 923 2617 1020 2646; x_wconf 81' lang='lat' dir='ltr'>vestris</span> <span class='ocrx_word' id='word_1_589' title='bbox 1035 2617 1141 2655; x_wconf 68' lang='lat' dir='ltr'>resigno</span> <span class='ocrx_word' id='word_1_590' title='bbox 1185 2615 1306 2651; x_wconf 86' lang='lat' dir='ltr'>suerint,</span> <span class='ocrx_word' id='word_1_591' title='bbox 1330 2623 1424 2653; x_wconf 85' lang='lat' dir='ltr'>genua</span> <span class='ocrx_word' id='word_1_592' title='bbox 1447 2614 1568 2644; x_wconf 82' lang='lat' dir='ltr'>flectunt</span> <span class='ocrx_word' id='word_1_593' title='bbox 1591 2623 1690 2644; x_wconf 88' lang='lat' dir='ltr'>coram</span> <span class='ocrx_word' id='word_1_594' title='bbox 1713 2614 1815 2644; x_wconf 83' lang='lat' dir='ltr'>abbate</span> <span class='ocrx_word' id='word_1_595' title='bbox 1837 2624 1926 2653; x_wconf 84' lang='lat' dir='ltr'>gene-</span> 
     </span>
    </p>
   </div>
   <div class='ocr_carea' id='block_1_11' title="bbox 2113 0 2182 2579">
    <p class='ocr_par' dir='ltr' id='par_1_30' title="bbox 2113 0 2182 2579">
     <span class='ocr_line' id='line_1_106' title="bbox 2113 0 2182 2579; baseline 0 0"><span class='ocrx_word' id='word_1_596' title='bbox 2113 0 2182 2579; x_wconf 95' lang='lat' dir='ltr'> </span> 
     </span>
    </p>
   </div>
  </div>
 </body>
</html>
