2182 3137
194 236 241 262 Αη.
262 234 291 261 C.
309 233 374 260 ¹730

207 535 231 547 tn·
244 534 293 551 nene

193 555 223 574 tul
240 555 284 574 uttan

222 2386 321 2408 rav-uuas
337 2392 367 2407 m·

187 2415 281 2439 signandi

189 2446 259 2460 *wne*
275 2441 299 2459 ³¹¹
316 2439 411 2467 „mi-02
435 2445 547 2467 eorum
573 2436 705 2479 singulis
724 2464 729 2476 ‚

195 2473 198 2484 ι
230 2473 240 2485 u
283 2469 367 2486 cnutum

189 2493 317 2512 euenturum.

320 2420 368 2440 pon-

419 223 460 257 ⁶22

427 282 485 323 §ln
499 282 541 312 Ac
559 290 629 311 cum
649 277 770 310 eisdctu
789 274 997 313 conclaristis,
1016 273 1111 305 etiam

275 328 309 366 .‘.⁰
344 326 414 365 'Tiin
432 332 541 365 militia
567 331 597 363 S.
618 329 745 362 loannis
774 326 1058 369 llierosolymitani
1082 330 1112 357 et
1133 361 1134 373 ἵ

358 379 412 418 :fin
439 386 547 428 quavis
566 384 625 417 alia
644 382 756 415 militia
774 390 924 424 expresse
944 379 1111 422 professis,

356 430 465 481 'ssquoit
484 438 607 469 ratione
626 444 899 479 quarumcumque
919 433 1109 476 pensionum

357 482 557 523 i'annuarum
585 490 630 521 eis
657 494 686 521 et
712 498 822 520 eorum
850 487 984 519 cuilibet
1015 494 1112 527 super

298 533 347 573 [iiii.
359 533 369 546 ³
382 542 564 586 quorumvis
575 541 804 574 beneficiorum
819 538 1109 571 ecclesiasticorum

381 605 415 627 ac
451 595 544 627 etiam
578 604 759 626 mensarum
793 590 1034 634 episcopalium,
1061 599 1109 621 ar-

380 647 687 690 chiepiscopalium,
724 645 953 683 abbatialium,
984 653 1107 675 necnon

380 701 568 742 dignitatum
596 708 869 743 quaruimumque
889 708 923 729 ac
947 701 1111 728 monaste-

380 753 512 790 riorum,
533 752 627 783 etiam
651 762 707 794 per
731 750 870 783 eiusdem
896 749 927 781 S.
942 749 1024 781 RE.
1044 759 1109 781 car·
1131 757 1132 779 1

380 805 502 837 dinales
528 805 565 836 ad
592 814 744 846 praesens
770 802 978 835 obtentorum
1015 807 1046 834 et
1078 801 1107 833 in
1131 838 1132 841 Ἰ

380 862 544 899 posterum
570 855 814 899 quomodolibet
846 855 1109 893 obtinemlorum,

381 910 545 949 fructibus,
565 915 639 948 etta,
658 919 693 941 ac
711 908 805 940 etiam
828 907 1108 940 distributionibus
1130 920 1132 948 j

379 962 585 1004 quotidianis,
614 972 675 993 non
705 967 807 993 tamen
836 961 919 992 ultra
952 969 1108 992 summam

378 1014 589 1047 ducentorum
615 1014 798 1046 ducatorum
824 1012 891 1044 auri
910 1012 947 1045 de
967 1012 1108 1054 Camera,

378 1077 437 1110 pro
463 1067 606 1110 quolibet
631 1076 738 1098 eorum
765 1076 849 1097 nunc
883 1071 913 1097 et
945 1075 1003 1108 pro
1030 1071 1108 1098 tem-

377 1130 457 1163 pore
483 1125 715 1152 reservatarum
742 1124 772 1151 et
796 1118 1044 1161 assignatarum,
1073 1129 1108 1151 ac

377 1173 642 1205 reservandarum
668 1177 696 1203 et
723 1171 1001 1212 assignandarum,
1023 1170 1110 1203 habi-

379 1230 442 1257 tum
468 1230 499 1257 et
524 1230 687 1258 tonsuram
713 1224 896 1257 clericalem
919 1229 1057 1266 gestare,
1079 1229 1109 1256 et

364 1278 408 1309 *in
435 1277 514 1318 illis,
541 1277 713 1310 dummodo
751 1277 827 1309 alias
860 1276 921 1319 ipsi
960 1277 1106 1309 habitum

376 1329 542 1363 decentem
580 1336 609 1363 et
643 1330 816 1362 honestum
844 1340 879 1361 ac
905 1340 962 1372 per
987 1330 1107 1362 milites

376 1383 538 1424 praefatos
564 1383 680 1425 gestari
716 1383 843 1415 solitum
877 1383 1035 1421 deterant,
1063 1384 1109 1414 in-

376 1434 490 1467 cedere
526 1434 656 1467 minime
695 1435 845 1474 debeant,
871 1445 930 1467 nce
964 1434 1000 1467 ad
1035 1435 1065 1467 id
1092 1446 1108 1467 a

377 1497 537 1529 quoquam
574 1487 713 1530 desuper
749 1488 818 1529 cogi
856 1498 910 1520 seu
943 1487 1107 1530 compelli,

377 1540 546 1582 minusque
571 1541 692 1584 aliquas
725 1541 908 1580 sententias,
943 1551 1106 1579 censuras,

376 1602 437 1625 nec
472 1593 566 1625 etiam
602 1593 788 1636 privationis
825 1604 879 1626 seu
918 1593 1107 1627 cessationis

377 1645 519 1687 ipsarum
550 1646 744 1688 pensionum
778 1656 899 1689 poenas
935 1646 1107 1679 occasione

377 1698 625 1740 praemissorum
666 1698 832 1732 incurrere
873 1699 1010 1742 possint,
1053 1699 1107 1731 sed

379 1751 506 1783 easdem
531 1751 714 1794 pensiones,
740 1761 840 1795 usque
866 1751 902 1784 ad
929 1753 1106 1795 praefatam

369 1813 531 1837 >summam
550 1804 760 1838 ducentorum
785 1806 973 1838 ducatorum
1000 1806 1108 1838 huius-

378 1856 462 1890 modi
495 1858 725 1898 ascendentes,
751 1865 781 1892 et
814 1865 993 1892 reservatas
1019 1865 1051 1892 et
1076 1859 1106 1892 in
1129 1863 1130 1892 l

378 1915 540 1952 posterum
567 1912 787 1952 reservandas,
802 1918 835 1944 ut
852 1913 1044 1955 praefertur,
1065 1918 1108 1945 et-

378 1962 467 1995 iamsi
493 1964 748 2003 matrimonium,
776 1966 880 2008 quoad
907 1965 1024 1998 milites
1051 1966 1108 1998 ali—

378 2015 466 2047 cuius
502 2016 655 2056 militiae,
702 2017 849 2050 videlicet
887 2028 957 2050 cum
994 2018 1108 2050 militia

379 2067 595 2110 compatibile,
615 2068 675 2100 iam
701 2070 928 2109 contraxerint,
949 2071 996 2103 vel
1021 2075 1109 2113 post-

379 2119 439 2151 hac
463 2120 655 2153 contrahere
675 2122 846 2161 voluerint,
864 2133 935 2155 cum
958 2123 1052 2155 unica
1079 2128 1109 2155 et
1129 2143 1131 2158 i

378 2172 501 2213 virgine
526 2178 660 2213 tautum,
687 2175 847 2217 recipere,
867 2180 908 2214 et,
927 2175 1031 2218 quoad
1057 2175 1105 2207 vi·
1129 2206 1131 2214 Κ

378 2224 483 2257 xerint
509 2231 539 2257 et,
565 2226 699 2268 quilibet.
724 2237 832 2260 eorum
859 2229 1038 2271 respective
1064 2229 1109 2261 vi-

379 2277 467 2317 xerit,
494 2278 636 2311 retinere
662 2279 760 2311 libere
787 2285 818 2311 et
851 2280 936 2313 lieite
974 2282 1107 2321 valeant,

379 2329 417 2361 de
441 2330 587 2372 specialis
611 2331 694 2363 dono
719 2333 840 2373 gratiae
869 2332 1107 2376 dispensamus.

422 2382 435 2425 ᾖ
457 2382 486 2414 5.
514 2383 550 2415 Et
575 2383 708 2427 insuper
733 2385 935 2418 conclavistis
960 2387 1110 2429 praefatis

761 2443 794 2469 ut.
831 2438 1023 2481 quicumque
1049 2440 1109 2472 loci

378 2485 545 2526 Ordinarii,
564 2489 611 2521 vel
630 2489 775 2521 canonici
791 2491 1109 2533 metropolitanarum

379 2539 427 2571 vel
453 2539 691 2582 cathedralium,
710 2552 766 2575 seu
784 2542 918 2575 duarum
937 2542 1110 2585 insignium

382 2590 472 2624 Urbis
509 2592 749 2635 collegiatarum
790 2596 1022 2638 ecclesiarum,
1058 2602 1110 2630 aut

965 224 1146 250 nntimatutw
1173 223 1328 248 Romnum

1156 281 1316 313 personae
1342 270 1423 303 aliae
1449 279 1672 314 quaecumque
1699 268 1890 302 ecclesiasti-

1155 335 1210 356 eae
1229 324 1260 355 in
1277 323 1432 365 dignitate
1451 322 1668 355 ecclesiastica
1686 322 1889 360 constitutae,

1133 374 1134 377 ’
1156 383 1217 409 tam
1238 377 1270 408 in
1290 377 1430 408 nomana
1448 376 1541 408 Curia
1570 386 1664 419 quam
1691 381 1779 408 extra
1805 385 1887 413 eam,

1155 429 1192 461 ad
1219 429 1250 460 id
1275 439 1333 472 per
1365 439 1420 461 eos
1450 434 1482 461 et
1513 439 1622 462 eorum
1656 428 1802 470 singulos
1835 427 1891 460 eli-

1154 481 1247 522 gendi
1271 491 1326 513 seu
1354 481 1534 523 eligendae,
1560 490 1781 524 quascumque
1815 488 1891 523 pen-

1155 534 1263 566 siones
1300 544 1422 566 annuas
1460 534 1507 566 eis
1545 539 1576 566 et
1613 544 1723 566 eorum
1749 529 1888 575 singulis

1154 597 1251 630 super
1276 587 1536 630 quibuscumque
1564 587 1729 626 fructibus,
1749 591 1824 627 etc„
1842 585 1890 617 iu-

1131 640 1263 681 =ril›us‚
1302 641 1552 673 obventionibus
1591 646 1622 673 et
1661 639 1889 673 emolumentis

1153 693 1314 725 universis
1340 693 1437 726 certis
1457 699 1486 725 et
1513 693 1645 726 incertis
1664 703 1890 737 quarumcum-

1154 757 1215 789 que
1241 757 1425 780 mensarum
1458 747 1703 790 episcopalium,
1730 745 1891 788 arehiepi-

1154 800 1332 842 scopalium
1359 805 1387 831 et
1415 799 1634 839 abbatialium,
1654 810 1688 831 ac
1712 799 1807 831 etiam
1829 797 1891 830 dis-

1155 851 1388 884 tributionibus
1413 851 1622 894 quotidianis,
1648 851 1742 884 etiam
1764 851 1889 884 ratione

1153 904 1273 937 servitii
1308 911 1339 936 et
1373 904 1539 944 mercedis,
1566 904 1768 947 dignitatum,
1794 913 1891 937 eano-

1154 957 1318 990 nicatuum
1345 963 1376 989 et
1401 957 1671 1000 praebendarum,
1695 954 1891 989 ceterorum-

1154 1020 1216 1053 que
1244 1011 1379 1043 aliorum
1407 1020 1685 1053 quorumcumque
1715 1009 1891 1042 beneficio-

1154 1074 1225 1095 rum
1252 1062 1558 1099 ecelesiasticortun,
1579 1059 1649 1095 etim
1676 1064 1752 1095 cura
1774 1067 1804 1094 et
1821 1062 1890 1095 sine

1154 1117 1244 1153 cura,
1271 1115 1505 1153 saecularium,
1531 1121 1561 1148 et
1586 1115 1776 1158 quorumvis
1800 1114 1892 1147 Ordi-

1154 1179 1229 1201 num
1256 1168 1453 1210 regularium
1478 1168 1554 1210 (non
1575 1174 1680 1200 tamen
1700 1178 1760 1211 per
1776 1167 1888 1200 S.R.E.

1153 1222 1334 1254 cardinales
1360 1221 1593 1257 obtentorum)
1631 1226 1811 1254 reservatas
1836 1230 1891 1253 seu

1153 1274 1374 1312 reservandas,
1394 1283 1449 1305 seu
1470 1274 1600 1313 fructus,
1616 1278 1690 1313 etc„
1706 1272 1891 1305 huiusmodi

1152 1326 1385 1359 beneficiorum
1405 1331 1585 1358 reservatos
1600 1336 1654 1358 seu
1670 1325 1891 1364 reservandos,

1153 1380 1278 1412 etiamsi
1298 1381 1399 1412 semel
1426 1379 1473 1411 vel
1499 1379 1624 1422 pluries
1645 1379 1818 1412 translatae
1835 1387 1889 1410 seu

1153 1432 1298 1464 translati
1337 1432 1476 1471 suerint,
1513 1442 1616 1474 usque
1656 1432 1694 1464 ad
1732 1440 1890 1463 summam

1152 1490 1282 1517 centum
1302 1485 1489 1517 ducatorum
1511 1484 1578 1516 auri
1601 1484 1640 1516 de
1657 1484 1788 1517 Camerti
1806 1483 1892 1517 sirni-

1152 1539 1241 1578 lium,
1261 1539 1291 1570 in
1313 1543 1380 1571 toto
1404 1539 1454 1571 vel
1480 1537 1512 1570 in
1530 1542 1633 1580 parte,
1653 1547 1687 1570 ac
1704 1536 1735 1570 in
1754 1539 1818 1570 una
1836 1547 1890 1571 seu

1151 1592 1299 1635 pluribus
1320 1591 1456 1631 vicibus,
1475 1601 1511 1624 ac
1530 1590 1624 1623 etiam
1640 1590 1672 1623 in
1687 1591 1801 1624 mortis
1815 1590 1891 1624 arti-

1151 1645 1224 1677 culo
1239 1654 1367 1678 cassare
1383 1649 1414 1676 et
1432 1644 1641 1687 ext,inguere;
1658 1654 1702 1684 ae,
1717 1648 1889 1688 postquam

1152 1704 1293 1731 cassatae
1313 1703 1345 1730 et
1363 1697 1522 1730 extinctae
1543 1697 1671 1737 suerint,
1697 1697 1776 1730 alias
1802 1697 1890 1730 simi-

1152 1751 1197 1783 les
1216 1750 1393 1794 pensiones
1416 1760 1550 1789 annuas,
1581 1760 1636 1783 seu
1661 1751 1795 1790 fructus,
1815 1754 1887 1789 etc.‚

1152 1803 1349 1842 huiusmodi,
1365 1813 1466 1846 usque
1483 1803 1520 1836 ad
1539 1813 1696 1835 summam
1711 1802 1889 1846 praefatam

1152 1861 1282 1889 centum
1302 1856 1501 1895 ducatorum,
1520 1856 1575 1888 uni
1595 1856 1642 1888 vel
1661 1855 1807 1899 pluribus
1821 1855 1890 1888 aliis

1152 1909 1299 1952 personis
1330 1909 1572 1949 ecclesiasticis,
1599 1909 1649 1941 vel
1678 1909 1772 1942 etiam
1799 1907 1890 1941 cleri-

1152 1961 1210 1994 cali
1238 1962 1428 1994 charactere
1455 1967 1531 1994 tunc
1564 1961 1720 2004 temporis
1746 1960 1890 1994 nondum

1152 2015 1327 2057 insignitis,
1355 2025 1425 2047 eum
1452 2015 1593 2047 clausula
1620 2019 1726 2047 tamen
1753 2024 1788 2047 ex
1816 2019 1890 2046 tunc

1129 2073 1248 2111 *prout
1283 2073 1453 2110 postquam
1490 2067 1575 2100 dicto
1613 2067 1803 2100 charactere
1830 2066 1889 2099 rite

1153 2121 1299 2163 insigniti
1334 2121 1475 2160 suerint,
1502 2131 1556 2153 seu
1583 2121 1663 2153 alias
1696 2121 1888 2163 pensionem

1152 2184 1209 2207 seu
1236 2174 1395 2206 fructuum
1423 2173 1608 2206 huiusmodi
1627 2173 1812 2216 capacibus,
1831 2182 1891 2216 pet·

1154 2227 1287 2259 eosdem
1306 2226 1519 2259 conclavistas
1538 2231 1570 2258 et
1589 2225 1716 2258 illorum
1742 2225 1890 2268 singulos

1154 2278 1400 2318 nominandis¹‚
1427 2279 1521 2312 etiam
1548 2287 1771 2322 quaecumque
1797 2282 1890 2322 quot-

1154 2342 1289 2376 cumque
1317 2337 1347 2365 et
1372 2331 1618 2375 qualiacumque
1651 2331 1809 2365 beneficia
1841 2341 1890 2364 ec-

1154 2384 1333 2419 clesiastica
1352 2383 1574 2417 obtinentibus
1588 2389 1618 2417 et
1632 2384 1889 2427 expectantibus,

1154 2438 1303 2471 similiter
1327 2437 1371 2470 cis
1393 2436 1499 2480 quoad
1524 2437 1675 2478 vixerint,
1697 2438 1746 2470 vel
1777 2445 1888 2470 eorum

1154 2490 1419 2534 procuratorilnts
1452 2489 1618 2532 legitimis,
1646 2490 1767 2523 eisdem
1792 2489 1888 2523 modo

1154 2549 1186 2576 et
1223 2543 1323 2576 forma
1362 2542 1480 2586 quibus
1522 2540 1645 2576 eisdem
1685 2541 1887 2576 conctawisus

1192 2607 1199 2631 l
1224 2604 1289 2632 Male
1305 2604 1369 2632 edit.
1388 2604 1471 2632 Maia.
1486 2604 1553 2640 legit
1572 2604 1763 2632 nominandos
1777 2605 1819 2639 (n.
1836 2605 1887 2640 Ὗ.)Δ

1882 218 1951 247 an.
1971 218 2000 248 o.
2017 211 2087 249 uso

2159 1196 2175 1299 ww
2157 1120 2175 1188 -νὴι
2156 1083 2175 1102 ⁶„
2159 1043 2176 1070 ε,

2174 1481 2177 1485 Α
2160 1336 2177 1462 ’τσςῖῗζῖκ
2160 1300 2173 1319 '³
