2182 3137
33 269 90 296 ‘Am
107 269 135 296 C.
159 268 226 295 1732

855 267 997 290 ettiutcxs
1026 268 1068 289 xit
1096 270 1143 291 l'I'.

234 317 400 355 exemplum
422 316 586 346 discordiae
608 316 737 345 futurum
761 315 799 344 sit
815 314 922 344 mundo
945 314 974 344 in

234 365 403 395 scandalum
433 369 461 394 et
485 364 661 403 vobisipsis
693 363 723 392 in
756 363 974 392 damnationem

233 414 456 452 sempiternam.
484 412 554 442 Inde
576 412 704 451 profecto
722 411 878 449 lacrimae,
907 411 975 440 inde

233 462 316 492 dolor
338 461 486 491 sensibilis
507 461 650 490 sauciavit
672 461 815 496 animam,
839 460 908 489 dum
931 460 975 489 in-

233 520 352 549 gressus
375 511 449 540 banc
472 510 578 539 almam
601 510 781 549 provinciam
804 509 914 546 audivi,
947 513 976 538 et

233 559 435 598 experimento
467 559 586 598 proprio
619 559 727 595 didici,
752 559 843 587 miras
866 559 925 587 sore
947 562 975 587 et

233 618 340 646 augere
363 608 392 638 in
415 608 477 637 dies
493 608 658 637 animorum
678 608 847 645 scissiones,
866 607 975 636 discor-

233 657 296 687 dias
318 661 346 686 et
369 657 590 694 contentiones,
614 656 754 686 fratribus
783 656 811 685 in
843 656 975 685 diversos

234 716 338 736 sensus
360 705 560 741 abeuntibus3
588 705 763 745 quibusdam
786 714 892 744 nempe
914 705 977 734 lau-

234 754 372 785 dantibus
393 759 422 784 et
444 754 615 784 obedienter
643 753 867 793 acceptantibus
882 778 889 792 ,
910 754 976 783 aliis

235 813 324 842 vero,
358 803 411 833 sub
441 807 592 843 praetextu
621 803 751 833 enormis
780 803 919 832 laesionis
948 807 999 833 et*

234 853 332 891 gravis
354 853 453 882 illatae
476 852 611 890 iniuriae,
633 852 795 881 multifarie
819 851 977 890 multisque

235 902 328 931 modis
357 906 386 931 et
417 901 522 931 mediis
552 901 795 941 impugnantibus
825 901 976 930 decretum

232 951 473 980 reverendissimi
506 951 598 989 patris
631 951 760 980 ministri
792 951 938 989 generalis
961 960 976 980 a

233 999 418 1029 sanctissimo
431 1000 549 1029 domino
562 1003 663 1029 nostro
678 1000 732 1029 PP.
744 1000 901 1029 Benedicto
914 999 976 1029 XIII

232 1049 262 1078 in
280 1049 372 1078 forma
388 1049 490 1078 Brevis
512 1049 729 1085 confirmatum,
747 1058 780 1078 ac
802 1054 870 1079 ante
888 1049 978 1078 trien-

232 1097 316 1127 nium
338 1098 368 1126 in
391 1101 537 1127 conventu
559 1097 752 1136 Soproniensi
783 1097 976 1136 publicatum,

232 1146 261 1175 vi
285 1146 368 1176 cuius
392 1146 538 1185 tripartita
557 1146 660 1176 electio
680 1151 708 1176 et
730 1146 894 1176 officiorum
917 1147 977 1176 dis-

233 1195 353 1225 tributio
383 1195 437 1224 sub
459 1195 583 1225 diversis
605 1196 707 1234 poenis
729 1196 836 1225 suturis
869 1200 978 1234 tempo-

232 1243 315 1283 ribus
330 1243 510 1274 observanda
525 1245 718 1284 praecipitur.
731 1244 803 1279 Quia
821 1253 890 1274 vero
908 1245 976 1274 baec

233 1293 396 1324 animarum
413 1293 567 1330 dissensio,
585 1298 613 1323 et
634 1294 724 1323 sacris
745 1293 908 1323 canonibus
924 1293 976 1324 Or-

233 1342 368 1381 dinisque
399 1342 661 1372 constitutionibus
698 1343 786 1372 vetita
810 1343 975 1382 oppositis,

236 1396 351 1430 praeter
389 1393 562 1431 pusillorum
594 1392 764 1421 scandalum
803 1397 831 1421 et
868 1392 976 1421 saeculi

233 1441 454 1471 admirationem
470 1465 477 1479 ,
503 1451 639 1479 magnum
662 1442 756 1471 alinae
789 1442 977 1480 provinciae,

232 1491 386 1529 maiusque
409 1490 437 1518 in
462 1490 593 1519 futurum
611 1490 739 1519 minatur
754 1490 975 1528 detrimentum,

235 1539 323 1568 officii
348 1539 404 1568 mei
427 1539 502 1568 ratio
518 1539 654 1576 exigebat
677 1543 874 1578 opportunum
898 1544 976 1570 tanto

233 1588 310 1617 nialo
325 1588 438 1617 adl'erre
456 1588 630 1617 remedium.
648 1590 831 1627 Quapropter
846 1589 875 1617 in
900 1589 976 1618 bunc

234 1637 336 1675 finem,
353 1638 387 1667 ad
406 1638 532 1676 partium
549 1638 732 1676 instantiam,
750 1643 778 1667 et
799 1638 834 1667 de
857 1638 976 1676 speciali

235 1686 372 1716 facultate
406 1686 646 1715 reverendissimi
670 1687 760 1725 patris
783 1687 974 1716 commissarii

233 1735 389 1773 generalis,
413 1735 575 1774 superioris
598 1735 691 1764 nostri
719 1735 804 1774 longe
832 1736 977 1765 colendis-

234 1783 322 1818 simi,
346 1784 503 1813 convocavi
526 1784 560 1813 ad
594 1785 853 1824 liietropolitannm
876 1785 976 1815 Posso-

234 1832 367 1862 niensern
384 1833 467 1862 divae
482 1833 610 1871 Virginis
626 1834 829 1864 Annunciatae
851 1845 977 1865 conven-

235 1886 296 1910 tum
310 1886 417 1920 patreS,
431 1882 586 1912 admodum
601 1883 795 1912 reverendum
809 1883 976 1913 ministrum

236 1930 456 1968 provincialem,
477 1935 628 1970 totumque
651 1932 820 1961 venerabile
842 1933 977 1962 definito-

235 1979 325 2016 rium,
348 1983 376 2008 et
398 1979 555 2009 admodum
578 1981 772 2010 reverendum
789 1986 900 2020 patrem
925 1982 978 2011 Or-

235 2028 313 2057 dinis
335 2028 557 2057 exdelinitorem
589 2030 772 2068 generalem,
806 2035 977 2070 ceterosque

237 2077 374 2106 emeritos
391 2077 560 2116 provinciae
577 2081 675 2116 patres
693 2079 762 2107 olim
780 2079 976 2109 ministeriatu

235 2127 370 2162 t‘unct0s3
395 2130 422 2156 et
446 2126 608 2165 praemissa
635 2128 750 2166 privata
778 2138 844 2157 curn
872 2128 976 2158 iisdem

234 2175 452 2204 consultatione
485 2180 513 2205 et
547 2177 711 2205 animorum
745 2177 974 2216 compositione,

235 2224 350 2253 tandem
374 2233 411 2254 vn
434 2225 532 2254 martii
555 2225 589 2254 ad
614 2226 716 2255 cellam
741 2236 822 2255 meae
849 2228 977 2257 residen-

234 2273 294 2303 tiae
317 2282 418 2303 omnes
441 2274 638 2312 congregavi,
662 2284 696 2304 ac
718 2275 819 2305 habim
838 2277 918 2315 prius
942 2277 976 2306 ad

235 2331 284 2352 eos
305 2322 340 2352 de
363 2331 433 2361 pace
455 2326 483 2352 et
510 2322 640 2352 fraterna
671 2323 816 2354 charitate
842 2325 978 2355 adhorta-

235 2371 327 2409 tione,
341 2371 461 2408 singuli,
480 2371 598 2411 praevia
613 2372 743 2402 fraterna
758 2373 975 2412 deprecatione,

235 2431 272 2451 ex
295 2420 434 2450 laudabili
453 2420 563 2459 publici
580 2420 648 2450 boni
664 2431 697 2451 ac
714 2422 881 2461 provinciae
898 2427 977 2453 trau-

235 2469 390 2509 quillitatis
412 2470 472 2499 zelo
494 2479 596 2499 omnes
624 2470 749 2500 offensas
776 2476 862 2510 atque
890 2482 976 2511 quas-

235 2529 361 2559 cumque
383 2519 507 2548 iniurias
529 2519 638 2549 directe
656 2525 705 2550 aut
721 2521 864 2551 indirecte
880 2521 975 2551 illatas

235 2568 291 2599 sibi
315 2573 416 2598 mutuo
432 2568 545 2598 sincere
561 2569 776 2608 condonarunt,
794 2579 826 2599 ac
848 2571 975 2610 desuper

235 2622 339 2657 sponte
355 2621 382 2647 et
397 2617 488 2648 libere
504 2622 718 2648 consenserunt
739 2622 767 2648 et
785 2623 975 2659 acceptarunt

233 2666 471 2697 constitutionem
488 2667 665 2697 sanctissimi
681 2667 790 2697 domini
809 2669 900 2698 nostri
918 2669 972 2698 I‘I‘.

1017 315 1167 346 Benedicti
1179 316 1253 353 XIII,
1267 316 1458 356 incipientem
1470 317 1580 356 [inponi
1595 317 1682 355 nobis,
1696 321 1762 353 etc„

1018 364 1071 394 sub
1094 365 1192 394 datum
1215 366 1373 395 Beneventi
1400 375 1427 396 lv
1450 366 1551 405 aprilis
1579 374 1762 403 mcccxxvu,

1018 418 1046 442 et
1079 413 1194 443 decreta
1231 414 1469 444 reverendissimi
1505 415 1596 453 patris
1633 414 1761 444 ministri

1017 462 1162 499 generalis
1185 462 1219 491 de
1243 462 1388 501 tripartita
1416 464 1559 493 electione
1593 464 1620 492 in
1645 464 1763 502 provin-

1018 510 1092 539 ciam
1117 510 1301 546 introducta,
1325 515 1353 540 et
1376 512 1482 541 futuris
1504 521 1619 550 semper
1648 517 1762 552 tempo-

1018 559 1100 588 ribus
1121 559 1261 589 inviolate
1284 559 1441 589 observare
1463 561 1694 600 spoponderunt.

1058 616 1099 637 111.
1117 607 1218 643 I‘orro,
1237 617 1287 646 pro
1305 611 1450 647 perpetua,
1465 619 1535 647 pace
1551 614 1579 639 et
1594 610 1761 639 animorum

1019 657 1177 686 concordia
1190 662 1269 686 tanto
1286 657 1389 687 fortius
1402 662 1430 687 et
1445 658 1558 687 lirmius
1571 658 1761 695 stabilienda,

1019 705 1121 735 statuit
1144 705 1312 734 venerabile
1335 706 1534 735 definitorium
1559 712 1587 736 et
1605 707 1763 736 admodum

1020 755 1173 784 reverendi
1196 754 1314 784 Ordinis
1346 755 1508 793 respective
1538 761 1565 785 et
1596 757 1763 794 provinciae

1020 809 1117 843 patres
1139 803 1267 841 emeriti,
1292 808 1339 839 ut,
1363 804 1392 833 in
1416 807 1505 833 causa
1527 810 1693 844 acceptatae
1718 806 1762 835 vel

1020 857 1171 882 rerusatae
1194 852 1346 891 bucusque
1373 853 1549 891 apostolicae
1576 853 1764 883 constitutio-

1020 903 1066 931 nis
1102 901 1279 941 tripartitam
1317 902 1492 931 electionem
1530 903 1739 941 praecipientis
1756 930 1763 939 ,

1021 955 1196 990 perpetuum
1229 951 1365 980 omnibus
1399 951 1551 981 silentium
1581 951 1762 990 imponatur,

1021 999 1095 1029 itaut
1125 999 1205 1029 nullo
1232 1009 1362 1038 unquam
1391 1004 1521 1038 tempore
1548 1001 1613 1039 quis
1643 1001 1763 1038 gloriari

1021 1053 1070 1078 aut
1102 1048 1242 1087 conqueri
1275 1048 1398 1086 audeat,
1422 1058 1452 1078 se
1485 1050 1514 1078 in
1548 1051 1637 1079 causa
1659 1051 1765 1081 vicisse

1021 1102 1071 1127 aut
1093 1097 1304 1126 succubuisse:
1329 1098 1461 1136 pariter,
1486 1108 1522 1127 ne
1555 1099 1621 1138 quis
1653 1100 1764 1130 iactare

1021 1146 1127 1176 audeat
1148 1152 1198 1176 aut
1227 1146 1348 1184 gloriari
1378 1156 1408 1176 se
1432 1157 1464 1176 ex
1494 1150 1547 1176 sua
1575 1149 1693 1178 natione
1716 1149 1765 1178 ba-

1021 1195 1089 1225 bere
1112 1196 1316 1234 superiorem,
1342 1197 1439 1225 minus
1461 1197 1491 1226 in
1514 1207 1566 1226 suo
1599 1198 1763 1237 patrocinio

1020 1254 1083 1274 sese
1106 1245 1238 1282 fundare,
1264 1254 1330 1274 cum
1350 1246 1485 1284 superior
1513 1247 1644 1276 oninium
1667 1247 1766 1277 subie-

1021 1298 1134 1323 ctarum
1167 1294 1223 1323 sibi
1256 1294 1406 1324 nationum
1440 1296 1591 1334 aequalem
1614 1307 1714 1327 curam
1737 1303 1767 1328 et

1022 1348 1173 1382 paternam
1203 1343 1431 1373 sollicitudinem
1458 1354 1570 1381 gerere,
1604 1355 1766 1386 omnesque

1022 1392 1083 1430 pari
1107 1392 1275 1421 sinceritate
1305 1396 1332 1421 et
1360 1393 1468 1422 amoris
1495 1393 1675 1424 exhibitione
1700 1404 1765 1434 pro-

1021 1440 1103 1479 sequi
1127 1444 1279 1469 teneatur:
1303 1440 1379 1479 quod
1407 1441 1548 1470 fratribus
1576 1442 1657 1471 laicis
1680 1453 1766 1482 pecu-

1021 1489 1133 1519 liariter
1155 1489 1243 1519 simul
1262 1494 1291 1519 et
1313 1500 1436 1520 nervose
1459 1500 1474 1519 a
1496 1492 1698 1529 superioribus
1721 1493 1765 1522 in-

1021 1539 1206 1573 culcandum,
1231 1544 1317 1578 atque
1340 1549 1354 1568 a
1377 1539 1438 1568 suis
1460 1541 1646 1570 confessariis
1668 1542 1766 1571 effica-

1020 1589 1094 1617 citer
1112 1589 1228 1627 saepius
1244 1589 1459 1627 suggerendum
1483 1590 1551 1619 erit.
1569 1590 1598 1619 Si
1614 1591 1680 1630 quis
1696 1601 1764 1621 vero

1021 1638 1051 1667 in
1076 1638 1246 1677 praemissis
1269 1639 1497 1677 contravenerit,
1522 1639 1564 1668 illi
1587 1640 1708 1670 indilate
1731 1641 1766 1671 de

1020 1687 1083 1717 solo
1106 1692 1223 1726 patrum
1246 1688 1441 1717 discretorum
1457 1693 1619 1718 conventus
1642 1690 1766 1720 consilio

1020 1736 1054 1765 ad
1091 1736 1210 1766 domum
1246 1737 1419 1776 disciplinae
1456 1737 1667 1775 includantur,
1692 1739 1765 1769 inibi

1021 1795 1071 1825 per
1095 1786 1224 1815 triduum
1248 1786 1278 1815 in
1312 1796 1386 1825 pane
1421 1791 1449 1815 et
1482 1789 1558 1826 aqua
1584 1787 1766 1824 ieiunaturi3

1020 1834 1126 1874 quibus
1156 1835 1258 1873 poenis
1280 1836 1366 1864 etiam
1399 1835 1593 1865 subiiciantur
1616 1837 1713 1875 socii,
1739 1838 1764 1867 si

1022 1884 1072 1912 bas
1089 1883 1222 1922 publicae
1240 1884 1301 1922 paci
1321 1884 1500 1922 perniciosas
1517 1886 1765 1923 transgressiones

1020 1942 1078 1962 non
1102 1933 1307 1962 revelaverint.
1336 1933 1508 1972 Superiores
1542 1944 1612 1963 vero
1644 1935 1764 1974 locales,

1021 1985 1142 2010 statutas
1166 1981 1253 2010 hasce
1276 1991 1384 2020 poenas
1407 1991 1464 2011 non
1488 1983 1671 2021 infligentes,
1702 1984 1765 2023 ipso

1022 2030 1094 2058 sacto
1118 2029 1153 2058 ab
1176 2030 1270 2059 officio
1293 2030 1528 2068 suspendantur,
1565 2037 1615 2061 aut
1647 2033 1766 2069 gravius

1021 2079 1108 2108 etiaui
1131 2078 1253 2108 arbitrio
1273 2079 1448 2108 venerabilis
1463 2080 1623 2110 delinitorii
1640 2082 1765 2120 punian-

1022 2132 1078 2158 tur.
1114 2128 1145 2157 In
1179 2128 1261 2157 cuius
1294 2128 1337 2157 rei
1371 2128 1457 2158 fidem
1492 2130 1645 2169 maiusque
1674 2131 1765 2161 robur

1021 2178 1141 2217 propria
1156 2187 1243 2207 manu
1260 2177 1512 2217 subscripserunt⁷
1530 2184 1558 2209 et
1582 2180 1676 2209 maius
1699 2190 1764 2220 pro-

1021 2227 1133 2256 vinciae
1146 2227 1275 2265 sigillum
1289 2232 1499 2266 apposuerunt.
1515 2228 1610 2258 —lta
1623 2233 1682 2258 est:
1700 2233 1765 2269 fra-

1020 2281 1061 2305 ter
1083 2276 1213 2305 Mamilius
1239 2276 1344 2313 Tlmm,
1366 2277 1525 2314 provinciae
1548 2277 1676 2316 definitor
1699 2279 1762 2308 Sla-

1018 2336 1092 2359 vus,-
1121 2328 1212 2364 frater
1244 2325 1396 2354 lizalovtcus
1428 2325 1574 2360 l'arnzan,
1603 2328 1762 2365 provinciae

1018 2375 1144 2414 definitor
1167 2374 1330 2413 IIunyurus,·
1345 2376 1435 2413 frater
1450 2375 1556 2414 Gaspur
1574 2375 1682 2411 διψία,
1696 2387 1763 2416 pro-

1018 2425 1127 2453 vinciae
1155 2429 1242 2453 custos
1273 2424 1445 2462 llunyarus,·
1477 2426 1568 2462 frater
1600 2425 1764 2455 Ber-nardus

1018 2472 1249 2507 Ilanzocssahozii,
1271 2473 1431 2511 procc‘neiae
1451 2479 1532 2511 paler
1552 2472 1711 2511 Ilunyurzcs.
1725 2491 1764 2496 —

1018 2522 1060 2551 Ita
1083 2527 1146 2552 est:
1179 2524 1268 2561 frater
1292 2521 1406 2550 loannes
1429 2522 1614 2560 Capostranus
1642 2523 1761 2559 Sebaclt,

1019 2572 1172 2601 Germanus
1188 2572 1329 2605 ministei·‚-
1345 2572 1435 2609 frater
1452 2571 1593 2611 Carparus
1615 2572 1760 2608 Nulteries,

1015 2626 1095 2660 paler
1110 2622 1236 2660 definitor
1255 2620 1371 2654 Cronius·
1387 2622 1477 2659 frater
1493 2620 1624 2660 Iosephus
1644 2621 1761 2659 Boiyer,

1014 2676 1095 2709 paler
1115 2671 1242 2709 ‹ll-siitslor
1259 2670 1427 2707 Germanus;
1445 2672 1536 2709 frater
1552 2670 1690 2701 :tntonius
1707 2671 1762 2700 1³0-

1661 257 1727 290 407
1773 271 1823 294 nn.
1839 268 1871 294 c.
1892 267 1961 295 ¹732
