2182 3137
221 273 270 300 An.
292 273 320 300 c.
342 272 411 300 1732
457 263 521 297 464

250 819 371 839 Exniaelium.

244 1781 311 1800 Cama
323 1781 412 1802 huiusce

231 1810 351 1829 emtionis.

710 322 853 355 Lxxvtt.

414 402 541 435 Erectio
566 413 602 434 ac
627 401 749 434 dotatio
775 402 906 445 collcqz'i
925 402 1021 435 Ritus
1041 402 1156 435 Graeci

460 455 495 488 in
521 456 637 498 oppido
669 455 782 489 silani
806 455 1059 497 Bi'si’winumzsis
1075 455 1157 488 dioe-

459 509 537 540 cesis
559 519 618 551 pro
641 509 754 552 pueris
778 513 807 541 el
832 508 1088 541 adolescentibus
1108 509 1156 541 dt-

459 563 502 595 cli
526 563 612 595 ritus
637 573 675 595 eoe
698 563 798 606 Epiro
823 562 1098 595 descendentibus.

617 643 754 670 Clemens
783 643 961 677 episcopus,

611 695 719 715 servus
733 695 887 715 servorum
902 688 963 722 Dei,

534 733 571 760 ad
591 736 772 767 perpetuam
792 733 838 760 rei
857 732 1042 760 memoriam.

462 805 552 838 Inter
584 804 784 848 multiplices
819 804 953 837 onerosi
991 803 1086 836 nobis
1122 813 1157 836 ex

418 858 484 891 alto
520 857 682 891 commissi
720 858 890 901 pastoralis
916 857 1010 890 oflicii
1037 856 1159 889 sollici-

419 912 547 944 tudines
564 938 571 951 ‚
596 911 650 944 itta
676 911 885 954 potissimum
920 916 1060 943 mentem
1093 909 1157 942 ani-

419 976 575 1008 mumque
613 964 731 997 excitat
766 969 939 1004 nostrum,
966 974 1026 1006 per
1063 973 1158 1006 quam

421 1017 644 1051 ecclesiastica
670 1017 973 1050 Italo-Albanorum
996 1016 1156 1055 iuventus,

420 1082 501 1116 quae
527 1073 642 1114 procul
668 1082 685 1104 a
710 1071 884 1103 Turcarum
912 1070 1082 1114 tyrannide
1120 1070 1158 1102 ad

419 1131 602 1157 maternum
629 1124 660 1157 S.
688 1124 724 1157 R.
752 1124 787 1157 E.
815 1135 847 1157 se
873 1124 1011 1157 contulit
1036 1123 1157 1163 sinum,

420 1184 452 1211 et
472 1179 503 1210 in
530 1177 674 1210 eiusdem
695 1178 799 1210 tidelis
819 1177 978 1210 adolescit
995 1177 1158 1220 amplexu,

419 1242 480 1276 per
516 1237 620 1264 rectos
657 1241 765 1264 sacrae
793 1231 988 1274 disciplinae
1015 1229 1160 1263 tramites

421 1285 594 1328 dirigatur,
620 1290 655 1318 ut
680 1285 725 1318 sie
752 1285 874 1318 directa
899 1285 1062 1328 pretiosos
1088 1284 1160 1317 abs-

421 1340 639 1382 conditosque
675 1339 706 1371 in
748 1349 825 1381 agro
859 1338 1024 1371 dominico
1058 1338 1161 1371 bono-

422 1404 494 1427 rum
517 1403 654 1433 morum,
672 1403 836 1425 sacrarum
855 1392 1051 1432 litterarum,
1068 1397 1100 1425 et
1116 1392 1161 1424 di-

421 1448 568 1480 vinarum
595 1457 704 1479 rerum
725 1446 868 1479 inveniat
884 1446 1055 1478 thesauros
1074 1446 1159 1487 illos,

422 1502 476 1545 qui
503 1512 573 1534 eam
599 1501 742 1544 aliosque
761 1511 820 1543 per
838 1510 906 1532 eam
937 1501 1069 1532 aeterna
1087 1500 1162 1533 bea-

423 1556 561 1588 titudine
587 1555 796 1598 locupletent,
824 1553 938 1597 eisque
958 1553 1003 1586 sic
1020 1554 1162 1597 locuple-

423 1609 495 1642 tatis
521 1608 656 1652 provide
686 1618 850 1640 sacrorum
883 1606 1097 1640 conciliorum
1131 1607 1161 1639 id

423 1662 515 1696 enixe
542 1661 762 1705 exoptantium
784 1661 916 1694 decreta
934 1660 1078 1694 debitum
1096 1671 1162 1694 sor-

423 1716 544 1749 tiantur
569 1715 826 1759 implementum.

468 1771 482 1813 g
507 1770 537 1802 1.
567 1769 642 1802 Cum
669 1769 786 1812 itaque,
812 1768 894 1801 sicut
916 1768 1111 1812 accepimus,
1129 1768 1161 1801 in

425 1824 520 1857 terris
558 1823 649 1865 regui
687 1822 814 1855 Siciliae
840 1823 918 1854 citra
944 1822 1104 1862 Pharum,
1132 1828 1163 1855 et

425 1876 620 1921 praesertim
646 1875 825 1916 Calabriae,
862 1876 1051 1919 quamplura
1084 1876 1162 1908 ritus

426 1930 533 1974 graeci
558 1932 630 1964 loca
655 1929 869 1973 reperiantur,
897 1940 1035 1973 quorum
1054 1929 1164 1962 iuven-

426 1990 502 2024 tus,
530 1984 587 2017 etsi
614 1983 722 2027 probis
750 1983 894 2016 moribus
920 1982 1086 2026 sacrisque
1113 1983 1163 2015 tit-

426 2038 504 2072 teris
541 2037 748 2070 addiscendis
780 2037 818 2069 ad
856 2037 1031 2069 latinorum
1068 2036 1163 2069 semi-

426 2092 517 2126 naria
541 2102 718 2135 puerorum
752 2090 1049 2124 ecclesiasticorum
1083 2091 1161 2123 inibi

427 2145 597 2179 existentia
621 2145 844 2185 {ulmittautun
868 2145 1094 2184 nibilominus,
1122 2145 1162 2177 ob

426 2200 507 2233 ritus
533 2204 564 2232 et
590 2199 753 2232 idiomatis
780 2199 1011 2239 diversitatem,
1040 2199 1078 2231 ab
1105 2199 1163 2232 hu-

426 2253 566 2286 iusmodi
592 2252 788 2285 admissione
815 2251 919 2285 eidem
946 2252 1101 2285 iuventuti
1127 2263 1163 2285 ea

426 2317 493 2340 non
530 2305 701 2350 proveniat
736 2305 876 2346 utilitas,
904 2316 987 2349 quae
1020 2306 1163 2339 eiusdem

426 2361 507 2394 ritus
531 2360 630 2394 cultui
650 2365 836 2404 opportuna
855 2370 924 2393 esse
943 2359 1161 2402 dignoscitur,

426 2415 511 2448 unde
538 2415 747 2457 quamplures
772 2424 898 2447 errores
916 2414 1109 2457 abususque,
1129 2425 1164 2447 ac

427 2469 528 2502 multa
553 2467 659 2501 eidem
685 2467 761 2500 ritui
789 2467 821 2500 in
847 2467 1067 2511 spiritualibus
1101 2467 1164 2500 dis-

428 2533 507 2556 sona
533 2522 696 2555 oriuntur:
723 2532 793 2561 nos,
813 2522 932 2561 bonae,
952 2527 1162 2565 exactaeque,

429 2586 465 2608 ac
489 2586 505 2607 a
527 2574 695 2607 nonnullis
723 2574 874 2607 Romanis
903 2574 1114 2608 Pontificibus
1135 2580 1165 2607 et

429 2628 622 2672 praesertim
656 2639 673 2660 a
706 2627 810 2660 felicis
836 2627 1072 2661 recordationis
1097 2627 1165 2661 Cle-

429 2686 538 2715 mente
559 2681 643 2726 Papa
658 2681 696 2714 XI
715 2681 1024 2727 praedecessoribus
1046 2681 1164 2716 nostris

1001 272 1188 298 BULLARIUM
1214 272 1373 298 ROMANUM

1199 328 1328 366 optatae
1343 322 1519 355 iuventutis
1535 322 1722 366 praedictae
1741 323 1932 365 educationi,

1198 377 1311 420 reique
1337 376 1516 420 spiritualis
1543 376 1654 410 debito
1693 376 1793 410 cultui
1819 388 1936 410 eonsu-

1199 431 1266 463 lere
1292 430 1451 469 volentes,
1473 435 1568 473 atque
1587 431 1790 463 attendentes
1810 432 1935 465 nullum

1201 483 1305 527 aptius
1323 483 1501 516 remedium
1518 494 1535 516 a
1552 483 1647 516 nobis
1662 484 1811 517 adhiberi
1829 495 1934 528 posse,

1201 547 1295 579 quam
1322 537 1360 577 si,
1380 542 1477 580 prout
1494 537 1705 580 collegiorum
1724 538 1936 572 nationalium

1202 589 1277 622 alibi
1315 595 1497 623 erectorum
1536 590 1736 633 experientia
1762 591 1878 632 docet,
1905 591 1937 624 in

1202 643 1324 686 oppido
1348 643 1453 676 Ullani
1485 644 1729 687 Bisignanensis
1754 645 1934 686 dioecesis,

1203 707 1286 740 quae
1312 697 1378 730 sere
1405 702 1469 731 tota
1494 709 1511 730 a
1535 698 1664 731 familiis
1689 698 1766 731 dicti
1787 699 1867 732 ritus
1885 710 1939 732 eo-

1203 750 1290 789 litur,
1319 761 1418 784 unum
1444 752 1615 794 collegium
1643 751 1777 785 huiusce
1803 752 1882 786 ritus
1907 763 1939 786 e-

1203 805 1351 847 rigatur,
1375 805 1406 838 in
1434 816 1496 849 quo
1521 806 1616 848 pueri
1654 811 1686 839 et
1714 806 1938 840 adolescentes

1942 275 1990 302 An}
2011 275 2039 302 C.
2058 275 2125 304 1732

1204 868 1239 890 ex
1265 858 1364 902 Epiro
1392 859 1423 891 in
1449 858 1527 902 qua¹
1552 858 1643 901 regni
1670 860 1827 902 praedicti
1847 860 1951 893 terris

1204 910 1285 943 citra
1317 911 1458 944 Pharum
1492 922 1528 944 ex
1566 912 1712 945 honestis
1751 912 1940 955 parentibus

1204 964 1413 1008 legitimoque
1438 965 1647 998 matrimonio
1673 966 1733 998 orti
1752 966 1891 1007 alantur,
1911 972 1942 1000 et

1204 1017 1329 1059 graecis
1354 1017 1490 1058 litteris,
1528 1018 1717 1052 liberalibus
1757 1019 1940 1062 disciplinis

1204 1080 1239 1102 ae
1264 1070 1421 1113 scientiis,
1441 1073 1532 1103 sacra
1549 1072 1741 1114 praesertim
1761 1073 1940 1116 theologia,

1205 1124 1434 1157 ecclesiasticis
1460 1130 1628 1168 praeterea
1653 1126 1791 1166 ritibus,
1814 1137 1831 1159 a
1866 1127 1942 1160 viris

1205 1177 1362 1220 probatae
1396 1177 1470 1211 fidei
1507 1183 1539 1211 et
1575 1178 1768 1220 doctrinae,
1795 1180 1953 1225 ritusque

1205 1231 1373 1264 memorati
1391 1231 1503 1275 peritis
1521 1232 1636 1265 sedulo
1655 1232 1874 1274 instituantur,
1893 1239 1940 1275 ut,

1205 1290 1376 1328 postquam
1413 1285 1444 1317 in
1478 1285 1666 1319 huiusmodi
1693 1286 1807 1319 studiis
1832 1287 1941 1330 prose-

1206 1339 1333 1378 cerint,
1366 1349 1430 1372 non
1466 1340 1569 1372 solum
1606 1339 1830 1383 spiritualibus
1864 1351 1942 1375 suae

1206 1392 1347 1425 nationis
1384 1393 1660 1433 necessitatibus,
1695 1404 1806 1426 verum
1845 1394 1942 1428 etiam

1206 1445 1415 1478 missionibus
1440 1446 1653 1479 orientalibus
1688 1457 1821 1491 operam
1854 1458 1942 1481 suam

1206 1501 1315 1533 locare
1350 1499 1501 1541 valeant,
1529 1506 1561 1533 et
1596 1500 1640 1534 sic
1676 1501 1786 1534 divina
1819 1501 1944 1535 favente

1207 1554 1308 1596 gratia
1323 1560 1411 1587 recta
1429 1560 1703 1587 sacramentorum
1723 1565 1850 1589 necnon
1866 1555 1946 1588 divi-

1207 1618 1322 1641 norum
1352 1607 1534 1641 officiorum
1559 1608 1795 1642 administratio
1818 1609 1943 1653 sperari

1207 1661 1319 1705 possit,
1346 1661 1391 1694 sic
1417 1667 1451 1694 ut
1469 1672 1547 1694 sana
1565 1666 1596 1695 et
1614 1662 1740 1705 integra
1759 1662 1832 1695 fidei
1852 1673 1946 1706 prae-⁴

1207 1714 1324 1748 dicatio
1351 1719 1384 1747 et
1407 1715 1555 1748 doctrina
1579 1715 1612 1748 in
1637 1715 1776 1749 Orientis
1796 1716 1942 1760 partibus

1206 1769 1383 1812 aliquando
1409 1768 1618 1802 restituatur:

1250 1823 1264 1866 ἓ
1290 1822 1320 1855 ⁶2.
1348 1822 1430 1856 Ilinc
1456 1833 1530 1863 nos,
1558 1828 1592 1855 ut
1618 1827 1678 1855 tam
1711 1823 1802 1867 pium
1827 1834 1864 1857 ac
1889 1834 1944 1857 ne-

1207 1876 1384 1909 cessarium
1421 1887 1503 1919 opus
1540 1877 1578 1909 ad
1619 1877 1854 1920 omnipotentis
1887 1878 1943 1911 Dei

1208 1930 1343 1974 gloriam
1363 1935 1394 1963 et
1412 1935 1541 1963 sanctae
1566 1930 1641 1964 fidei
1659 1931 1839 1964 catholicae
1859 1932 1945 1965 exal-

1208 1984 1363 2017 tationem
1384 1989 1414 2016 et
1441 1983 1616 2017 iuventutis
1639 1984 1758 2017 bonam
1785 1990 1945 2018 exactam-

1208 2048 1269 2080 que
1306 2037 1535 2070 educationem
1571 2037 1680 2071 debite
1715 2038 1944 2082 perficiamus,

1209 2097 1298 2124 motu
1324 2091 1470 2134 proprio,
1496 2101 1532 2124 ac
1557 2101 1591 2124 ex
1616 2093 1702 2125 certa
1727 2092 1861 2126 scientia
1879 2103 1945 2126 me-

1208 2146 1308 2188 raque
1329 2145 1568 2178 deliberatione
1586 2146 1718 2186 nostris,
1745 2146 1849 2190 deque
1866 2156 1946 2190 apo-

1208 2198 1340 2232 stolicae
1373 2199 1542 2241 potestatis
1574 2198 1799 2242 plenitudine,
1836 2209 1853 2232 a
1878 2210 1945 2233 mo-

1209 2251 1350 2285 nasterio
1372 2251 1500 2284 abbatia
1532 2257 1719 2295 nuncupato
1751 2252 1781 2285 S.
1808 2252 1946 2286 Benedi-

1209 2305 1250 2337 cti
1277 2305 1316 2337 de
1349 2304 1484 2344 Ullano,
1520 2304 1665 2338 eiusdem
1698 2305 1729 2338 S.
1761 2305 1944 2346 Benedicti,

1209 2369 1265 2391 seu
1291 2358 1424 2391 alterius
1450 2357 1588 2399 Ordinis,
1620 2358 1696 2392 dicti
1722 2359 1835 2403 oppidi
1861 2360 1946 2394 eius-

1209 2412 1349 2455 demque
1374 2412 1554 2452 dioecesis,
1581 2413 1666 2456 quod
1694 2413 1829 2446 dilectus
1863 2412 1946 2447 tilius

1208 2471 1320 2499 noster
1345 2465 1457 2498 Petrus
1484 2466 1633 2509 Aloysius
1653 2466 1735 2500 tituli
1753 2466 1784 2500 S.
1804 2467 1947 2501 Lauren-

1208 2519 1241 2551 tii
1268 2518 1300 2551 in
1326 2519 1412 2551 Pane
1437 2524 1468 2551 et
1492 2519 1595 2552 Perna
1615 2518 1647 2552 S.
1664 2519 1701 2552 R.
1721 2519 1756 2553 E.
1775 2520 1947 2565 presbyter

1209 2572 1382 2606 cardinalis
1407 2571 1527 2606 Carass'a
1563 2579 1767 2617 nuncupatus
1797 2573 1831 2606 in
1859 2584 1947 2608 com-

1245 2645 1255 2671 i
1279 2644 1347 2676 Ouid
1367 2643 1511 2679 legendum
1531 2652 1579 2679 pro
1600 2643 1630 2670 in
1651 2652 1709 2679 qua
1728 2652 1782 2671 non
1802 2643 1865 2671 mihi
1882 2651 1945 2672 suc-

1208 2689 1307 2724 currit3
1328 2688 1418 2717 forsan
1437 2691 1487 2717 aut
1507 2689 1538 2716 in
1560 2689 1597 2725 (a.
1613 2688 1664 2725 T.)-

1980 1831 2063 1852 Erectio
2073 1832 2137 1852 cotta-

1956 1859 1982 1889 gii
1999 1861 2021 1879 ut
2035 1859 2055 1879 in
2070 1859 2137 1880 rubri·

1956 1892 1990 1907 ca.
