2182 3137
79 196 131 221 An.
148 194 179 221 C.
201 193 265 220 1731

92 2431 218 2452 Huiusmodi
236 2432 264 2451 ii·-

77 2458 203 2481 ritatinnts,
239 2464 264 2478 ae

92 2484 242 2510 prohibitionis

77 2511 204 2536 flmblieatio.

901 194 1042 216 cLffltENS
1071 195 1114 217 xli
1141 196 1189 217 1¹1⁸.

275 243 369 283 baec,
388 243 463 276 licet
481 245 683 286 exploratum
702 242 742 275 sit
761 242 885 285 reliqua
910 241 1019 273 onmia

275 301 345 328 acta
370 301 402 328 et
426 296 555 338 scripta,
578 306 637 338 per
655 295 761 338 ipsum
781 294 928 326 Carolum
955 293 1019 326 Ioa-

275 348 407 381 chinum
426 349 626 392 episcopum,
645 348 694 380 vel
713 347 783 379 eins
802 346 945 386 nomine,
966 346 1018 378 ad-

275 412 384 434 versus
409 401 610 444 praedictam
637 399 909 432 constitutionem
946 409 1018 441 apo-

275 455 435 492 stolicam,
461 464 497 486 ac
521 453 589 486 eius
616 453 852 496 receptionem,
881 451 1019 495 praesti-

276 513 404 550 tamque
422 507 468 539 illi
495 517 512 538 a
538 505 689 538 fidelibus
712 505 945 545 obedientiam,
965 509 1019 537 aut

274 560 352 592 alias
389 565 503 592 contra
537 558 718 602 pontificias
751 558 937 591 sanctiones
962 568 1019 590 no-

275 613 401 645 vissime
427 613 515 645 edita
540 623 576 645 ae
601 613 760 654 evulgata,
780 611 950 654 apostolici
970 611 1020 643 iti-

275 666 348 698 dcm
373 676 541 698 censuram
567 665 678 697 iudicii
705 665 898 707 promereri,
917 675 1018 707 eaque

275 719 418 751 notanda
443 729 480 750 ac
505 717 759 761 perstringenda
785 727 873 757 esse3
897 718 1020 751 nibilo-

275 772 395 811 minus,
409 778 614 805 reservantes
630 772 725 804 nobis
741 771 871 804 illorum
891 771 1020 813 singula

275 825 430 858 damnare
456 836 492 857 ac
518 825 627 857 debita
653 828 789 857 censura
815 826 994 867 percellere
1010 852 1018 865 ,

274 888 333 920 pro
359 889 445 910 nunc
471 878 693 920 supradictum
721 879 908 910 mandatnm
947 884 1019 910 tam-

274 942 370 974 qnam
397 932 533 971 salsum,
562 932 793 971 temerarium,
821 943 993 965 erroneum
1011 959 1017 972 ,

274 984 465 1027 apostolicis
499 985 792 1018 constitutionibus
816 986 1019 1028 Sanctaeque

273 1038 347 1071 Sedi
369 1039 576 1078 iniuriosum,
597 1039 681 1072 etad
697 1039 839 1071 schisma
858 1045 888 1072 et
908 1040 1019 1072 liaere-
1039 1054 1041 1060 ‚

274 1091 334 1123 sim
364 1093 513 1131 tendens,
531 1092 593 1125 imo
619 1098 732 1135 aperte
759 1092 1016 1132 schismaticum,
1039 1126 1041 1137 Ι

275 1145 388 1178 eadem
415 1147 614 1178 auctoritate
641 1146 756 1178 barum
784 1146 869 1179 serie
892 1147 1040 1178 damna,

274 1209 345 1231 mus
371 1204 403 1231 et
423 1200 651 1242 reprobamus,
670 1210 706 1232 ac
724 1200 787 1242 legi
807 1210 862 1232 seu
884 1200 1017 1232 retineri
1039 1192 1040 1221 Ῑ

273 1251 512 1293 probibemus,
555 1252 706 1296 illiusque
746 1253 1017 1295 impressionem,
1039 1261 1040 1283 1

273 1305 550 1348 descriptionem,
578 1307 771 1344 lectionem,
798 1306 1016 1339 r‹.=tenti‹mem
1039 1309 1040 1315 ¹

273 1364 306 1390 et
330 1369 423 1391 usum
451 1359 604 1391 omnibns
624 1359 904 1399 eluistitidclibus,
923 1361 1017 1392 etiam
1038 1367 1040 1388 t

273 1411 424 1454 specifica
449 1418 481 1444 et
507 1412 671 1445 individua
703 1412 871 1445 mentione
906 1419 938 1445 et
971 1424 1019 1445 ex-

273 1465 444 1507 pressione
470 1465 590 1508 dignis,
615 1466 675 1498 sub
701 1469 808 1509 poena
834 1477 1019 1498 excommu-

273 1507 446 1550 nicationis
464 1529 523 1561 per
549 1520 820 1552 contrasticientes
842 1520 913 1563 ipso
937 1520 1018 1552 sacto

272 1571 397 1614 absque
423 1571 483 1604 alia
510 1572 731 1605 declaratione
758 1573 974 1612 incurrenda,
1001 1585 1018 1605 a

272 1634 336 1666 qua
368 1635 467 1656 neruo
498 1636 515 1656 a
548 1636 712 1668 quoquam
747 1632 974 1668 praeterquam
1001 1637 1018 1658 a

273 1677 368 1710 nobis
387 1683 419 1710 et
435 1678 580 1710 Romano
600 1679 755 1711 Pontitice
783 1690 840 1722 pro
869 1685 1016 1722 tempore

273 1731 435 1764 existente
472 1731 534 1763 nisi
562 1732 592 1764 in
620 1732 735 1765 mortis
771 1733 908 1766 articulo
945 1744 1017 1766 con·

273 1785 401 1817 stitutus
437 1786 651 1818 absolutionis
676 1786 873 1819 beneficium
913 1789 1017 1820 valeat

272 1838 433 1877 obtinere,
455 1839 588 1871 omnino
608 1839 846 1872 interdicimus.
868 1841 1017 1873 Volentcs

273 1897 305 1924 et
324 1892 515 1924 auctoritate
535 1893 678 1934 praefata
701 1893 948 1935 praecipientes,
968 1899 1014 1933 ut,

273 1945 472 1988 quicumque
497 1946 682 1978 mandatum
711 1947 896 1979 huiusmodi
916 1958 1017 1990 penes

273 2009 307 2030 se
328 1998 513 2037 habuerint,
530 1998 624 2038 illud,
645 1999 752 2031 statim
772 2010 807 2031 ac
831 2006 1018 2042 praesentes

274 2052 399 2084 litterae
427 2053 472 2084 eis
491 2052 703 2091 innotuerint,
723 2053 866 2085 locorum
885 2053 1018 2086 Ordina-

274 2105 332 2137 riis
358 2107 407 2138 vel
434 2106 618 2138 haereticae
635 2107 801 2149 pravitatis
820 2106 1018 2150 inspiisitori-

274 2159 334 2190 bus
369 2159 498 2191 tradere
532 2164 628 2201 atquc
661 2160 854 2202 consignare
886 2166 1016 2192 tenean-

274 2217 348 2251 titi··,

273 2264 411 2298 tlarnmis
437 2265 560 2297 aboleri
586 2271 712 2298 curent.
748 2266 781 2298 ln
819 2267 1017 2299 contrarium

274 2317 469 2350 facientibus
494 2328 559 2350 non
585 2319 791 2351 obstantibus
811 2319 1017 2362 quibuscum-

276 2381 350 2413 qne.

320 2424 334 2466 ἓ
359 2423 389 2455 3.
416 2423 455 2455 Ut
480 2429 585 2456 autem
605 2425 738 2457 eaedem
758 2432 946 2468 praesentes
973 2427 1018 2459 lit-

276 2482 365 2510 terae
391 2477 429 2509 ad
456 2477 600 2510 omnium
628 2479 773 2510 notitiam
802 2479 926 2512 facilins
948 2491 1019 2522 per-

276 2531 418 2570 veniant,
447 2541 507 2563 nec
533 2531 705 2574 qnisquam
724 2532 851 2564 illarum
871 2533 1019 2575 ignoran-

278 2584 353 2616 tiam
379 2584 520 2627 allegare
548 2585 664 2627 possit,
692 2586 840 2617 volnmus
866 2587 961 2619 etiam
990 2594 1020 2620 et

387 2211 420 2243 lii
457 2222 532 2244 vero
569 2212 630 2244 sibi
669 2213 715 2244 sic
753 2213 902 2245 traditum
930 2213 1039 2245 illico¹

1062 242 1129 284 pari
1156 242 1348 275 anctoritate
1374 243 1639 281 decernimus,ut
1663 242 1738 275 illae
1765 242 1804 274 ad

1062 296 1167 327 valvas
1192 296 1346 328 basilicae
1372 296 1532 339 Principis
1558 296 1801 338 Apostolorum,

1061 358 1097 379 ac
1122 347 1342 380 Cancellariae
1369 349 1594 392 Apostolicae,
1620 348 1804 392 Cariaeque

1061 401 1223 441 generalis
1250 401 1280 433 in
1307 402 1413 434 Monte
1439 402 1609 441 Citatorio,
1628 413 1663 435 ae
1685 402 1718 434 in
1736 403 1803 434 acie

1061 452 1275 495 Campillorae
1312 455 1351 486 de
1388 455 1473 487 Urbe
1500 466 1557 497 per
1589 456 1733 498 aliquem
1767 467 1803 487 cx

1061 506 1251 537 cursoribus
1276 506 1405 545 nostris,
1432 513 1466 539 nt
1490 508 1587 540 moris
1613 514 1675 547 est,
1702 509 1805 551 publi-

1061 563 1185 596 centur,
1200 558 1394 601 illarumque
1413 562 1560 603 exempla
1575 561 1696 594 ibidem
1712 562 1805 593 affixa

1062 611 1308 654 1·elinquantur;
1335 618 1367 644 ct
1392 612 1438 644 sic
1464 614 1661 655 publicatae,
1688 626 1803 647 omnes

1063 670 1094 696 et
1118 665 1282 707 singulos,
1309 676 1391 708 quos
1425 672 1641 706 eereernunt,
1667 668 1803 710 perinde

1063 717 1225 757 afficiant,
1253 728 1288 749 ac
1313 718 1337 750 si
1363 718 1540 761 unicuique
1567 719 1696 751 illorum
1731 731 1804 762 pei·-

1063 771 1220 803 sonaliter
1246 771 1429 804 notificatae
1465 778 1496 804 et
1529 772 1695 805 intimatae
1728 774 1807 806 suis-

1063 829 1155 856 sent:
1183 829 1282 867 utque
1308 824 1450 867 ipsarum
1477 826 1697 868 praesentium
1725 827 1807 859 litte-

1063 887 1170 909 rarum
1199 878 1418 921 transumptis,
1438 889 1494 910 seu
1514 879 1680 921 exemplis
1709 879 1805 912 etiam

1063 929 1241 972 impressis,
1269 942 1364 963 manu
1391 931 1528 964 alicuius
1548 931 1663 964 notarii
1683 932 1806 975 publici

1063 983 1267 1027 subscriptis,
1288 989 1319 1016 et
1336 983 1446 1026 sigillo
1464 995 1625 1026 personae
1643 985 1675 1017 in
1702 987 1806 1018 eccle-

1063 1037 1190 1069 siastica
1228 1037 1385 1079 dignitate
1421 1037 1615 1070 constitutae
1652 1038 1807 1078 munitis,

1063 1091 1175 1123 eadem
1193 1101 1327 1134 prorsus
1342 1090 1422 1124 sides
1441 1096 1503 1123 tam
1523 1091 1691 1125 injudicio
1710 1103 1806 1135 quam

1062 1152 1152 1176 extra
1191 1144 1268 1176 illud
1296 1144 1417 1187 ubique
1446 1146 1593 1177 locorum
1622 1146 1803 1185 habeatur,

1063 1208 1144 1239 sinae
1173 1197 1296 1230 eisdem
1324 1198 1553 1240 praesentibus
1576 1198 1755 1232 baberetur
1780 1200 1806 1232 si

1063 1252 1171 1283 l'orent
1197 1251 1361 1284 exhibitae
1388 1253 1435 1284 vcl
1462 1258 1624 1285 ostensae.

1107 1304 1218 1336 lsslatutn
1246 1305 1388 1344 Romae,
1414 1305 1499 1347 apud
1538 1305 1567 1337 S.
1591 1306 1719 1338 Mariani
1749 1306 1807 1338 Ma-

1062 1357 1173 1396 iorem,
1200 1358 1259 1389 snb
1288 1359 1408 1391 annulo
1432 1359 1619 1399 Piscatoris,
1643 1360 1694 1392 die
1722 1371 1806 1393 xxvii

1062 1411 1187 1453 angusti
1210 1421 1378 1451 Mucexxxi,
1398 1411 1607 1454 pontificatus
1629 1413 1732 1445 nostri
1754 1423 1806 1445 an-

1062 1475 1103 1496 no
1130 1474 1165 1497 11.

1098 1525 1159 1552 [lat.
1181 1525 1226 1551 die
1247 1526 1281 1553 27
1302 1526 1413 1560 augusti
1436 1526 1513 1560 173¹,
1535 1527 1638 1560 pontif.
1661 1535 1734 1553 anuo
1756 1533 1782 1553 n.

1389 1581 1422 1613 F.
1443 1581 1530 1613 card.
1551 1581 1736 1614 Ocivenics.

1817 866 1953 891 <urai-lorum.

1376 1733 1489 1765 XLVll.

1061 1803 1305 1845 Consirmanlur
1330 1803 1458 1836 litterae
1481 1804 1605 1837 Urbani
1628 1806 1698 1838 PP.
1725 1806 1812 1839 VIII

1104 1867 1141 1888 ac
1165 1867 1402 1897 successorum„
1430 1858 1549 1901 quibus
1578 1859 1720 1901 sinyulis
1747 1871 1807 1902 pa-

1106 1910 1274 1949 triarchis,
1296 1912 1558 1955 areliicpiscopis,
1579 1915 1806 1956 0118001113,οθ-

1106 1963 1246 2006 [erisque
1270 1964 1331 1996 Dei
1362 1965 1490 1996 rei-lium
1516 1966 1802 2008 praedicantibus,

1105 2020 1140 2047 ul
1165 2016 1281 2048 sallem
1308 2017 1353 2049 (iis
1380 2019 1414 2050 in
1439 2029 1523 2050 1111110
1546 2019 1667 2061 populo
1699 2031 1806 2052 sacro-

1104 2079 1177 2101 rum
1206 2069 1348 2102 locorum
1372 2070 1575 2103 Ilici-asama
1601 2073 1806 2106 necessitates

1105 2129 1278 2166 erponam,
1302 2125 1520 2168 praeripitur.
1554 2138 1558 2144 ·

1274 2204 1409 2231 Clemens
1431 2206 1509 2238 Papa
1529 2206 1593 2236 xil,

1201 2249 1237 2275 ad
1257 2249 1391 2276 futuram
1411 2250 1456 2276 rei
1476 2251 1661 2277 memoriam.

1105 2319 1279 2352 Salvator-is
1305 2326 1336 2352 et
1361 2320 1485 2353 domini
1506 2322 1605 2353 nostri
1626 2322 1697 2354 lesu
1717 2323 1804 2355 Citri-
1842 2330 1964 2351 tammum.

1062 2373 1113 2411 sti,
1128 2373 1180 2415 qni
1198 2385 1257 2416 pro
1279 2374 1411 2406 lunnani
1431 2375 1561 2415 generis
1577 2375 1804 2418 redemptione

1062 2437 1096 2458 se
1123 2427 1305 2465 exinanivit,
1327 2428 1429 2459 sactus
1452 2428 1610 2460 obediens
1637 2439 1738 2472 usqne
1764 2430 1803 2462 ad

1063 2485 1213 2519 mortem,
1235 2480 1332 2519 vice&
1361 2481 1436 2513 licet
1456 2481 1620 2521 immeriti,
1647 2488 1802 2524 gerentes

1063 2533 1093 2565 in
1121 2533 1223 2572 terris,
1252 2533 1337 2565 inter
1362 2534 1561 2576 multiplices
1588 2536 1805 2577 gravissimas-

1063 2597 1126 2630 que
1152 2587 1349 2630 apostolicae
1375 2587 1538 2620 servitutis
1564 2599 1664 2628 curas,
1684 2589 1715 2621 in
1734 2600 1803 2622 eain

1698 184 1762 217 ⁶237»
1811 197 1860 219 An.
1879 195 1909 220 0.
1933 194 1998 221 1731

1867 835 1929 855 Fides
1945 838 2001 856 tran.
