2182 3137
96 1434 243 1456 rraeaounum

61 1461 177 1491 litterarum
207 1462 243 1482 ob·

62 1491 176 1510 servantia.

115 2233 247 2256 Obstautium

68 2260 182 2288 detentio.

880 255 1022 279 CLEMENS
1048 255 1094 280 ΧΠ
1119 257 1168 280 ΡΡ.

249 308 282 336 et
305 302 478 344 interdicti,
496 303 634 346 aliisque
661 303 893 336 ecclesiasticis
919 313 992 336 sen-

250 356 368 397 tentiis,
387 356 535 389 censuris
561 362 592 389 et
613 356 738 400 poenis,
763 367 780 389 a
799 356 868 388 iure
888 357 935 389 vel
954 356 993 388 ab

250 409 394 450 homine,
409 410 519 453 quavis
540 410 712 443 occasione
731 411 778 443 vel
797 412 892 443 causa
910 410 992 451 latis,

249 462 276 495 si
302 463 419 506 quibus
448 463 699 507 quomodolibet
727 463 902 497 innodatus
928 463 994 496 exi-

249 516 316 556 stit,
338 515 377 549 ad
403 515 553 550 effectum
579 516 802 560 praesentium
830 516 994 549 dumtaxat

249 571 537 614 consequendum,
564 571 678 603 harum
712 570 795 603 serie
827 570 994 603 absolven-

251 629 297 657 tes
323 628 354 656 ct
371 624 561 657 absolutum
582 624 650 656 sore
669 629 849 663 censentes,
869 623 993 666 suppli-

251 676 431 709 cationibus
451 677 519 710 eius
542 677 671 709 nomine
698 676 791 709 nobis
816 687 915 720 super
933 677 994 709 lioc

250 728 418 763 humiliter
442 730 601 774 porrectis
627 729 794 770 inclinati,
823 730 896 763 illos
923 729 996 762 reli-

252 782 361 826 giosos
387 789 586 817 memoratae
608 783 878 827 Congregationis
896 783 926 816 S.
948 784 996 816 lo-

252 836 345 869 annis
372 836 411 869 de
428 836 634 877 Carbonaria,
656 837 709 880 qni
728 837 907 870 studiorum
930 847 994 870 cur-

251 899 320 922 sum
357 890 396 923 ad
431 890 565 924 sormam
603 890 690 923 illius
727 890 995 924 constitutionum

251 943 499 986 compleverint,
519 949 549 976 et
576 943 790 987 quinquennii
818 945 921 988 spatio
947 955 996 977 sa-

251 1006 324 1029 crae
344 996 529 1040 theologiae
553 998 708 1030 lecturam
727 998 772 1030 uti
790 1004 940 1041 regentes
964 998 996 1030 in

251 1050 453 1084 monasterio
474 1051 632 1094 praedicti
656 1051 687 1084 S.
707 1051 834 1085 loannis
862 1063 997 1096 perege-

251 1103 326 1144 rint,
349 1104 387 1138 ad
408 1104 567 1138 eiusmodi
587 1104 766 1138 assistentis
787 1106 950 1149 generalis
968 1110 997 1139 et

252 1158 471 1200 procuratoris
508 1158 673 1201 generalis
706 1159 833 1199 officia,
867 1160 996 1192 excluso

252 1221 457 1256 quocumque
483 1213 547 1245 alio
569 1212 623 1255 qui
650 1212 730 1245 inibi
756 1213 900 1255 regentis
930 1223 997 1245 mu-

253 1275 313 1298 nus
340 1276 406 1298 non
428 1266 647 1306 exercuisset,
678 1266 762 1299 dicta
787 1266 995 1307 auctoritate,

254 1323 366 1352 tenore
392 1319 624 1362 praesentium,
653 1319 868 1360 habilitamus,
891 1330 925 1352 ac
943 1320 999 1353 lia-

253 1372 336 1405 biles
354 1378 385 1406 et
405 1383 542 1416 capaces
570 1373 702 1406 facimus
731 1379 761 1406 ct
783 1373 996 1406 declaramus.

298 1426 313 1469 ἓ
337 1425 367 1459 3.
393 1426 626 1467 Decernentes,
649 1427 779 1460 easdem
806 1432 998 1470 praesentes

255 1478 379 1512 litteras
406 1490 536 1523 semper
561 1479 679 1520 sirmas,
700 1480 821 1513 validas
840 1486 872 1513 et
894 1480 999 1513 effica-

255 1542 309 1565 ces
336 1532 473 1567 existere
496 1539 528 1566 et
553 1533 636 1574 sore,
664 1544 805 1577 suosque
831 1534 998 1577 plenarios

255 1591 287 1619 et
312 1586 460 1630 integros
486 1587 618 1620 effectus
637 1588 745 1620 sortiri
773 1593 803 1621 et
829 1588 999 1627 obtinere,

256 1650 292 1673 ac
318 1639 390 1680 illis,
410 1640 448 1674 ad
474 1651 555 1684 quos
580 1646 706 1684 spectat
723 1647 756 1674 et
775 1652 833 1684 pro
854 1646 999 1684 tempore

256 1693 531 1737 quandocumque
557 1693 726 1737 spectabit,
745 1694 777 1726 in
798 1694 951 1727 omnibus
969 1700 1000 1727 et

256 1757 317 1791 per
342 1747 452 1781 omnia
476 1747 683 1791 plenisssime
709 1747 888 1791 suffragari,
908 1752 940 1780 et
960 1748 999 1780 ab

257 1800 321 1834 illis
348 1800 528 1844 respective
553 1801 787 1835 inviolabiliter
812 1801 998 1842 observari,

257 1853 367 1898 sicque
402 1854 435 1886 in
459 1854 647 1898 praemissis
682 1865 742 1898 per
777 1865 1000 1899 quoscumque

257 1907 379 1940 iudices
405 1908 588 1941 ordinarios
623 1911 653 1941 et
689 1908 854 1951 delegatos
872 1935 879 1948 ‚
906 1908 999 1941 etiam

258 1970 427 1993 causarum
446 1961 554 2004 palatii
575 1961 744 2004 apostolici
766 1962 941 2002 auditores,
959 1962 1001 1994 iu-

259 2013 359 2047 dicari
386 2018 418 2047 ct
444 2013 571 2047 definiri
598 2013 734 2054 debere,
763 2025 798 2047 ac
823 2015 952 2047 irritum
971 2020 1002 2048 et

258 2066 355 2101 inane
392 2067 417 2100 si
457 2078 549 2101 secus
575 2078 674 2111 super
699 2068 748 2101 liis
773 2078 789 2100 a
815 2079 999 2112 quoquam,

259 2121 370 2166 quavis
397 2122 602 2162 auctoritate,
622 2121 765 2155 scienter
783 2123 831 2155 rel
850 2122 1002 2165 ignoran-

258 2179 318 2215 ter,
343 2174 519 2217 contigerit
544 2175 710 2208 attentari.

302 2228 317 2272 ἓ
341 2227 373 2261 4.
400 2227 470 2261 Non
497 2228 706 2261 obstantibus
735 2229 941 2272 praemissis,
966 2239 1003 2262 ac

258 2281 434 2326 praedictis
456 2281 628 2316 Clementis
648 2287 679 2315 et
699 2282 786 2315 Pauli
814 2282 1002 2325 praedeces·

1037 304 1068 336 in
1096 305 1295 338 contrarium
1323 306 1582 349 praemissorum
1601 305 1781 349 quomodo-

1038 357 1118 390 libet
1135 358 1313 399 concessis,
1334 357 1534 392 confirmatis
1557 364 1588 391 et
1605 358 1780 398 innovatis;

1038 410 1158 452 quibus
1193 411 1344 444 omnibus
1384 417 1416 445 et
1456 411 1593 455 singulis
1609 438 1616 451 ,
1652 411 1781 444 illorum

1038 468 1168 497 tenores
1186 465 1413 507 praesentibus
1433 475 1493 508 pro
1517 466 1611 508 plene
1638 470 1669 497 et
1698 464 1783 497 suffi-

1037 516 1164 549 cienter
1182 518 1341 560 expressis
1366 528 1401 550 ac
1430 518 1468 550 ad
1494 518 1627 551 verbum
1655 518 1781 550 insertis

1038 568 1216 609 babentes,
1244 570 1308 602 illis
1333 570 1412 603 alias
1430 571 1461 603 in
1481 581 1540 604 suo
1566 571 1683 604 robore
1710 581 1783 613 per—

1038 623 1220 662 mansuris,
1245 623 1282 655 ad
1320 624 1574 666 praemissorum
1613 624 1782 663 effectum,

1040 675 1099 708 hac
1133 676 1202 708 vice
1236 676 1422 717 dumtaxat,
1455 677 1642 720 specialiter
1675 682 1703 709 ct
1731 688 1784 709 ex·

1039 739 1151 771 presse
1174 729 1386 772 derogamus,
1407 730 1595 774 ceterisque
1614 730 1783 764 contrariis

1040 781 1316 825 quibuscumque.

1084 835 1197 868 Datum
1221 835 1354 877 Romae,
1374 836 1458 878 apud
1485 836 1516 870 S.
1538 836 1666 869 Mariam
1694 837 1785 870 Maio-

1041 899 1120 929 rem,
1139 889 1198 921 sub
1222 890 1344 922 annulo
1371 889 1566 930 piscatoris,
1589 890 1639 923 die
1666 900 1695 923 lv
1716 890 1783 923 iulii

1040 952 1239 984 Mocuxxxui,
1259 941 1471 985 pontificatus
1492 943 1597 976 nostri
1629 954 1716 976 anno
1739 953 1784 976 ιιι.

1076 1004 1136 1030 Dat.
1159 1004 1203 1031 die
1222 1005 1256 1031 24
1277 1004 1334 1031 iulii
1356 1005 1434 1039 1733,
1456 1005 1552 1040 pontif.
1573 1013 1641 1033 anno
1663 1012 1701 1031 ιιι.

1329 1058 1363 1091 F.
1391 1059 1480 1092 card.
1508 1058 1692 1093 Omvssmus.

1396 1210 1428 1243 C.

1046 1289 1270 1332 Confirmatio·
1293 1289 1455 1323 decretum
1479 1300 1590 1323 sacrae
1608 1290 1787 1334 Conqreya-

1088 1343 1185 1376 tionis
1209 1343 1247 1375 de
1264 1343 1485 1386 Propaqandd
1518 1343 1609 1383 Fide,
1636 1354 1699 1387 quo
1719 1354 1787 1377 con-

1086 1400 1199 1428 ventus
1234 1396 1271 1428 ιίι
1300 1396 1471 1440 provincia
1495 1396 1528 1430 S.
1555 1397 1727 1429 Franeisci
1751 1397 1788 1429 de

1086 1449 1235 1482 Pachecti
1261 1450 1297 1482 in
1325 1451 1449 1483 Mezico
1480 1449 1615 1484 Ordinis
1644 1452 1788 1493 fratrum-

1087 1503 1255 1536 Me'norum
1294 1504 1439 1537 eiusdem
1475 1505 1582 1537 sancti
1615 1504 1788 1537 Francisci

1087 1557 1365 1590 Discalceaeorum
1390 1557 1569 1600 deputatur
1597 1568 1657 1600 pro
1684 1558 1782 1590 semi-

1087 1611 1182 1644 nario
1207 1611 1402 1644 Missionum
1428 1611 1464 1644 ιἰι
1489 1610 1653 1644 montibus
1679 1610 1717 1644 tle
1743 1612 1790 1645 Cz'-

1086 1674 1209 1708 wopan
1223 1664 1243 1697 ¹.

1256 1735 1392 1763 clemens
1413 1736 1493 1770 Papa
1512 1736 1574 1769 ΧΠ,

1180 1780 1218 1808 ad
1237 1780 1373 1807 futuram
1396 1780 1443 1807 rei
1463 1780 1651 1808 memoriam.

1087 1852 1101 1895 ἓ
1126 1852 1157 1885 1.
1180 1851 1350 1884 Emanavit
1367 1861 1471 1895 nuper
1489 1862 1506 1884 a
1524 1851 1788 1895 Congregatione
1814 1865 1874 1886 raon
1892 1866 1984 1892 species.

1044 1905 1280 1938 venerabilium
1302 1905 1435 1938 fratrum
1453 1910 1641 1938 nostrorum
1656 1905 1688 1938 S.
1703 1905 1739 1938 R.
1752 1905 1788 1938 E.

1044 1958 1259 1992 cardinalium
1284 1958 1424 2001 negotiis
1452 1958 1726 2001 Propagagandac
1746 1958 1791 1991 Fi-

1045 2013 1096 2045 dei
1131 2012 1339 2055 praeposita,
1370 2012 1409 2044 ad
1444 2011 1718 2055 supplicationem
1745 2012 1792 2045 di—

1045 2067 1204 2099 lectorum
1220 2065 1359 2098 filiorum
1375 2063 1583 2098 definitorum
1602 2065 1792 2108 provinciae

1044 2118 1075 2151 S.
1112 2117 1221 2151 Didaci
1258 2118 1291 2150 in
1327 2117 1448 2151 Mexico
1489 2117 1619 2151 Ordinis
1657 2118 1791 2152 fratrum

1046 2172 1204 2205 Minorum
1235 2171 1338 2205 sancti
1375 2171 1540 2204 Francisci
1578 2171 1793 2206 Discalccato—

1045 2236 1115 2258 rum
1152 2230 1436 2268 minciipatoi·uni‚
1464 2224 1631 2258 decretum
1670 2225 1792 2259 tenoris

1046 2279 1100 2323 qui
1126 2277 1285 2322 sequitur,
1313 2277 1485 2311 videlieet:

1678 246 1742 279 515
1792 257 1838 281 An.
1861 255 1888 281 c.
1909 254 1974 281 ¹733

259 2345 371 2369 sorum
397 2335 524 2376 litteris,
550 2335 685 2379 aliisque
711 2335 1002 2369 constitutionibus

260 2395 293 2422 et
327 2389 595 2422 ordinationibus
634 2389 844 2433 apostoliciS‚
872 2400 1003 2423 necnon

260 2442 448 2476 corumdem
479 2442 607 2475 Ordinis
645 2448 677 2475 et
710 2442 1000 2485 Congregationis,

259 2496 356 2530 etiam
381 2496 577 2536 iuramento,
604 2494 848 2529 confirmatione
873 2502 1004 2540 aposto-

259 2549 331 2591 lica,
352 2550 403 2584 vel
429 2549 543 2594 quavis
565 2548 715 2582 firmitate
740 2549 801 2583 alia
823 2550 1001 2590 roboratis,

260 2603 388 2637 statutis
413 2609 444 2636 et
476 2603 787 2644 consuetudinibus,
822 2603 1002 2646 privilegiis

260 2667 416 2702 quoque,
443 2656 577 2691 indultis
606 2661 637 2690 et
667 2656 787 2691 litteris
816 2657 1003 2701 apostolicis

1085 2348 1231 2378 Decretum
1247 2356 1341 2377 sacrae
1358 2347 1584 2386 Conyreyationis
1604 2347 1746 2385 ycneralis
1760 2348 1792 2378 de
1815 2362 1885 2381 'ronor
1904 2360 1985 2381 tit-eron

1046 2396 1228 2436 Propayamhi
1243 2396 1305 2435 side,
1319 2396 1410 2425 habita
1425 2396 1469 2426 die
1485 2404 1511 2425 vx
1528 2395 1593 2426 iulii
1608 2403 1790 2426 ›inccxxxur
1801 2389 1987 2439 ἓῖἷῖξιῗίξὲἒῗᾷᾋῖ

1058 2447 1201 2476 leserente
1230 2445 1464 2476 eminentissimo
1490 2449 1518 2476 et
1544 2446 1791 2476 reverendissimo
1802 2441 1902 2467 ¹³³³³ffl¹³
1926 2440 1987 2463 Μὴ

1083 2533 1091 2557 1
1118 2530 1280 2558 Benedictus
1296 2529 1353 2557 XllI
1368 2538 1438 2557 anno
1459 2536 1597 2557 moccxxvtt
1613 2529 1718 2557 constit.
1736 2530 1791 2557 dat.

1046 2575 1090 2603 die
1104 2582 1134 2603 ιιι
1149 2575 1242 2611 aprilis
1258 2575 1429 2602 confirmavit
1444 2575 1585 2602 decretum
1597 2575 1792 2610 Congregatio-

1046 2621 1086 2648 nis
1106 2621 1297 2656 episcoporum
1318 2623 1344 2647 et
1364 2619 1532 2655 regularium
1549 2628 1632 2655 super
1652 2620 1791 2648 erectione

1045 2665 1195 2701 seminarii,
1216 2664 1249 2693 de
1270 2673 1323 2701 quo
1344 2664 1387 2692 liic
1408 2664 1506 2701 agitur.
1785 2673 1788 2675 ’
