2182 3137
212 242 260 266 Λη.
279 241 306 267 c.
331 241 396 268 1732
443 231 506 264 3138

239 448 266 467 lle
284 451 392 469 sri‘winio.

281 1784 401 1804 l'nlyliralio

219 1810 289 1832 electi,

405 291 490 320 electi
513 291 609 320 altiori
632 299 702 320 voce
725 290 921 329 pronunciet,
946 294 977 319 ut
1008 290 1144 320 monachi

406 339 434 368 in
460 339 566 377 templo
589 343 697 368 stantes
720 338 850 377 audiant,
869 343 896 368 et
919 338 991 368 illud
1013 348 1028 368 a
1050 347 1146 368 secre-

406 388 479 416 tario
502 398 530 416 in
553 387 655 416 charta
678 392 804 417 notetur.

447 445 494 465 in.
519 436 548 465 Si
573 446 639 475 pars
656 436 861 475 suffragiorum
878 446 965 476 supra
989 436 1145 467 dimidium

408 486 549 516 vocalium
580 487 671 516 maior
701 487 857 517 convenire
879 487 909 517 in
932 487 1076 517 electione
1099 495 1147 516 re-

406 536 555 575 periatur,
579 545 610 565 ea
634 540 768 566 censetur
791 537 885 573 suctim
919 536 964 565 sin
997 540 1093 566 autem
1116 536 1146 566 in

406 585 477 613 duas
511 594 649 623 personas
681 585 819 623 suffragia
852 584 1039 623 dividantur,
1063 584 1109 614 his
1131 594 1145 614 a

406 633 525 663 serendo
552 633 689 671 suffragio
716 633 860 672 exclusis,
890 633 1014 663 iteretur
1042 633 1147 662 scruti-

406 682 499 712 nium.
523 682 551 711 Si
575 692 678 725 rursus
701 682 829 722 aequalis
859 691 911 721 pro
937 685 1061 720 utroque
1089 682 1147 711 sus-

406 731 567 769 t'rngiorum
584 740 726 761 numerus
743 731 919 768 constiterit,
939 730 1147 770 praeferendus

408 780 486 818 prior
509 784 638 820 tempore
661 780 872 819 prosessionis;
895 780 941 809 sin
964 783 1060 809 aulem
1083 789 1148 818 pro-

408 829 542 859 fessionis
576 834 705 868 tempore
738 829 874 869 aequales
907 829 1014 858 fuerint
1028 851 1035 865 ‚
1070 832 1148 858 aetas

409 878 594 917 attendenda,
621 882 648 908 et
670 878 769 908 senior
791 878 898 908 iuniori
922 877 1131 916 praeeligatur.

449 936 508 957 xiu.
533 927 561 957 Si
581 936 649 957 vero
664 927 802 965 suffragia
818 927 847 957 in
864 927 994 956 diversas
1010 935 1148 965 personas

407 975 622 1012 distrabantur,
647 976 721 1005 itaut
743 976 772 1005 in
796 975 943 1005 neminem
967 974 1059 1003 maior
1081 983 1149 1003 con-

406 1025 584 1063 gregationis
602 1034 668 1064 pars
684 1024 851 1062 conveniat,
868 1023 997 1054 secundo
1014 1032 1046 1052 ac
1063 1022 1149 1052 tertio

407 1073 582 1103 scrutinium
612 1078 770 1113 repetatur.
800 1073 881 1108 Quod
910 1072 934 1102 si
964 1072 1051 1102 etiam
1080 1075 1149 1101 tunc

408 1131 493 1152 nemo
516 1122 620 1152 habeat
643 1122 782 1152 maiorem
799 1121 1006 1159 suffragiorum
1023 1123 1148 1160 partem,

407 1171 558 1209 contingat
580 1175 677 1201 autem
700 1171 772 1200 duos
795 1171 839 1200 vel
864 1175 922 1200 tres
942 1169 1050 1199 habere
1066 1168 1149 1208 plura

408 1220 559 1259 suffragia,
576 1220 650 1250 itant
672 1220 781 1258 singuli
803 1224 936 1259 quartam
960 1219 1063 1248 saltem
1086 1227 1150 1257 pnr-

410 1274 466 1300 tem
499 1269 704 1308 suffragiorum
737 1269 909 1306 obtineant,
934 1277 984 1308 per
1016 1267 1148 1297 abbatem

407 1319 574 1357 generalem
597 1318 822 1358 promulgentur
845 1317 889 1347 liis
911 1317 1031 1347 verbis:

487 1367 661 1397 Reverentlas
675 1372 755 1406 pater
776 1367 810 1398 N.
828 1367 862 1397 N.
883 1371 907 1396 et
922 1366 1086 1396 reverendus
1099 1376 1150 1405 pa-

408 1419 449 1446 ter
471 1417 506 1447 N.
534 1417 568 1447 N.
591 1417 687 1446 babent
708 1416 793 1456 plara
814 1417 951 1455 suffragia
973 1425 1054 1454 qaam
1085 1414 1150 1444 reli-

409 1467 479 1505 (μα’,-
501 1477 535 1495 ex
557 1467 599 1495 his
620 1467 706 1504 igitur
735 1467 849 1505 potestis
881 1475 966 1495 unam
995 1465 1094 1503 eligere
1120 1465 1150 1494 in

410 1516 529 1545 abbatem
549 1516 704 1553 qeneralem
726 1516 807 1545 lotias
824 1515 948 1546 Ordinis.

489 1566 574 1602 Tum,
600 1566 659 1595 illis
675 1566 742 1605 qui¹
758 1565 900 1595 nominati
920 1568 988 1594 sunt
1011 1563 1149 1600 exclusis,

412 1615 526 1645 vocales
549 1615 655 1654 reliqui
671 1615 706 1645 ad
722 1615 895 1645 electionem
916 1614 1000 1644 modo
1020 1614 1152 1653 supradi-

412 1669 458 1694 cto
478 1664 648 1703 procedant,
666 1673 756 1694 unum
773 1673 808 1693 ex
824 1663 981 1693 nominatis
997 1664 1150 1701 eligentes,

412 1713 441 1742 in
456 1722 542 1752 quem
560 1713 651 1742 maior
665 1722 731 1752 pars
749 1712 955 1750 suffragiorum
969 1712 1150 1742 convenerit.

452 1771 510 1792 xiv.
535 1762 630 1792 Finito
653 1762 807 1799 scrutinio,
831 1762 940 1791 electus
963 1761 1051 1791 abbas
1066 1770 1153 1799 gene-

412 1812 481 1841 ralis
503 1811 706 1851 promulgetur
727 1820 741 1840 a
766 1821 817 1840 suo
841 1811 1077 1850 praedecessore,
1094 1810 1151 1848 vel,

412 1861 436 1890 si
459 1861 520 1900 ipse
542 1861 572 1890 in
595 1860 690 1890 officio
713 1861 903 1890 confirmatus
926 1860 1031 1898 suerit,
1056 1869 1070 1889 a
1097 1860 1153 1899 pri-

413 1919 460 1940 mo
484 1910 727 1948 liegumenorum,
752 1909 797 1939 his
820 1908 938 1939 verbis:

492 1958 646 1988 trever-endi
659 1962 762 1998 patres.
788 1958 872 1988 Facta
886 1958 1085 1998 suffragiorum
1100 1957 1154 1987 col-

412 2008 529 2042 latione,
550 2008 706 2037 invenimus
727 2008 858 2037 maiorem
878 2011 986 2046 partem
1008 2016 1153 2045 congrega-

412 2057 494 2086 tionis
519 2061 624 2086 nostrae
646 2058 791 2085 convenire
812 2057 842 2085 in
864 2056 992 2086 electione
1011 2055 1156 2085 reverendi

410 2107 502 2147 patris
518 2106 553 2137 N.
572 2106 606 2136 N.
632 2105 693 2134 Ideo
709 2107 818 2134 nomine
836 2107 918 2135 lotias
939 2106 1155 2143 conyreyationis

413 2161 532 2193 nostrae,
549 2159 574 2184 et
588 2157 719 2194 potestate
733 2164 784 2194 per
801 2164 844 2184 vos
862 2164 952 2183 omnes
968 2155 1035 2184 milti
1050 2164 1155 2184 conces-

412 2210 455 2243 sa,
473 2205 627 2244 pronuncio
656 2208 681 2234 ct
705 2203 813 2233 declaro
839 2205 1020 2234 reverendam
1047 2209 1155 2243 patrem

412 2255 448 2285 Ν.
467 2254 502 2285 Ν.
520 2253 636 2283 electum
650 2253 748 2292 fuisse,
765 2257 789 2282 et
811 2263 867 2282 esse
888 2257 1012 2282 nostrum
1033 2255 1155 2282 omnium

415 2304 551 2342 totiusque
571 2302 683 2332 Ordinis
699 2302 786 2331 nostri
801 2302 922 2331 abbatem
937 2302 1104 2340 ycneralem.

455 2361 501 2381 xv.
525 2351 612 2381 Facta.
645 2350 795 2380 electionis
827 2350 1067 2389 proclamatione,
1097 2350 1156 2390 pri-

415 2410 480 2431 mus
512 2401 694 2439 hegumenus
722 2404 771 2430 aut
794 2399 910 2438 dignior
936 2399 1014 2429 inter
1042 2400 1155 2429 vocales

414 2451 529 2481 intonat
562 2450 706 2490 psalmum
742 2459 811 2488 xlx,
836 2449 957 2489 reliquis
989 2449 1154 2480 alternatim

417 2499 676 2540 prosequentibus,
693 2499 833 2528 Eaeaadiat
855 2502 879 2528 te
900 2499 1034 2529 Dominus
1059 2501 1089 2528 in
1113 2500 1156 2528 die

416 2550 602 2579 tribulationis
615 2561 625 2584 ‚·
640 2553 765 2588 protegat
784 2553 807 2578 te
823 2558 919 2578 nomen
935 2548 987 2577 Dei
1002 2548 1090 2586 Iacob,
1101 2552 1155 2578 etc.

495 2599 608 2628 Interea
643 2598 798 2636 hegumeni
830 2597 942 2628 ducunt
973 2597 1098 2628 electum
1121 2598 1155 2628 ad

452 2654 462 2680 1
487 2651 598 2680 Videtur
618 2651 712 2679 deesse
732 2659 788 2679 non
808 2654 846 2686 (a.
864 2653 913 2681 τ.).

986 242 1165 266 nULLAntcn
1190 242 1344 267 ROMANUM
1930 244 1980 271 Αη.
1998 244 2026 271 C.
2053 245 2120 272 1732

1188 292 1298 329 sedem,
1315 292 1349 321 ad
1372 301 1463 321 cornu
1486 291 1638 322 sinistrum
1662 292 1761 322 altaris
1784 296 1926 332 paratam,

1187 340 1237 378 qui
1259 340 1407 370 osculatur
1430 340 1556 380 primum
1580 340 1681 376 altare,
1706 341 1810 371 deinde
1832 342 1924 372 sedet.

1187 388 1258 418 Tum
1283 398 1297 418 a
1320 388 1448 426 digniori
1472 389 1598 418 traditur
1620 389 1646 418 ei
1663 388 1737 418 liber
1759 390 1878 428 regulae
1899 395 1928 420 et

1188 438 1444 474 constitutionum,
1469 446 1501 467 ac
1523 437 1652 475 sigillum
1675 438 1785 475 ossicii3
1806 437 1867 478 qui,
1884 448 1928 468 re-

1190 487 1287 516 tinens
1309 486 1448 524 sigillum,
1474 486 1561 516 tradit
1583 486 1633 516 uni
1656 496 1690 516 ex
1713 487 1872 525 vocalibus,
1896 492 1929 517 ut

1190 535 1267 573 legat
1290 539 1378 574 caput
1400 543 1430 564 111
1454 535 1542 574 partis
1562 544 1602 569 111,
1626 535 1702 575 quod
1725 540 1769 565 est
1790 535 1824 565 de
1848 545 1930 575 prae-

1189 583 1351 613 eminentia
1373 587 1401 613 et
1423 583 1518 613 officio
1541 583 1654 613 abbatis
1675 584 1830 622 generalis.
1855 584 1930 614 lnte-

1191 633 1247 662 rim
1267 633 1370 662 fratres
1393 632 1514 670 singuli,
1531 632 1613 662 iuxta
1629 633 1761 662 ordinem
1780 643 1877 671 suum,
1895 634 1928 663 ad

1191 690 1258 710 eum
1281 680 1468 719 accedentes,
1491 680 1615 719 genibus
1638 681 1719 710 flexis
1742 690 1845 711 manus
1867 681 1930 711 eius

1191 729 1372 759 osculantur.
1397 729 1460 768 Ipse
1494 739 1560 759 vero
1590 730 1700 759 tamdiu
1732 730 1762 759 in
1785 730 1847 760 loco
1877 740 1930 760 suo

1192 777 1317 815 sedebit,
1334 778 1425 808 donec
1448 778 1604 816 hegumeni
1626 782 1749 818 quatuor
1772 778 1929 816 eligantur,

1192 836 1244 856 nec
1266 836 1281 856 e
1304 826 1370 856 sede
1389 828 1443 856 sua
1465 827 1587 865 recedit,
1604 826 1660 856 nisi
1675 835 1741 856 cum
1758 826 1930 865 suffragium

1192 875 1343 914 proprium
1366 875 1528 914 scripturus
1551 880 1595 905 est
1618 879 1646 905 et
1664 875 1694 905 in
1711 884 1810 905 arcam
1826 875 1930 906 niissu-

1191 934 1253 962 rus,
1271 929 1298 954 et
1320 924 1458 962 suffragia
1483 924 1705 963 monachorum,
1723 928 1754 954 ut
1775 933 1862 964 supra
1885 934 1932 954 co-

1191 973 1349 1012 gniturus,
1373 973 1558 1012 electumque
1591 973 1845 1013 proclamatnrus;
1873 983 1930 1013 quo

1192 1023 1289 1052 statim
1314 1022 1502 1062 proclamato,
1527 1023 1562 1053 ad
1585 1024 1683 1053 sedern
1705 1032 1787 1053 suam
1809 1022 1929 1053 redibit.

1232 1080 1289 1101 xvr.
1313 1071 1341 1101 Si
1372 1071 1482 1101 electus
1515 1071 1619 1101 absens
1648 1072 1753 1109 suerit,
1778 1076 1930 1111 postquam

1193 1120 1371 1160 proclamata
1395 1125 1440 1150 est
1461 1120 1541 1149 illius
1563 1120 1679 1158 electio,
1697 1125 1832 1150 cantatur
1854 1120 1931 1159 psal-

1193 1179 1271 1199 mum
1296 1178 1353 1206 xlx,
1371 1174 1403 1199 ut
1425 1178 1533 1207 supra;
1558 1178 1615 1208 quo
1637 1169 1731 1207 linito,
1749 1169 1847 1199 statim
1865 1178 1931 1208 pro-

1192 1219 1305 1249 ceditur
1317 1219 1351 1249 ad
1364 1219 1536 1249 electionem
1548 1218 1790 1257 hegumenorum,
1807 1228 1931 1258 quorum
2177 1216 2182 1247 i

1193 1269 1303 1308 primus
1327 1269 1404 1298 vices
1426 1268 1539 1298 abbatis
1557 1268 1704 1307 generalis
1722 1272 1816 1306 geret,
1836 1268 1930 1298 donec
2175 1261 2182 1300 ,¹

1192 1318 1280 1348 abbas
1302 1318 1365 1358 ipse
1388 1317 1532 1356 generalis
1554 1317 1658 1347 aderit.
1681 1317 1762 1353 Quod
1784 1317 1808 1347 si
1830 1317 1931 1347 adesse
2174 1308 2182 1350 l,

1193 1368 1302 1408 possit,
1327 1372 1484 1406 antequam
1507 1367 1692 1406 congregatio
1715 1367 1859 1405 generalis
1881 1366 1932 1397 ab·

1192 1417 1329 1455 solvatur,
1352 1421 1420 1447 tunc
1443 1416 1661 1446 enthronismus
1689 1416 1752 1445 eius
1775 1415 1860 1445 modo
1882 1424 1931 1445 su-
2173 1416 2182 1448 ‚⁷

1193 1466 1324 1506 predicto
1347 1465 1407 1495 fiat.
2171 1457 2182 1493 ζ’;

1233 1524 1300 1546 xvn.
1324 1515 1423 1555 Neque
1445 1514 1541 1544 abbati
1570 1514 1700 1553 generali
1726 1523 1823 1553 neque
1844 1514 1934 1552 hegu-
2170 1510 2182 1557 'j

2173 1564 2182 1583 ε

1193 1565 1288 1595 menis
1305 1566 1347 1594 fas
1362 1569 1406 1594 est
1421 1564 1594 1594 electionem
1617 1573 1699 1594 suam
1718 1571 1867 1602 recusare,
1884 1567 1934 1593 aut

1193 1615 1321 1644 officium
1355 1613 1502 1643 abdicare.
1536 1613 1566 1643 Si
1599 1622 1667 1643 vero
1696 1612 1851 1650 contigerit
1883 1621 1933 1642 eos

1194 1674 1228 1694 ex
1251 1664 1384 1702 legitima
1408 1664 1494 1692 causa
1516 1661 1552 1692 ab
1575 1662 1663 1692 officii
1685 1661 1856 1691 execussone
1879 1661 1934 1690 im-

1195 1713 1299 1753 pediri,
1322 1713 1353 1742 in
1375 1711 1600 1751 congregatione
1624 1712 1853 1749 begumenorum
1885 1719 1934 1750 po-

1196 1767 1250 1792 test
1283 1761 1411 1791 vicarius
1443 1761 1485 1790 eis
1517 1759 1667 1797 substitui,
1691 1763 1722 1789 ut
1752 1759 1863 1789 dictum
1891 1763 1934 1789 est

1196 1815 1271 1850 part.
1288 1820 1331 1848 111,
1355 1810 1419 1850 cap'.
1436 1819 1474 1840 iv.

1235 1869 1314 1890 xvni.
1334 1859 1477 1890 Absoluta
1492 1859 1603 1889 abbatis
1619 1858 1764 1897 generalis
1781 1858 1933 1896 electione,
1948 1872 1976 1892 oe
1991 1871 2128 1898 sequentibus
2162 1890 2168 1901 K

1196 1909 1334 1939 continuo
1356 1909 1390 1938 ad
1413 1908 1585 1938 electionem
1608 1912 1733 1947 quatuor
1759 1900 2080 1946 hegumeno-²¹⁰⁰²¹⁰¹¹⁰¹¹¹·

1196 1968 1261 1989 rum
1284 1959 1363 1988 iuxta
1388 1957 1571 1997 praedictum
1601 1957 1734 1986 ordinem
1764 1956 1935 1996 procedent,

1196 2008 1311 2038 etiamsi
1334 2008 1445 2037 electus
1464 2006 1609 2045 generalis
1631 2005 1736 2036 absens
1758 2006 1855 2036 suerit.

1277 2058 1406 2088 Primum
1424 2057 1606 2094 hegumenus
1621 2055 1650 2085 in
1667 2055 1801 2085 manibus
1824 2054 1937 2084 abbatis

1196 2107 1355 2147 generalis,
1380 2106 1437 2144 vel,
1461 2115 1495 2135 eo
1518 2105 1650 2142 absente,
1674 2105 1704 2134 in
1734 2103 1869 2134 manibus
1895 2103 1939 2133 di-

1196 2157 1308 2195 gnioris
1340 2165 1374 2186 ex
1406 2153 1556 2185 vocalibus
1591 2154 1720 2191 resignet
1750 2153 1878 2191 sigillum
1911 2157 1940 2183 et

1196 2206 1324 2236 officium
1346 2209 1378 2235 ut
1399 2213 1506 2243 supra;
1537 2213 1604 2233 mox
1626 2202 1764 2240 suffragia
1786 2202 1936 2240 seruntur,

1196 2256 1271 2286 etsi
1294 2255 1350 2285 duo
1381 2254 1424 2284 vel
1457 2257 1516 2283 tres
1548 2253 1630 2292 plura
1661 2251 1799 2290 suffragia
1826 2250 1937 2282 hahere

1197 2304 1405 2344 reperiuntur,
1428 2303 1502 2332 itaut
1524 2305 1658 2341 quartam
1690 2300 1792 2330 saltem
1825 2304 1938 2340 partem

1197 2353 1305 2392 singuli
1335 2352 1505 2388 obtineant,
1530 2350 1618 2381 abbas
1639 2350 1805 2389 generalis,
1835 2359 1938 2380 recens

1197 2403 1318 2440 electus,
1340 2402 1396 2439 vel,
1420 2410 1453 2431 eo
1476 2400 1607 2437 absente,
1631 2399 1747 2438 dignior
1771 2408 1808 2429 ex
1830 2398 1938 2429 vocali-

1198 2452 1252 2482 bus
1275 2450 1416 2490 (exclusis
1439 2450 1474 2480 iis
1501 2450 1553 2489 qui
1579 2448 1781 2488 nominantur)
1804 2447 1881 2478 dicat
1903 2447 1939 2478 ad

1198 2505 1313 2532 coetum
1338 2499 1568 2530 monachorum:

1278 2549 1430 2579 Reverendi
1446 2552 1543 2585 patres
1567 2547 1603 2578 N.
1618 2547 1655 2578 N.
1684 2551 1709 2576 et
1731 2546 1767 2577 N.
1783 2546 1818 2577 N.
1843 2546 1940 2576 habent

1196 2598 1280 2638 plara
1312 2598 1448 2637 saffragyia
1479 2606 1561 2635 quam
1588 2596 1714 2635 reliqui,·
1736 2605 1769 2624 ea:
1791 2595 1833 2624 his
1854 2595 1940 2634 igitur

1195 2648 1308 2689 potestis
1326 2647 1423 2688 eligere
1447 2656 1531 2677 unum
1553 2647 1583 2677 in
1604 2646 1793 2685 hegumenum.

2167 1836 2173 1845 ’
2166 1780 2182 1826 aar>
2168 1699 2182 1770 ἵης-ι’
