2182 3137
8 257 60 284 Au.
81 255 111 283 G.
128 255 196 282 1732

828 252 971 275 CLEMENS
994 253 1038 276 XII
1063 253 1111 276 PP.

205 304 341 337 dilectus
360 304 442 336 filius
468 302 651 336 Bernardus
676 301 855 339 Monterde,
873 310 947 342 pro-

204 363 333 390 curator
351 357 515 399 generalis
539 355 669 389 Ordinis
695 355 826 387 fratrum
845 353 946 385 Mino-

204 420 273 442 rum
292 410 391 441 sancti
407 409 566 441 Francisci
587 409 626 441 de
643 407 853 441 Observantia
870 416 947 438 nun-

204 468 411 505 cupatorum,
433 468 494 494 tam
521 472 579 494 suo
607 472 701 504 quam
720 459 829 493 dilecti
849 459 945 492 etiam

204 515 260 548 filii
280 515 428 547 moderni
456 514 594 547 ministri
617 512 778 556 generalis
797 512 871 544 dicti
891 511 947 544 Or-

206 568 290 600 dinis
310 568 452 606 nomine,
471 568 570 610 quod,
588 577 658 599 cum
677 567 808 609 antiqua
823 565 948 607 vigeret

205 632 240 653 ac
254 621 350 654 etiam
366 632 441 654 num
456 621 562 663 vigeat
577 621 608 653 in
623 620 742 653 Ordine
759 618 946 652 huiusmodi

205 674 408 706 consuetudo
443 674 589 716 erigendi
616 679 648 705 et
674 671 861 705 instituendi
888 682 948 714 per

205 726 290 759 illius
317 728 449 767 tratres,
469 727 500 759 in
523 727 584 758 vim
606 725 765 758 facultatis
790 725 850 757 sibi
869 724 946 757 alias

204 791 221 812 a
239 781 322 814 Sede
340 780 526 824 Apostolica
547 778 753 817 concessae¹‚
782 778 835 822 pia
861 779 942 817 loca,

204 834 254 866 via
279 833 390 866 Crucis
417 844 473 866 seu
500 832 638 866 Calvarii
671 837 878 874 nuncupata,
907 831 945 863 ad

205 887 306 919 instar
324 887 499 919 stationum
525 886 639 918 Montis
661 884 807 923 Calvarii‚
826 884 945 916 nedum

204 940 236 972 in
263 941 409 972 eiusdem
435 940 586 978 Ordinis,
612 940 666 972 sed
694 939 789 971 etiam
814 938 847 970 in
873 938 945 970 aliis

205 994 352 1026 ecclesiis
379 1005 415 1025 ac
441 994 520 1026 locis
547 994 585 1025 ab
607 1003 645 1025 eo
671 993 803 1025 minime
829 992 945 1034 depen-

205 1047 377 1086 dentibus·,
398 1047 491 1089 isque
509 1056 580 1078 mos
607 1046 638 1078 in
657 1045 816 1077 universis
835 1044 944 1087 regnis

204 1099 432 1143 Hispaniarum
459 1110 494 1132 ac
518 1099 668 1142 plurimis
694 1098 803 1130 ltaliae
835 1097 944 1139 regio-

204 1153 299 1185 nibns
324 1163 453 1196 semper
488 1152 625 1185 antebac
655 1157 802 1184 retentus
829 1150 945 1189 suerit,

205 1212 236 1239 et
261 1207 367 1239 adbuc
393 1207 432 1240 de
458 1207 621 1250 praesenti
655 1211 828 1245 servetur;
855 1204 946 1237 licet-

205 1315 330 1347 centius
362 1314 448 1357 Papa
472 1314 525 1346 XII
551 1314 786 1357 praedecessor
811 1317 944 1351 noster,

205 1368 243 1400 ad
258 1378 373 1411 preces
392 1374 467 1400 tunc
485 1368 516 1399 in
536 1368 686 1399 humanis
708 1367 834 1409 agentis
850 1366 945 1398 Fran-

205 1421 279 1454 cisci
306 1421 391 1458 Diaz,
409 1422 484 1454 dum
504 1421 632 1460 viveret,
655 1420 870 1453 commissarii
892 1430 946 1462 ge-

204 1475 325 1508 neralis
351 1486 410 1518 pro
442 1476 684 1507 ultramontana
717 1474 836 1506 familia
869 1473 944 1505 dicti

204 1528 352 1566 Ordinis,
378 1528 522 1571 praefata
548 1529 616 1561 loca
649 1528 702 1571 pia
734 1527 802 1560 viae
835 1527 945 1560 Crucis

205 1591 261 1613 seu
287 1581 420 1613 Calvarii
446 1581 504 1613 sub
533 1581 724 1624 quibusdam
751 1580 946 1612 recolendae

206 1636 382 1667 memoriae
408 1635 588 1667 Innocentii
615 1635 719 1677 Papae
747 1634 783 1666 Xl
810 1634 947 1677 praede-

206 1689 345 1721 cessoris
371 1699 502 1732 quoque
529 1688 629 1721 nostri
651 1689 766 1722 litteris
792 1688 824 1720 in
850 1688 946 1720 simili

208 1745 310 1775 torma
327 1742 438 1775 Brevis
453 1742 505 1775 die
521 1754 536 1774 v
554 1742 751 1785 septembris
766 1752 946 1775 Moctxxxw

205 1806 303 1839 super
328 1796 577 1829 confirmatione
615 1796 813 1829 diversarum
840 1796 947 1828 indul-

205 1851 388 1892 gentiarum
415 1856 445 1881 et
469 1850 715 1892 privilegiorum
735 1850 836 1893 ipsius
854 1850 948 1883 Ordi-

208 1903 257 1935 nis
278 1903 373 1935 editis
402 1903 649 1945 comprehendi,
669 1914 705 1935 ac
723 1904 861 1946 proinde
885 1904 945 1936 srui

209 1961 239 1987 et
265 1956 409 1997 gaudere
437 1966 530 1998 posse
557 1957 770 1999 indulgentiis
796 1963 828 1989 et
852 1957 948 1999 privi-

209 2008 301 2050 legiis
329 2009 359 2040 in
386 2008 501 2041 litteris
528 2009 711 2041 huiusmodi
738 2011 900 2042 concessis
918 2016 949 2043 et

209 2063 390 2104 expressis,
418 2062 617 2095 declarasset
649 2073 707 2105 per
738 2073 810 2095 suas
836 2063 947 2095 itidem

207 2115 240 2147 in
263 2116 368 2148 forma
385 2115 493 2147 Brevis
511 2115 562 2148 die
578 2127 593 2147 v
609 2115 790 2148 decembris
807 2126 949 2150 MDCXCVI

208 2168 352 2211 desuper
368 2169 536 2211 expeditas
558 2169 691 2208 litteras,
709 2169 806 2212 idque
825 2169 948 2213 absque

209 2221 402 2254 limitatione
429 2232 465 2254 ac
491 2221 698 2254 restrictione
725 2223 885 2255 (lictorum
908 2224 950 2256 lo-

208 2285 321 2307 corum
347 2275 415 2307 viae
439 2275 547 2307 Crucis
583 2286 638 2307 scu
665 2275 799 2308 Calvarii
833 2278 871 2309 ad
898 2288 950 2310 ec-

207 2329 323 2360 clesia<
351 2334 383 2360 et
408 2329 478 2361 loca
504 2328 631 2361 Ordinis
667 2330 803 2372 praefati
832 2331 948 2364 sactum

210 2381 338 2413 suisset:
364 2382 576 2414 nibilominus
603 2383 702 2426 aliqui
729 2383 949 2416 existimantes

209 2436 394 2467 facultatem
428 2436 482 2468 illa
509 2436 655 2478 erigendi
691 2442 723 2469 et
755 2437 948 2470 instituendi

208 2488 245 2519 ad
274 2488 429 2520 ecclesias
458 2494 489 2520 et
515 2489 584 2521 loca
609 2489 738 2522 Ordinis
764 2491 945 2532 praedicti,

208 2541 427 2583 indulgentias
454 2552 529 2574 vero
547 2547 578 2574 et
595 2542 765 2585 privilegia
790 2544 948 2578 eiusmodi

207 2595 245 2628 ad
280 2605 435 2638 personas
471 2595 677 2629 obedientiae
707 2607 743 2628 ac
776 2597 949 2632 directioni

245 2661 254 2684 1
280 2657 350 2683 Edit.
372 2656 452 2684 nain.
474 2657 538 2692 legit
558 2666 688 2684 concessa
708 2663 746 2685 (11.
762 2659 810 2691 r).

278 2711 355 2737 Ball.
374 2713 454 2738 Rom.
471 2727 503 2731 —-
526 2713 585 2737 Vnt.
604 2712 712 2739 XXIII.
858 2714 887 2739 51

991 311 1051 342 pro
1070 307 1217 344 tempore
1242 301 1409 334 existentis
1433 301 1572 334 ministri
1596 312 1734 344 genera-

991 353 1029 385 lis
1054 354 1199 386 eiusdem
1226 354 1354 387 Ordinis
1375 354 1536 387 subiectas
1554 355 1733 398 respective

990 405 1127 438 limitata
1151 412 1182 438 et
1205 407 1352 440 restricta
1377 419 1458 447 esse,
1480 420 1496 440 a
1515 409 1587 451 piae
1611 418 1734 441 memo-

991 459 1057 491 riae
1082 459 1260 493 Benedicto
1296 461 1382 504 Papa
1408 462 1473 494 Xlll
1507 462 1602 494 etiam
1639 472 1734 505 prae-

992 512 1164 545 decessore
1189 519 1309 553 nostro,
1335 515 1555 557 indulgentias
1580 520 1611 548 et
1636 515 1733 558 privi-

991 565 1076 607 legia
1102 566 1248 608 praefata
1266 567 1302 598 ad
1323 577 1545 611 quoscumque
1564 569 1733 611 utriusque

991 628 1086 650 sexus
1107 619 1339 652 christifideles
1369 620 1453 653 dicto
1474 621 1621 653 ministro
1640 631 1733 663 gene-

992 671 1048 703 rali
1075 682 1141 703 non
1167 671 1345 711 subiectos,
1364 674 1416 716 qui
1445 679 1550 706 tamen
1574 674 1731 707 eiusmodi

991 725 1062 756 loca
1087 724 1140 767 pia
1165 724 1251 757 viae'
1271 724 1382 757 Crucis
1404 736 1458 758 seu
1478 726 1610 759 Calvarii
1631 738 1731 770 penes

992 777 1107 810 fratres
1121 778 1298 821 supradicti
1310 778 1438 811 Ordinis
1454 781 1610 822 privative
1625 781 1732 824 quoad

991 830 1072 863 alios
1108 831 1275 873 quoslibet
1306 831 1497 871 visitarent,
1530 833 1637 876 ibique
1668 844 1734 866 me-

990 884 1128 916 moriam
1156 884 1338 917 dominicae
1365 885 1527 918 Passionis
1546 887 1661 919 devote
1684 898 1734 919 re-

990 938 1157 977 colerent,
1184 939 1312 981 aliaque
1345 939 1489 972 iniuncta
1515 951 1616 983 opera
1642 952 1731 983 pera-

990 997 1116 1034 gerent,
1140 992 1268 1024 extendi
1287 998 1318 1025 ct
1335 993 1485 1035 ampliari
1509 994 1734 1032 obtinuerunt,

990 1051 1088 1088 prout
1112 1045 1144 1077 in
1170 1046 1274 1089 ipsius
1301 1046 1466 1079 Benedicti
1501 1048 1734 1090 praedecesso-

990 1100 1032 1132 ris
1059 1099 1175 1132 litteris
1201 1101 1260 1132 sub
1286 1101 1440 1143 plumbo,
1472 1111 1558 1133 anno
1586 1101 1733 1134 incarna-

992 1154 1088 1186 tionis
1114 1163 1284 1193 xunccxxw,
1309 1165 1327 1187 v
1352 1165 1455 1187 nonas
1481 1155 1600 1195 martii,
1628 1156 1735 1198 ponti-

966 1207 1102 1243 ,ticatus
1134 1209 1180 1240 sui
1213 1219 1299 1241 anno
1325 1219 1362 1241 111
1388 1209 1564 1247 euianatis,
1600 1209 1734 1242 uberius

204 1272 267 1303 que
293 1261 415 1293 dudum
453 1260 554 1293 felicis
589 1259 823 1292 recordationis
849 1258 968 1290 luno-r

989 1262 1185 1294 continetur.
1225 1262 1301 1295 Cum
1339 1269 1461 1301 autem,
1499 1263 1584 1295 sicut
1621 1264 1734 1296 eadem

990 1316 1150 1359 expositio
1176 1317 1412 1359 subiungebat,
1441 1317 1509 1360 ipse
1535 1317 1735 1355 Bernardus,

989 1380 1054 1401 non
1070 1370 1176 1402 minus
1195 1370 1320 1403 ratione
1338 1371 1385 1402 sui
1402 1371 1497 1403 osticii
1513 1372 1737 1413 procuratoris

990 1423 1153 1465 generalis
1181 1424 1377 1463 huiusmodi,
1398 1435 1492 1467 quam
1520 1425 1559 1457 de
1581 1436 1733 1468 expresso

990 1476 1145 1509 mandato
1172 1476 1249 1509 dicti
1283 1477 1432 1509 moderni
1470 1478 1610 1510 ministri
1635 1489 1735 1521 gene-

990 1528 1075 1567 ralis,
1103 1529 1141 1561 ad
1167 1535 1294 1562 enatam
1332 1531 1501 1563 occasione
1534 1533 1731 1574 praemisso-

991 1592 1061 1614 rum
1086 1582 1312 1615 consusionem
1335 1584 1522 1623 tollendam,
1545 1595 1679 1627 remque
1701 1585 1733 1617 111

991 1640 1108 1667 statum
1134 1636 1308 1678 pristinum
1335 1637 1583 1673 restituendam,
1605 1639 1734 1680 praedi-

991 1694 1040 1720 cta
1058 1689 1129 1720 loca
1147 1688 1199 1730 pia
1215 1689 1283 1721 viae
1302 1689 1410 1721 Crucis
1433 1700 1488 1723 seu
1508 1690 1654 1731 Calvarii,
1676 1702 1736 1734 per

992 1743 1125 1775 eosdem
1152 1743 1265 1776 fratres
1290 1744 1386 1776 etiam
1414 1744 1445 1776 in
1472 1745 1618 1777 ecelesiis
1636 1751 1666 1777 et
1691 1747 1735 1779 lo-

991 1796 1037 1828 cis
1061 1807 1143 1840 quae
1172 1807 1236 1829 non
1263 1797 1326 1829 sint
1359 1797 1435 1830 dicti
1462 1798 1593 1831 Ordinis
1627 1805 1735 1832 erecta

992 1855 1023 1882 et
1040 1850 1197 1892 erigenda
1217 1878 1223 1888 ,
1249 1850 1372 1883 eisdem
1391 1851 1605 1893 indulgentiis
1625 1858 1655 1884 et
1673 1853 1735 1895 pri-

991 1904 1116 1945 vilegiis
1142 1903 1280 1946 gaudere
1299 1915 1359 1947 per
1384 1915 1443 1937 nos
1471 1905 1631 1938 declarari
1654 1917 1736 1938 sum-

993 1967 1126 1999 mopere
1164 1957 1356 1997 desideret,
1383 1959 1660 2001 (piemadmodum
1693 1960 1733 1991 ab

994 2009 1064 2051 ipso
1081 2010 1258 2042 Benedicto
1277 2011 1544 2053 praedecessore,
1560 2017 1733 2055 postquam

993 2061 1119 2093 litterae
1145 2073 1220 2095 suae
1246 2064 1410 2106 praefatae
1447 2064 1663 2106 prodierant,
1695 2066 1734 2098 ad

993 2116 1263 2159 supplicationem
1285 2116 1421 2149 dilectae
1441 2117 1471 2149 in
1494 2117 1623 2150 Christo
1649 2118 1733 2151 tiliae

992 2169 1112 2201 nobilis
1126 2169 1271 2202 mulieris
1293 2169 1447 2202 Violantis
1462 2181 1479 2202 a
1496 2170 1631 2203 Bavaria
1649 2171 1733 2214 prin-

993 2222 1155 2266 cipissae²
1179 2223 1325 2255 Etruriae
1349 2223 1475 2261 viduae,
1504 2224 1657 2256 fratribus
1682 2235 1734 2257 re-

993 2286 1101 2308 cessus
1119 2276 1150 2309 S.
1170 2276 1333 2308 Francisci
1360 2277 1398 2308 ad
1419 2277 1557 2309 Δ1101110111
1576 2277 1735 2310 Florenti-

993 2340 1068 2362 num
1088 2336 1118 2362 et
1136 2336 1312 2362 conventus
1330 2330 1369 2362 de
1386 2330 1597 2362 Ambrosiaua
1614 2341 1735 2363 nuncu-

992 2388 1140 2426 patorum
1166 2383 1240 2415 dicti
1265 2381 1406 2420 Ordinis,
1431 2383 1461 2414 iu
1484 2383 1544 2415 vim
1567 2384 1733 2416 cuiusdam

993 2436 1142 2479 rescripti
1168 2436 1218 2468 die
1240 2447 1256 2467 x
1276 2437 1461 2468 novembris
1483 2446 1644 2470 unccxxix
1668 2438 1735 2469 eius

994 2489 1079 2521 iussu
1100 2490 1187 2528 editi,
1204 2500 1392 2522 concessum
1412 2489 1505 2521 fuisse
1520 2497 1734 2524 memoratur:

993 2543 1087 2576 nobis
1128 2549 1304 2585 propterea
1347 2543 1514 2575 humiliter
1556 2544 1733 2587 supplicari

1030 2617 1040 2641 1
1064 2615 1165 2641 vocem
1187 2615 1249 2640 viae
1270 2623 1318 2640 nos
1338 2614 1462 2641 addimus
1481 2620 1518 2642 (11.
1535 2616 1584 2647 1.),

1029 2663 1043 2684 ’Δ
1064 2659 1136 2685 Edit.
1160 2659 1238 2685 alain.
1260 2659 1324 2693 legit
1340 2660 1521 2694 principissa
1542 2664 1578 2692 tu.
1595 2660 1645 2694 Τ.).

1630 243 1691 276 401
1741 253 1790 278 an.
1812 252 1841 278 c.
1860 251 1934 278 1732
