2182 3137
407 268 470 300 674
951 277 1126 300 antianum
1152 278 1300 301 Romanum

451 328 574 361 Ordinis
609 328 658 361 SS.
684 328 843 360 Trinitatis
876 329 1101 373 redemptionis

451 381 657 424 captivorum,
682 380 757 413 5511.

363 434 449 467 CXX.
468 434 701 467 Confirmantur
713 444 822 466 omnes
832 435 1102 469 confraternitates

450 487 507 518 sub
534 486 623 518 titulo
641 487 673 519 B.
695 487 731 519 M.
754 487 787 519 V.
808 487 932 530 Septem
950 488 1101 521 Dolorum

450 550 465 571 a
499 539 715 582 superioribus
748 541 947 582 generalibus
978 541 1103 575 Ordinis

450 592 618 624 Servorum
644 593 675 624 B.
701 593 737 624 M.
764 594 796 625 V.
822 599 954 633 erectae,
982 595 1103 627 etiamsi

451 645 488 676 de
520 656 628 677 carum
666 646 815 678 canoniea
851 647 1008 680 erectione
1041 658 1103 681 non

451 703 580 737 constet,
607 698 680 730 561.

364 750 466 783 CXXI.
495 750 671 791 statutum,
697 757 729 783 ut
760 752 931 795 capitulum
957 754 1104 795 generale

450 803 707 847 Congregationis
733 805 843 837 Montis
867 805 976 838 Oliveti
998 816 1104 838 mona-

451 857 582 889 chorum
609 857 732 890 Ordinis
762 859 857 891 sancti
883 859 1040 891 Benedicti
1065 859 1103 892 de

451 910 665 953 quinquennio
686 911 716 942 in
734 912 982 954 quinquennium
1001 912 1039 944 de
1056 923 1103 944 ce-

452 968 520 995 tero
545 964 733 1003 celebretur,
759 964 833 997 563.

365 1015 477 1049 CXXII.
493 1016 660 1058 Statutuni,
675 1022 707 1048 ut
720 1017 757 1049 dc
775 1023 881 1050 cetero
899 1018 1010 1051 fratres
1028 1018 1103 1052 Con-

450 1069 641 1112 grcgationis
681 1071 869 1103 clericorum
910 1072 1101 1113 regularium

451 1123 629 1166 Pauperum
648 1124 751 1156 Matris
766 1124 817 1156 Dei
836 1124 1020 1158 Scholarum
1040 1126 1104 1159 Pia-

451 1186 521 1207 rum
546 1176 717 1219 epitogium
740 1183 870 1219 gestent,
896 1178 968 1211 564.

343 1228 489 1261 CXXIII.
514 1229 673 1261 Monacliis
706 1230 965 1273 Congregationis
996 1232 1099 1265 Cassi-

450 1281 556 1314 nensis
580 1281 705 1314 Ordinis
741 1284 837 1316 sancti
874 1284 1031 1317 Benedicti
1058 1285 1103 1317 in-

452 1334 616 1367 terdicitur
641 1346 806 1369 recurrere
831 1337 869 1369 ad
887 1337 996 1370 Sedem
1022 1339 1104 1381 Apo-

452 1388 615 1429 stolicain,
640 1396 805 1433 antequam
841 1391 1000 1424 vicinioris
1031 1403 1104 1435 pro-

453 1441 572 1474 vinciae
604 1442 797 1476 visitatorem
830 1454 866 1476 ac
892 1456 961 1477 mox
987 1445 1104 1488 praesi-

452 1495 576 1528 dentem
620 1498 798 1539 generalem
846 1498 1104 1541 Congregationis

451 1549 573 1589 adeant,
599 1549 672 1582 566.

365 1601 491 1635 CXXIV.
519 1603 754 1636 Contirinantur
780 1605 1020 1638 constitutiones
1046 1617 1104 1648 pro

453 1655 537 1688 bono
563 1657 715 1698 regimine
740 1658 871 1689 fratrum
897 1659 992 1690 Tertii
1018 1658 1105 1691 Ordi-

453 1709 502 1741 nis
526 1710 624 1742 sancti
650 1710 816 1752 Francisci⁷
838 1722 873 1744 ex
898 1712 966 1744 aliis
990 1714 1104 1745 consti-

454 1762 646 1800 tutionibus,
672 1763 793 1795 statutis
818 1769 849 1796 et
872 1764 1005 1797 decretis
1030 1765 1104 1798 dieti

454 1814 578 1847 Ordinis
603 1816 763 1856 collectae,
788 1817 861 1849 567.

367 1868 480 1901 CXXV.
506 1868 693 1902 Constitutio
717 1881 798 1913 qua,
821 1882 878 1914 pro
903 1871 1107 1906 indemnitate

455 1922 716 1955 communitatum
742 1929 771 1955 et
796 1925 988 1967 populorum
1013 1926 1107 1959 totius

457 1975 560 2007 Status
590 1977 771 2019 temporalis
793 1977 823 2009 S.
847 1978 882 2010 R.
904 1978 950 2017 E„
981 1979 1107 2011 faculta-

458 2034 512 2070 tes,
527 2039 584 2072 per
598 2040 738 2063 summos
753 2031 918 2064 Pontifices
935 2032 1108 2075 Congreget-

458 2082 533 2114 tioni
549 2082 624 2115 Boni
638 2083 809 2125 [tegiminis
826 2090 934 2117 contra
950 2085 1108 2119 debitores

458 2136 532 2168 olim
550 2137 692 2177 collatae,
702 2137 940 2179 confirmantur,
958 2140 1108 2183 novi‘sque

459 2189 549 2221 etiam
575 2196 742 2231 augentur,
770 2190 843 2223 583.

371 2242 496 2274 CXXVI.
524 2242 760 2276 Confirmantur
795 2250 937 2287 patentes
975 2246 1107 2278 ministri

459 2295 616 2336 generalis
640 2296 764 2329 Ordinis
795 2299 926 2330 fratrum
952 2299 1107 2331 Minorum

461 2349 561 2381 sancti
586 2349 743 2383 Francisei
768 2351 806 2383 de
830 2351 1035 2385 Observantia
1060 2353 1107 2386 lit-

462 2406 568 2443 terae,
593 2403 706 2445 quibus
738 2405 880 2436 nonnulli
913 2405 1037 2438 Ordinis
1062 2406 1108 2438 sui

463 2454 600 2498 religiosi
626 2456 816 2498 deputantur
846 2458 883 2489 ad
913 2464 1107 2501 quaestuan-

463 2507 536 2539 dum
564 2508 593 2540 in
611 2510 705 2541 certis
725 2511 846 2543 statutis
864 2512 1032 2554 provinciis
1052 2523 1109 2555 pro

463 2562 699 2595 conservatione
723 2564 976 2604 Terraesanctae,
1002 2564 1077 2597 60⁶2.

376 2613 515 2645 CXXVII.
542 2614 774 2649 Confirmantur
790 2617 963 2660 privilegia,
981 2618 1110 2660 gratiae,
1153 2614 1159 2620 ’

466 2666 624 2701 facultates
649 2674 678 2701 et
703 2670 820 2704 indulta
852 2671 975 2714 collegii
1000 2672 1111 2704 Montis

1242 330 1302 363 Atti
1323 330 1454 363 civitatis
1480 330 1708 371 Bononiensis,
1736 343 1771 366 ac
1796 344 1888 376 prae-

1241 385 1331 427 cipue
1355 394 1435 427 quae
1452 384 1601 417 cardinali
1619 386 1791 428 protectori
1816 397 1888 420 con-

1242 448 1328 470 cessa
1352 443 1432 477 sunt,
1456 437 1529 470 603.

1154 491 1309 525 CXXVIII.
1333 491 1538 523 Confirmatio
1556 492 1813 525 constitutionum
1830 504 1889 536 pro

1244 545 1393 577 fratribus
1418 550 1448 576 et
1472 545 1635 577 sororibus
1654 546 1748 578 Tertii
1765 546 1891 579 Ordinis

1242 598 1411 632 Servorum
1438 598 1469 630 B.
1487 598 1601 631 Mai-iae
1621 599 1755 642 Virginis
1773 599 1803 632 in
1820 600 1891 633 Bra-

1243 651 1321 689 silia,
1346 650 1421 683 665.

1155 703 1284 737 CXXIX.
1310 704 1540 736 Contirmantur
1575 709 1689 737 statuta
1723 717 1782 748 pro
1807 706 1890 739 bono

1244 757 1397 796 regimine
1421 757 1572 789 ecelesiae
1589 757 1619 790 S.
1638 758 1761 791 Ioannis
1786 759 1890 802 Bapti-

1244 815 1307 840 stae
1339 809 1472 841 nationis
1508 810 1705 842 Florentinae
1737 811 1774 843 dc
1809 811 1889 844 Urbe

1244 862 1336 901 edita,
1365 862 1439 895 (313.

1155 914 1277 948 CXXX.
1304 916 1499 958 Indulgentia
1525 917 1664 960 plenaria
1688 928 1747 960 pro
1772 917 1892 950 christi-

1243 968 1389 999 fidelibus
1428 969 1591 1012 utriusque
1631 980 1721 1001 sexus
1754 970 1888 1013 aliquam

1243 1032 1277 1052 ex
1303 1021 1444 1053 ecelesiis
1470 1022 1599 1053 fratrum
1621 1022 1775 1054 Minorum
1792 1024 1888 1056 sancti

1244 1073 1399 1105 Francisei
1433 1074 1692 1107 Conventualium
1718 1075 1749 1106 in
1773 1075 1804 1108 S.
1831 1075 1891 1108 Lu-

1243 1126 1344 1159 doviei
1370 1127 1561 1159 Francorum
1588 1127 1671 1170 regis
1695 1138 1731 1160 ac
1747 1128 1777 1161 S.
1794 1128 1890 1161 Elisa-

1243 1179 1315 1211 beth
1343 1180 1452 1212 viduae
1486 1180 1567 1223 regis
1599 1181 1776 1223 llungariae
1800 1187 1890 1214 natae

1243 1232 1327 1264 festis
1352 1233 1462 1265 diebus
1488 1233 1693 1273 visitantibus,
1718 1234 1790 1267 617.

1155 1284 1279 1318 CXXXI.
1305 1286 1508 1319 Confirmatio
1529 1287 1737 1329 quarumdam
1756 1287 1892 1320 rubrica-

1244 1350 1312 1371 rum
1351 1341 1454 1372 statuti
1495 1341 1618 1383 collegii
1660 1341 1890 1374 causidicorum

1243 1393 1375 1425 civitatis
1401 1393 1621 1433 Feri-ariensis,
1646 1393 1721 1427 618.

1155 1445 1296 1479 CXXXII.
1322 1447 1504 1479 Declaratur
1528 1447 1624 1480 Breve
1648 1447 1816 1479 Alexandri
1841 1448 1892 1480 Vll

1245 1500 1329 1533 circa
1365 1506 1472 1533 votum
1507 1501 1537 1533 in
1562 1501 1732 1544 provinciis
1768 1501 1893 1534 Ordinis

1245 1554 1375 1587 fratrum
1413 1555 1566 1587 Minorum
1604 1555 1703 1587 sancti
1735 1554 1894 1587 Francisci

1246 1607 1283 1640 de
1297 1607 1498 1640 Observantia
1514 1608 1721 1641 commissarii
1739 1608 1896 1651 generalis

1245 1661 1356 1694 Curiae
1378 1672 1413 1694 ac
1437 1662 1651 1704 procuratoris
1671 1662 1826 1705 generalis
1843 1672 1894 1695 eo-

1247 1714 1390 1746 rumdem
1416 1715 1548 1747 fratrum
1573 1715 1825 1747 Reformatorum
1851 1715 1895 1746 fa-

1247 1767 1351 1799 miliae
1375 1767 1603 1806 Cismontanae,
1628 1767 1702 1800 6⁶22.

1159 1820 1312 1853 CXXXIII.
1350 1820 1562 1853 Confirmatur
1597 1820 1766 1853 concordia
1800 1830 1896 1863 super

1247 1873 1460 1916 assignatione
1484 1873 1618 1906 duorum
1640 1873 1895 1916 magisteriorum

1246 1927 1371 1960 Ordinis
1406 1927 1537 1960 fratrum
1563 1926 1773 1959 Ereinitarum
1798 1927 1896 1959 sancti

1248 1979 1412 2023 Augustini
1427 1980 1609 2023 provinciae
1622 1980 1765 2012 Baeticae
1778 1990 1812 2013 ex
1825 1991 1897 2023 qua-

1248 2034 1393 2076 draginta
1417 2033 1713 2076 supranumerariis,
1738 2033 1812 2066 624.

1160 2086 1315 2119 CXXXIV.
1340 2086 1523 2119 Declaratur
1540 2086 1636 2118 Breve
1653 2086 1825 2119 lnnocentii
1843 2087 1895 2120 XII

1248 2150 1343 2183 super
1368 2139 1513 2172 facultate
1549 2139 1729 2172 conferendi
1755 2140 1894 2172 lauream

1249 2193 1462 2236 magistralem
1489 2192 1639 2225 fratribus
1660 2193 1807 2235 professis
1822 2194 1896 2226 Ter-

1250 2246 1282 2278 tii
1307 2246 1432 2279 Ordinis
1453 2246 1550 2278 sancti
1573 2246 1729 2278 Francisci
1755 2246 1785 2278 in
1811 2246 1896 2289 capi-

1250 2299 1321 2332 tulis
1357 2299 1558 2341 generalibus
1601 2299 1646 2331 vel
1689 2298 1894 2342 provinciali-

1250 2352 1308 2384 bus
1333 2357 1464 2391 tantum,
1493 2351 1566 2384 6028.

1162 2404 1302 2438 CXXXV.
1328 2405 1485 2438 Indultum
1511 2410 1544 2437 ut
1570 2405 1682 2437 fratres
1707 2404 1897 2438 missionarii

1249 2458 1327 2491 Galli
1348 2457 1471 2491 Ordinis
1495 2458 1649 2490 Minorum
1676 2457 1773 2490 sancti
1798 2457 1895 2490 Fran-

1249 2511 1322 2544 cisci
1348 2511 1595 2554 Capuccinorum
1622 2510 1748 2542 missam
1774 2521 1809 2543 ac
1826 2510 1895 2543 offi-

1249 2565 1331 2597 cium
1358 2566 1387 2597 S.
1405 2564 1551 2597 Ludovici
1577 2564 1660 2607 regis
1679 2564 1810 2596 recitare
1827 2573 1896 2606 pos—

1249 2619 1310 2651 sint
1323 2619 1353 2650 in
1371 2619 1448 2650 fcsto
1464 2617 1603 2650 ciusdem
1622 2617 1725 2650 Sancti
1742 2616 1803 2659 die,
1823 2616 1896 2650 631.

1162 2672 1312 2706 CXXXVI.
1338 2672 1480 2705 Ministro
1505 2671 1644 2715 generali
1669 2670 1793 2704 Ordinis
1811 2670 1898 2702 Prae—

2158 2128 2161 2133 <
2146 2058 2170 2117 <bn
