2182 3137
55 193 110 220 An.
125 192 155 219 G.
179 192 247 219 1730

72 1045 89 1064 Α
101 1045 163 1064 sacra
175 1043 243 1064 indut-

60 1071 177 1096 geutiarum
190 1071 243 1091 con·

57 1099 182 1122 venatione
207 1097 242 1117 de-

58 1126 139 1143 cretum
163 1125 242 1147 autea,

58 1149 98 1170 sub
115 1150 156 1170 hac
172 1153 242 1170 οιιεη-

58 1176 119 1196 sione
127 1176 194 1197 hocce
202 1182 243 1197 mo.

57 1204 173 1223 naslei-ium
202 1209 244 1224 nun

55 1229 220 1255 comprehendi.
257 1248 263 1254 .

874 193 1016 214 cenaiexs
1043 194 1084 215 xu
1111 194 1158 215 rr.
1678 184 1744 217 215
1790 194 1888 222 Amo.
1910 196 1978 222 neve

251 241 510 284 praedecessore
529 250 729 278 concessam,
748 244 782 271 ut
799 239 995 282 praefertur,
1016 239 1018 289 Ι
1037 241 1270 274 monasterium
1289 242 1491 284 praedictum
1509 241 1634 275 invecta
1649 242 1779 280 suerint,

252 295 292 327 ad
318 304 431 327 omnes
453 299 485 326 et
511 293 655 335 singulas
680 291 836 325 ecclesias
872 293 996 325 monia·
1016 291 1018 338 Ι
1038 303 1121 334 quae
1140 304 1205 326 non
1226 294 1323 327 modo
1341 295 1381 327 de
1399 295 1561 337 praesenti
1586 294 1696 327 adhuc
1717 294 1776 326 ibi—

251 347 332 380 lium
358 347 505 379 eiusdem
537 344 809 388 congregationis
845 344 996 377 similiter
1016 339 1018 404 Ι
1039 345 1111 377 dem
1136 345 1261 387 vigent,
1286 347 1343 379 sed
1369 347 1395 379 si
1422 348 1569 380 eamdem
1596 348 1685 381 litem
1719 357 1776 379 seu

253 405 317 432 tam
345 405 471 432 erectas
507 409 605 441 quam
637 398 848 440 imposterum
873 396 1018 439 eugen-1
1039 399 1290 432 controversiam
1317 399 1436 433 diutius
1461 401 1573 443 agitari
1600 412 1636 434 ac
1661 402 1774 444 perduv

253 453 321 491 das,
348 457 380 484 et
405 451 602 494 ubicumque
629 452 776 483 locorum
802 449 994 490 existentes,
1017 449 1019 479 ἑ
1040 460 1112 482 rare
1145 451 1373 493 contingeret,
1408 463 1582 496 progressu
1617 454 1777 496 temporis

253 505 284 537 in
309 510 506 548 perpetuum
532 503 678 536 extendit
703 508 735 535 et
761 502 939 545 ampliavit;
967 509 998 535 et
1017 490 1019 546 Ι
1041 503 1134 535 facilc
1159 504 1269 545 augeri
1299 509 1331 535 et
1359 505 1584 546 ingravescere
1609 513 1756 550 possent.

252 558 350 597 alias,
376 563 474 599 prout
509 556 541 588 in
579 556 724 599 ipsorum
752 555 931 588 innocentii
958 556 996 588 XI
1084 557 1099 599 ξ
1123 556 1154 588 4.
1180 557 1261 589 llinc
1278 558 1429 599 estquod
1451 568 1526 598 nos,
1550 569 1609 601 pro
1624 561 1779 602 pastorali
1795 572 1977 601 aipiuquuasqn-

253 611 305 643 die
331 621 353 644 u
379 611 565 643 decembris
590 619 764 643 nnchxvu
786 614 817 642 et
844 610 999 642 lnnocen-
1018 605 1020 618 ¹
1042 612 1172 647 nostra,
1207 620 1271 652 qua
1302 609 1485 643 animarum
1510 612 1603 643 saluti
1629 618 1660 644 et
1696 598 1978 648 tran-‘alliil‘ombffi‘zlllss

254 663 289 696 tii
315 663 368 696 xli
392 663 659 706 praedecessoris
699 663 817 695 litteris
858 663 998 706 desuper
1018 661 1020 695 ἶ
1042 662 1193 705 quillitati
1219 663 1408 705 prospicere
1436 668 1596 703 tenemur,
1624 651 1917 706 sollicitu-iiiiiiiiffli'a‘
1930 655 1980 696 ⁶22²-

254 717 286 749 in
319 716 418 749 simili
446 717 549 749 forma
584 715 694 749 Brevis
720 715 772 748 dic
797 725 850 748 xlv
876 716 999 759 pariter
1019 709 1020 769 Ι
1042 715 1139 755 dine,
1169 725 1298 747 necnon
1324 715 1460 754 sincero,
1480 727 1545 758 quo
1567 717 1697 750 easdem
1719 729 1782 752 mo·
1795 707 1898 727 'mmm'
1912 705 1952 724 ’κ’

255 769 439 803 decembris
465 779 620 803 nncxcvn
656 769 838 811 respective
865 769 998 812 expedi-
1019 778 1021 807 Ι
1042 768 1143 800 uiales
1170 767 1342 810 Angelicas
1369 768 1599 810 prosequimur
1623 775 1777 812 paternae

255 823 295 855 tis
311 850 318 863 ,
343 834 480 866 quarum
519 829 650 855 tenores
683 822 913 865 praesentibus
938 833 998 865 pro
1019 814 1020 862 Ι
1042 821 1210 854 charitatis
1236 820 1366 861 affectu,
1399 832 1635 865 quamcumque
1661 823 1701 855 ab
1734 824 1780 857 eis

254 877 352 919 plene
389 882 419 909 et
456 876 654 908 sufficienter
690 875 854 918 expressis
887 887 923 908 ac
959 876 998 909 de
1019 867 1021 913 Ι
1043 874 1247 907 occasionem
1274 873 1530 914 dissensionum,
1558 885 1641 917 quae
1673 875 1781 909 divino

253 930 352 962 verbo
379 930 417 962 ad
442 929 574 961 verbum
601 928 732 961 insertis
765 928 880 961 haberi
913 930 1000 961 volu-
1019 925 1021 968 ζ
1042 927 1140 960 cultui
1178 937 1385 970 summopere
1421 928 1626 970 perniciosae
1653 929 1780 968 forent,

254 991 335 1022 mus,
362 983 496 1014 uberius
522 982 721 1014 continetur.
1019 978 1190 1033 [ipsisque
1215 980 1413 1013 monialibus
1446 981 1484 1013 ad
1517 981 1642 1024 apicem
1674 982 1781 1024 perse—

298 1037 313 1079 §
347 1035 378 1068 2.
406 1035 484 1068 Cum
523 1041 650 1074 autem,
678 1035 760 1067 sicut
792 1035 999 1078 accepimus,
1019 1036 1021 1052 '
1043 1033 1171 1073 ationis,
1198 1033 1237 1065 ad
1264 1043 1360 1075 quam
1385 1044 1444 1076 per
1465 1033 1657 1066 emissorum
1676 1035 1716 1066 ab
1738 1035 1784 1067 eis

255 1095 425 1133 postquam
463 1089 599 1121 ecclesia
637 1089 697 1121 sub
732 1089 824 1121 titulo
851 1088 996 1121 eiusdem
1020 1097 1021 1120 t
1042 1093 1190 1119 votorum
1216 1087 1362 1119 semitam
1381 1087 1579 1119 contendere
1601 1087 1722 1120 debent
1739 1099 1786 1121 as-

255 1142 286 1175 S.
314 1142 403 1175 Pauli
429 1142 618 1174 monasterii
652 1141 841 1174 monialium
869 1141 999 1183 Angeli-
1020 1155 1021 1165 Ι
1042 1141 1255 1183 sequendam,
1285 1140 1520 1182 impedimento
1549 1146 1671 1180 essent,
1697 1151 1784 1184 pror-

256 1205 365 1228 carum
422 1199 682 1237 nuncupatarum
727 1194 998 1237 Congregationis
1042 1204 1097 1226 sus
1145 1194 1341 1225 submovere
1385 1194 1547 1232 volentes,
1589 1194 1784 1238 praeviaque

255 1248 357 1291 ipsius
390 1248 421 1280 S.
458 1248 548 1280 Pauli
583 1247 720 1280 civitatis
746 1247 1166 1291 illediolanensis11naturzi
1203 1246 1438 1279 deliberatione
1474 1249 1588 1279 nostra
1622 1247 1710 1279 litem
1748 1259 1785 1280 ac

257 1300 367 1343 vigore
394 1307 616 1333 enarratarum
643 1300 821 1332 Innocentii
841 1301 892 1333 ΧΠ
912 1311 999 1343 prae-
1020 1293 1021 1307 ³
1043 1300 1297 1333 controversiam
1324 1300 1534 1343 praedictam,
1560 1300 1649 1332 cuius
1668 1307 1784 1333 statum

257 1353 437 1386 decessoris
465 1353 645 1386 litterarum
668 1353 1000 1396 plcuariaiiululgen-
1020 1383 1021 1387 ,
1043 1360 1075 1386 ct
1100 1353 1221 1390 merita,
1248 1353 1376 1395 aliaque
1403 1353 1496 1385 etiam
1524 1353 1710 1386 necessario
1732 1364 1785 1386 ex-

257 1408 300 1440 tia
334 1413 366 1439 et
398 1414 608 1449 peccatorum
647 1407 839 1439 remissione
869 1406 916 1439 sic
941 1418 1000 1450 per
1020 1407 1021 1448 Ι
1043 1407 1233 1450 primenda‚
1282 1406 1510 1449 praesentibus
1551 1416 1681 1449 quoque
1721 1417 1781 1449 pro

257 1471 331 1493 eum
358 1462 490 1493 extensa
515 1460 622 1503 spatio
660 1460 800 1502 plurium
839 1471 999 1493 annorum
1020 1452 1022 1506 Ι
1042 1462 1139 1503 plene
1167 1466 1198 1492 ct
1223 1460 1422 1492 sufficienter
1443 1459 1603 1502 expressis
1628 1470 1664 1491 ac
1684 1461 1783 1502 speci-

255 1513 390 1556 pacitice
416 1514 520 1557 potita
547 1518 576 1546 et
602 1514 728 1556 gravisa
755 1514 871 1554 suerat,
899 1514 1000 1546 novis-
1020 1510 1022 1554 Ι
1043 1512 1146 1546 {icatis
1181 1513 1295 1545 haberi
1338 1513 1508 1551 volumus,
1547 1523 1563 1544 a
1599 1513 1784 1555 supradicta

257 1567 339 1599 sime
366 1572 489 1599 motum
518 1568 632 1600 suisset
658 1567 790 1599 dubium
819 1568 857 1598 ab
875 1567 1001 1610 aliquot
1020 1563 1022 1607 Ι
1043 1566 1303 1608 Congrcgatioue
1329 1565 1539 1597 cardinalium
1566 1565 1701 1608 aliisque
1729 1566 1786 1597 tri·

257 1630 294 1652 ex
340 1619 434 1652 dictis
475 1620 682 1657 monialibus,
723 1630 797 1651 num
841 1620 998 1652 eiusmodi
1020 1610 1023 1665 Ι
1044 1619 1218 1652 bunalibus
1244 1619 1502 1662 quibuscumque
1528 1619 1565 1650 ad
1593 1629 1652 1651 nos
1672 1620 1786 1651 barum

258 1673 404 1705 extensio
430 1673 601 1705 ecclesiam
628 1673 764 1714 praefati
793 1684 905 1706 eorum
932 1667 1023 1719 most

256 1726 391 1759 nasterii
411 1727 721 1769 comprehenderet,
750 1727 835 1769 quod
859 1732 1001 1769 postmo-

258 1780 334 1812 dum
361 1779 561 1822 propositum
587 1779 619 1811 in
646 1779 906 1822 Congregatione
927 1784 1023 1811 tune,

258 1833 464 1866 existentium
491 1833 522 1865 S.
547 1833 583 1865 R.
604 1833 638 1865 Ε.
659 1833 873 1865 cardinalium
901 1833 1002 1866 indul·
1022 1819 1023 1880 Ι

259 1886 378 1928 gentiis
404 1892 435 1918 ct
453 1886 553 1918 sacris
573 1886 720 1929 reliquiis
739 1886 1001 1929 praepositorum
1022 1882 1024 1924 Ι

259 1949 319 1981 per
351 1939 447 1971 unius
479 1940 644 1971 dumtaxat
672 1939 734 1971 voti
767 1939 831 1971 sive
857 1931 1024 1984 suffragiif

260 1993 592 2035 praeponderantiam
638 1993 784 2036 negative
823 1994 1000 2025 resolutum

260 2045 319 2076 suit
344 2056 414 2077 cum
453 2046 625 2077 subsecuta
651 2045 891 2088 approbatione
929 2046 1001 2087 piae

260 2098 438 2131 memoriae
465 2098 632 2131 Benedicti
654 2099 718 2131 Xlll
738 2099 1003 2141 praedecessoris

260 2162 393 2194 quoque
420 2152 534 2189 nostri,
551 2153 605 2194 qui
632 2162 759 2184 causam
781 2152 920 2194 amplius
940 2162 1002 2183 non
1024 2154 1025 2165 ³

261 2205 399 2247 proponi
426 2205 584 2237 mandavit
602 2217 609 2244 ·,
629 2216 774 2248 cumque,
795 2205 942 2246 negativa
959 2215 1004 2237 re·
1024 2239 1026 2257 ἦ

263 2258 424 2291 solutione
462 2258 599 2301 aliisque
625 2258 812 2300 praemissis
847 2269 911 2291 nou
947 2258 1026 2299 ob-'¹

263 2311 444 2349 stantibus,
477 2312 584 2343 adbuc
622 2312 711 2343 locus
751 2310 842 2343 esse*
870 2309 1027 2357 dubium]¹

263 2363 465 2405 praedictum
493 2364 626 2396 ulterius
653 2363 861 2401 discutiendi,
890 2374 945 2395 seu
965 2364 1003 2395 ad
1025 2359 1027 2398 Ι

1044 1674 1129 1706 serie
1156 1678 1348 1711 avocantes,
1376 1683 1412 1704 ac
1443 1673 1570 1715 penitus
1597 1678 1628 1705 et
1653 1673 1786 1706 omnino

1045 1727 1284 1769 extinguentes,
1311 1726 1548 1768 indulgentiam
1575 1732 1605 1758 et
1631 1732 1785 1768 pcccato-

1046 1791 1116 1812 rum
1144 1780 1370 1812 remissionem
1397 1779 1428 1811 in
1455 1779 1569 1811 dicbus
1596 1779 1683 1811 sestis
1703 1779 1784 1812 Con-

1044 1833 1203 1866 versionis
1230 1838 1260 1864 et
1283 1832 1607 1865 Commemorationis
1632 1832 1664 1864 S.
1696 1832 1786 1865 Pauli

1046 1886 1185 1928 apostoli
1213 1886 1250 1917 ad
1284 1885 1436 1917 ecclesias
1469 1885 1654 1917 monialium
1682 1885 1787 1917 dictae

1045 1939 1312 1981 Congrcgationis
1346 1938 1383 1969 ab
1417 1938 1488 1980 ipso
1520 1938 1708 1970 Innocentio
1732 1939 1786 1971 ΧΠ

1022 1991 1024 2032 ζ
1046 1993 1317 2036 praedecessore.
1351 1992 1435 2023 sicut
1467 1992 1707 2034 praemittitur,
1734 2004 1788 2026 ex-

1048 2053 1179 2083 tensam,
1201 2056 1236 2077 ac
1262 2046 1402 2087 desuper
1426 2044 1592 2086 expeditas
1610 2045 1679 2076 eius
1703 2045 1787 2078 litte-

1048 2109 1097 2130 ras
1130 2097 1334 2141 praedictas,
1362 2097 1554 2129 auctoritate
1585 2098 1784 2138 apostolica,

1048 2158 1160 2183 tenore
1180 2150 1409 2194 praesentium,
1425 2151 1643 2192 approbamus
1662 2156 1693 2183 et
1711 2161 1788 2183 con-

1049 2206 1225 2244 tiruuimus,
1254 2205 1380 2247 illisque
1408 2203 1603 2236 inviolabilis
1630 2205 1788 2246 apostoli-

1049 2268 1103 2289 cae
1133 2257 1293 2288 tirruitatis
1313 2257 1411 2289 robur
1432 2256 1617 2295 adiicimus3
1640 2267 1686 2294 ac,
1707 2267 1786 2299 qua-

1050 2317 1141 2343 tenus
1167 2321 1249 2352 opus
1275 2310 1331 2348 sit,
1359 2309 1593 2351 indulgentiam
1613 2314 1645 2340 et
1671 2319 1788 2350 pecca-

1051 2369 1153 2396 torum
1182 2363 1430 2404 remissionem,
1457 2373 1492 2394 ac
1525 2361 1701 2395 Innocentii
1735 2363 1785 2394 ΧΠ

263 2426 378 2448 novam
399 2416 549 2447 trutinam
571 2416 763 2448 revocandi:
792 2427 826 2447 ex
848 2417 908 2448 liae
929 2427 1003 2448 vero
1050 2416 1309 2459 praedecessoris
1346 2416 1470 2448 litteras
1507 2415 1685 2458 praefatas,
1722 2421 1783 2447 tam

262 2469 319 2501 lite
352 2480 407 2501 seu
441 2470 660 2501 controversia
688 2479 750 2502 non
778 2469 905 2501 modica
937 2469 1005 2501 ani-
1026 2476 1027 2491 t
1049 2471 1086 2502 ad
1113 2470 1230 2501 dit-tam
1265 2469 1434 2501 ecclesiam
1460 2468 1491 2500 S.
1527 2469 1614 2500 Pauli
1650 2468 1786 2501 ‹tiiitatis

263 2532 391 2555 morum
430 2521 563 2554 dissidia
599 2532 635 2553 ac
674 2522 940 2564 perturbationes
973 2522 1004 2553 in
1026 2531 1028 2574 Ι
1049 2522 1296 2555 lllcdiolaucusis
1333 2521 1520 2554 monialium
1559 2521 1787 2563 Angelicarum

301 2587 311 2611 1
336 2584 448 2611 Videtur
469 2584 612 2619 tegendum
633 2587 703 2610 esset
723 2584 823 2617 (ιι,τ.).
1026 2593 1027 2610 t
1050 2582 1305 2618 nuncupaturiun
1337 2573 1603 2616 Congregationis
1641 2573 1787 2607 eiusdem
