2182 3137
477 274 540 308 592

437 332 584 375 corporis
611 332 768 364 afflictivis
795 332 909 375 poenis
940 333 1008 375 ipso
1028 333 1110 365 sacto
1129 332 1175 364 in-

436 386 627 424 currendis,
667 396 779 418 curare
817 391 850 418 nt
886 386 991 418 statim
1028 386 1176 429 exempla

437 444 648 477 renoventur,
675 445 705 471 et
731 439 839 471 denuo
865 439 1053 481 affigantum
1082 445 1122 477 et,
1150 438 1174 470 si

436 492 465 523 id
492 491 661 524 commode
689 491 756 524 sieri
784 492 916 534 poterit,
945 491 975 523 in
996 502 1175 524 marmoreo

435 541 546 585 aliquo
572 542 678 584 lapide
704 542 742 575 ad
770 548 963 585 perpetuam
986 542 1175 575 memoriam

436 595 678 637 insculpantur.

480 647 613 680 [leuium
634 658 649 679 a
668 648 804 690 singulis
823 648 945 690 legatis,
965 647 1174 690 vice-legatis,

436 700 661 742 praesidibus,
690 701 982 743 gubernatoribus,
1009 701 1176 744 potestati-

436 755 504 792 bus,
531 764 659 786 necnon
687 754 952 787 communitatum
976 765 1032 786 sen
1052 754 1176 787 univer-

435 807 563 839 sitatum
579 807 752 850 prioribus,
772 807 944 847 massariis,
961 807 1174 847 cancellariis,

435 865 489 892 ant
514 870 718 903 quocumque
745 860 876 893 nomine
896 860 1090 903 nuncupatis
1112 860 1175 893 ossi—

435 913 595 952 cialibus,
621 913 714 945 initio
740 913 972 955 magistratus,
1000 918 1173 956 antequam

435 965 473 997 ad
500 965 591 998 illum
617 966 833 998 exercendum
860 966 1098 1004 admittantur,
1124 976 1175 998 su-

243 283 292 309 Λη.
309 283 338 308 C.
362 284 428 311 ¹7³4

435 1028 492 1060 per
518 1019 705 1051 earumdem
731 1018 955 1061 praesentium
992 1018 1173 1051 litterarum
1196 1033 1198 1039 ·

435 1071 662 1104 observatione
691 1071 914 1104 iusiurandum
941 1071 1086 1105 solemne
1116 1082 1175 1114 pu-

435 1123 520 1156 blice
546 1128 744 1166 praestetur.

479 1176 516 1209 Et
529 1176 751 1217 nihilominus,
770 1182 846 1220 post
864 1177 993 1220 triginta
1010 1177 1076 1210 dies
1092 1188 1107 1210 a
1124 1177 1174 1210 die

434 1229 678 1272 publicationis,
703 1234 737 1261 ut
762 1230 952 1272 praefertur,
981 1231 1011 1262 in
1032 1231 1174 1263 Romana

434 1282 528 1315 Curia
554 1282 729 1322 faciendae,
750 1294 1015 1328 unumquemque
1036 1285 1173 1328 perinde

435 1341 560 1369 arctent
597 1342 628 1369 et
658 1337 819 1375 afficiant,
847 1348 882 1370 ac
907 1338 932 1370 si
960 1338 1075 1381 cuique
1103 1349 1175 1381 per-

434 1390 590 1423 sonaliter
615 1390 780 1423 intimatae
800 1417 807 1431 ,
834 1397 864 1424 et
889 1402 947 1434 per
970 1402 1025 1424 eos
1051 1392 1174 1425 iuratae

435 1443 583 1476 fuissent.

478 1497 593 1529 Earum
617 1508 744 1541 quoque
767 1498 987 1541 transumptis,
1007 1498 1100 1532 etiam
1120 1499 1175 1531 im-

435 1550 566 1593 pressis,
587 1561 682 1583 manu
699 1552 817 1584 notarii
834 1552 955 1595 publici
973 1552 1174 1596 subscriptis,

434 1608 464 1635 ct
489 1603 597 1646 sigillo
622 1615 785 1647 personae
804 1605 1011 1647 indignitate
1029 1606 1176 1638 ecclesia-

435 1656 515 1689 stica
532 1657 726 1690 constitutae
745 1658 933 1700 obsignatis
953 1659 1066 1692 eadem
1084 1670 1173 1702 pror-

435 1720 488 1742 sus
513 1709 594 1742 tides
619 1711 652 1743 In
678 1710 798 1743 indicio
824 1716 854 1743 et
879 1717 966 1744 extra
989 1711 1067 1744 illud
1087 1713 1175 1745 adhi-

436 1763 564 1802 beatnr,
592 1773 674 1807 quae
700 1763 913 1796 adhiberetur
938 1764 1060 1797 eisdem
1086 1775 1175 1807 prae-

435 1815 580 1848 sentibus
594 1816 619 1848 si
636 1821 747 1849 essent
761 1816 926 1850 ethbitae
945 1817 991 1850 rel
1010 1823 1171 1851 ostensae.

479 1868 563 1902 Nulli
592 1879 679 1912 ergo,
705 1875 766 1902 etc.

471 1931 569 1957 Datum
591 1931 703 1965 Romae,
720 1931 747 1957 in
768 1931 858 1958 Monte
880 1931 1021 1965 Quirinali,
1039 1941 1109 1959 anno
1130 1932 1174 1959 ln-
1196 1947 1197 1950 =

436 1975 603 2001 carnationis
632 1975 786 2002 dominicae
815 1983 926 2010 naxon,
955 1983 1017 2003 xvui
1047 1977 1174 2004 kalendas

435 2020 598 2055 septembris
612 2041 618 2052 ,
640 2021 814 2055 pontificatus
834 2022 919 2047 nostri
941 2030 1011 2048 anno
1032 2029 1050 2049 1.

419 2126 425 2129 -
480 2082 495 2125 g
520 2081 551 2115 ⁶2.
572 2082 693 2115 Deinde
711 2082 796 2116 idem
818 2083 966 2117 Clemens
988 2085 1177 2127 praedeces-

368 2148 426 2184 '¹¹¹¹,j
437 2145 497 2173 sor,
517 2135 671 2178 qnoniam
698 2146 733 2168 ex
751 2136 830 2179 ipsis
856 2136 1059 2170 debitoribus
1085 2137 1175 2170 multi

368 2201 424 2240 “¹⁴⁰3
436 2199 500 2221 non
522 2189 635 2229 teneri,
657 2199 714 2222 nec
733 2189 842 2222 debita
867 2190 936 2233 ipsa
961 2190 1086 2233 liquida
1104 2201 1176 2224 esse

357 2248 422 2293 ψυχῇ
437 2242 708 2285 praetendebant,
735 2248 774 2283 et,
795 2254 813 2275 a
838 2244 997 2276 mandatis
1023 2254 1078 2276 sen
1105 2255 1174 2277 sen-

363 2290 424 2345 3⁰54}
438 2296 545 2328 tentiis
570 2306 630 2339 per
661 2296 844 2339 praedictos
878 2296 1000 2329 iudices
1026 2297 1177 2329 relaxatis

291 2358 300 2370 ²
348 2359 372 2398 Δί
390 2343 492 2399 icejseu
517 2347 753 2390 pronunciatis,
772 2348 810 2379 ad
832 2347 951 2380 dictum
977 2346 1177 2381 Clementem

437 2401 724 2444 praedecessorem
761 2406 793 2433 et
828 2400 943 2433 Sedem
978 2401 1177 2444 praedictam

437 2454 640 2497 appellantes
675 2464 730 2486 sen
756 2454 794 2486 de
821 2454 972 2486 nullitate
1010 2454 1175 2494 dicentes,

437 2506 665 2540 executionem
685 2507 808 2539 tamdiu
830 2506 996 2549 suspendi,
1016 2506 1122 2540 donec
1139 2507 1178 2540 de

436 2560 555 2593 institia
582 2559 837 2602 appellationum
864 2560 1028 2602 cognitum
1055 2560 1177 2601 suisset,

436 2613 605 2655 pctebantg
626 2612 689 2652 alii,
709 2612 796 2655 quod
813 2623 871 2645 sua
889 2613 998 2645 debita
1026 2613 1178 2656 tergiver-

436 2664 558 2698 satione
585 2665 693 2709 aliqua
711 2675 830 2709 negare
844 2675 907 2699 non
923 2670 1083 2710 poterant,
1107 2676 1178 2700 exe-

1029 283 1206 308 BULLARIUM
1232 283 1385 308 nOMJtNrM

1219 332 1381 365 cntionem
1408 333 1521 365 saltem
1556 332 1651 365 variis
1678 332 1801 365 artibus
1827 331 1960 365 eludere

1220 385 1421 427 satagebant,
1439 395 1484 424 ac,
1503 395 1543 418 ne
1560 386 1646 417 bona
1659 396 1715 417 sua
1733 385 1844 418 bastae
1861 385 1960 417 subii-

1220 438 1246 469 ci
1264 437 1420 478 viderent‚
1437 437 1562 470 diversa
1582 437 1813 480 impedimenta
1831 438 1962 481 excogi-

1221 491 1351 522 tabant:
1378 496 1552 533 propterea
1578 490 1663 523 idem
1690 490 1839 523 Clemens
1865 501 1960 533 prae-

1221 543 1384 583 decessor,
1406 554 1516 576 eorum
1542 543 1688 586 quidem,
1713 543 1828 586 quibus
1853 543 1959 575 minus

1221 596 1322 628 iustae
1348 596 1516 628 molestiae
1543 596 1775 637 inserebantur,
1800 595 1961 629 indemni-

1197 672 1198 679 ,
1222 649 1274 681 tati
1301 650 1492 689 consulere,
1519 660 1554 681 ac
1586 649 1624 681 iis
1649 654 1787 688 contra,
1822 649 1874 692 qni
1902 649 1960 681 suh

1221 708 1390 745 praetextu
1405 703 1536 735 l‘rivolae
1555 701 1794 747 appellationis,
1812 706 1865 734 ant
1882 701 1960 734 alias

1221 755 1477 798 quomodolibet,
1505 754 1629 787 debitas
1655 754 1834 787 solutiones
1859 759 1962 787 retar-

1222 809 1297 841 dare
1324 808 1546 848 conabantur,
1572 818 1699 840 omnem
1731 807 1851 840 fraudis
1877 807 1960 839 viam

1221 862 1431 903 praecludere
1464 862 1596 899 volens,
1625 866 1699 893 tunc
1730 860 1898 893 nonnullis
1923 871 1959 893 ex

1197 937 1198 944 ,
1220 914 1250 947 S.
1281 914 1316 946 a.
1343 914 1378 946 E.
1406 914 1644 953 cardinalibus,
1671 913 1826 957 privative
1852 913 1961 957 quoad

1221 977 1333 1000 omnes
1366 972 1396 999 et
1430 977 1655 1010 quoscumque
1692 965 1773 999 alios
1810 966 1959 1006 indices,

1221 1030 1333 1052 omnes
1359 1024 1391 1051 et
1416 1029 1633 1062 quascumque
1660 1029 1780 1058 causas,
1799 1019 1894 1051 etiam
1913 1029 1962 1051 su-

1220 1082 1279 1115 per
1300 1071 1519 1105 validitatibns
1549 1081 1824 1115 quarumcumque
1851 1077 1962 1104 exten-

1221 1125 1346 1158 sionnm
1364 1126 1412 1158 vel
1431 1124 1670 1158 immunitatum
1697 1123 1864 1167 quibusvis
1889 1134 1962 1167 per-

1221 1178 1309 1210 sonis
1334 1177 1581 1221 quomodolibet
1602 1187 1842 1219 concessarum,
1861 1177 1899 1209 ad
1917 1177 1962 1209 in-

1220 1231 1368 1263 stantiam
1387 1240 1662 1273 qnarnmcumque
1681 1239 1894 1272 personarum
1912 1240 1964 1262 cn-

1221 1283 1412 1326 inscumque
1438 1289 1538 1316 status
1565 1289 1621 1316 aut
1646 1282 1835 1325 dignitate,
1864 1282 1961 1316 etiam

1220 1337 1438 1370 cardinalatus
1465 1337 1591 1369 honore
1616 1336 1818 1378 fulgendum,
1837 1336 1962 1369 etiamsi

1220 1391 1460 1430 universitates,
1481 1390 1662 1429 societates,
1679 1390 1960 1433 congregationes,

1220 1444 1361 1486 collegia
1378 1471 1385 1484 ‚
1412 1443 1581 1486 utriusque
1618 1453 1712 1475 sexus
1737 1444 1959 1484 monasteria,

1220 1497 1411 1541 hospitalia,
1439 1497 1599 1530 ccclesiae
1625 1501 1680 1529 ant
1711 1497 1781 1529 loca
1804 1497 1858 1540 pia
1883 1507 1963 1540 quo-

1221 1561 1358 1594 cumque
1376 1550 1548 1594 privilegio
1566 1549 1768 1583 immunitate
1786 1551 1837 1583 vel
1856 1560 1963 1583 exem-

1220 1604 1331 1647 ptione
1365 1602 1495 1636 sust'ulta
1532 1603 1735 1643 extitissent,
1766 1602 1832 1636 sive
1866 1603 1962 1636 etiam

1221 1657 1384 1690 viceversa
1402 1657 1439 1690 ad
1459 1657 1604 1700 ipsarum
1620 1656 1887 1690 communitatum
1907 1667 1963 1690 seu

1220 1711 1467 1743 universitatum
1493 1710 1680 1743 instantiam
1699 1715 1813 1742 contra
1837 1710 1964 1753 praedi-

1220 1769 1288 1797 ctos
1316 1765 1364 1797 vel
1398 1764 1479 1796 alios
1517 1774 1759 1806 quoscumque,
1787 1768 1841 1796 aut
1878 1763 1964 1796 inter

1221 1817 1307 1859 ipsas
1334 1816 1583 1849 communitates
1619 1816 1757 1849 invicem
1783 1816 1964 1859 quomodo-

1220 1870 1299 1903 libet
1323 1875 1426 1903 motas
1451 1879 1507 1902 seu
1531 1869 1716 1908 movendas,
1735 1869 1909 1902 summarie
1929 1876 1961 1903 et

1219 1933 1315 1955 manu
1341 1923 1440 1965 regia,
1465 1932 1501 1955 ac
1527 1919 1603 1954 alias
1629 1921 1806 1962 audiendi,
1834 1933 1960 1965 cogno-

1219 1976 1342 2015 scendi,
1360 1982 1389 2008 et
1406 1975 1468 2008 tine
1485 1975 1598 2008 debito
1622 1975 1829 2015 terminandi,
1847 1981 1879 2009 et
1902 1981 1964 2008 tam

1220 2029 1396 2071 praedictis
1429 2039 1523 2072 quam
1557 2028 1725 2072 quibusvis
1752 2029 1823 2062 aliis
1849 2029 1963 2063 iudici-

1219 2085 1279 2116 bus
1305 2087 1336 2115 et
1361 2082 1521 2125 personis,
1549 2085 1708 2124 quatenus
1733 2092 1814 2125 opus
1840 2083 1964 2124 suisset,

1220 2136 1281 2169 snb
1308 2135 1455 2168 censuris
1482 2140 1513 2168 et
1538 2135 1663 2178 poenis,
1687 2136 1875 2169 eorumdem
1897 2146 1965 2169 car-

1221 2189 1390 2228 dinalium,
1407 2193 1440 2221 ut
1458 2188 1544 2221 infra
1570 2188 1810 2231 deputatorum,
1830 2189 1964 2222 arbitrio

1221 2241 1422 2284 infligendis,
1450 2241 1659 2274 moderandis
1687 2247 1717 2274 et
1743 2241 1965 2285 applicandis,

1223 2294 1406 2334 inhibendi,
1420 2293 1487 2326 sive
1499 2294 1712 2327 inhibitiones
1726 2305 1962 2339 quascumque,

1223 2348 1318 2381 etiam
1337 2347 1448 2390 rigore
1475 2357 1752 2390 quarumcumque
1768 2347 1966 2382 commissio-

1223 2411 1298 2433 num
1325 2400 1601 2443 apostolicarum‚
1629 2411 1695 2433 non
1732 2405 1837 2434 tamen
1868 2412 1965 2435 manu

1224 2453 1299 2486 dicti
1324 2452 1500 2486 Clementis
1531 2445 1793 2496 praedecessoris
1825 2454 1966 2488 subscri-

1223 2512 1369 2550 ptarum,
1397 2506 1588 2539 moderandi
1614 2512 1668 2539 aut
1692 2508 1886 2548 revocandi,
1913 2513 1962 2548 et,

1223 2565 1318 2603 prout
1338 2559 1459 2592 iustum
1486 2559 1668 2600 videretur,
1693 2561 1847 2594 mandata
1872 2571 1967 2605 quae-

1223 2623 1361 2657 cumque
1387 2613 1570 2646 necessaria
1589 2619 1619 2647 et
1638 2619 1825 2658 opportuna
1851 2614 1965 2648 decera

1223 2667 1332 2708 nendi,
1347 2666 1526 2708 relaxandi,
1542 2677 1586 2708 ac,
1602 2667 1688 2700 omni
1709 2673 1740 2701 et
1758 2678 1963 2715 quacumque

1972 283 2019 310 An.
2036 283 2064 310 C.
2087 283 2153 312 17³⁴
