2182 3137
67 224 122 254 Διὶ.
137 222 167 251 0.
191 221 259 251 1730

96 617 126 640 De
146 617 252 639 electione

69 648 91 668 el.
105 646 206 667 facultate
217 645 253 666 du·

68 673 181 694 finitorum.

261 274 293 302 ut
323 271 519 303 determinent
551 274 664 302 tantum
698 274 726 301 et
759 270 909 300 declarent
939 269 1003 300 illos

261 317 376 349 habiles
397 323 448 350 aut
469 318 613 349 inhabiles
635 318 671 348 ad
689 317 865 348 electionem
884 325 1005 354 genera-

262 366 320 405 lis;
344 367 400 398 alia
422 377 514 405 vero,
538 367 562 397 si
585 376 659 407 quae
682 366 814 412 suerint,
839 365 1004 395 definienda

263 420 420 448 serventur
442 420 507 456 post
528 416 654 446 electum
677 419 705 446 et
726 414 930 445 confirmatum
964 414 1006 443 su-

264 470 363 497 turum
385 464 563 505 generalem.

483 541 689 577 ,Consururm
712 540 771 571 Vll.

302 613 426 645 Decretis
448 624 464 644 a
485 616 565 643 sacra
589 612 802 652 Conqreyatione
824 611 1008 641 eminentissi-

262 672 370 693 morum
389 661 499 693 S.R.E.
516 661 704 692 cardinalium
722 661 911 700 episcoporum
926 664 951 690 et
966 669 1009 688 re-

261 711 404 751 gularium
425 711 541 750 negotiis
552 711 722 750 praeposita,
740 709 889 739 successive
911 708 1009 746 confir-

262 762 346 790 matis
355 759 440 790 Brevi
452 759 598 799 apostolico
613 769 699 798 supra
714 758 906 788 constitutione
916 757 1009 796 prima

264 810 414 848 enuntiato,
432 809 660 849 obtemperantes,
671 808 864 838 declaramus:
882 807 1009 837 Priorem

263 869 315 899 pro
337 863 458 899 tempore
479 859 640 888 monasterii
661 857 691 888 S.
709 857 916 887 Bai-tholomaei
944 856 1009 894 defi-

263 910 382 940 nitorem
410 912 578 949 perpetuum
610 917 672 937 cum
702 906 896 946 praecedentia
923 915 1009 942 supra

263 962 366 988 ceteros
385 958 514 998 priores;
536 956 711 996 quamobrem
731 957 762 985 in
782 959 932 995 posterum,
956 964 1008 983 non

263 1011 320 1037 octo
342 1010 371 1036 ut
392 1007 560 1045 antiquitus,
593 1006 639 1036 sed
659 1009 760 1044 septem
782 1005 927 1033 azinztuatat
947 1013 1010 1043 per-

263 1065 344 1085 sonae
364 1055 395 1086 in
416 1055 573 1095 definitores
590 1054 708 1094 capituti
727 1053 878 1092 qeneralis:
893 1061 1010 1092 quarum

263 1109 320 1135 tres
341 1108 447 1134 tantum
468 1105 524 1134 sint
545 1104 664 1144 priores,
686 1108 712 1134 et
734 1108 850 1142 quatuor
872 1103 1009 1137 monachi,

264 1164 299 1184 eac
318 1153 544 1194 procuratoribus
558 1155 789 1183 monasteriorum
810 1155 841 1182 in
862 1153 952 1182 eodem
967 1161 1011 1181 ca-

262 1203 353 1244 ptiulo
374 1205 520 1234 existentes
535 1226 543 1241 ‚
567 1203 598 1233 ab
620 1203 679 1233 illis
701 1203 749 1242 qui
771 1205 801 1232 in
823 1203 914 1232 eodem
936 1203 1012 1241 capi-

265 1252 322 1282 tulo
340 1262 432 1283 vocem
454 1252 563 1287 habent,
587 1253 646 1282 sine
666 1261 850 1292 personarum
877 1255 902 1281 et
925 1251 1012 1280 natio-

264 1308 332 1328 num
353 1299 520 1339 acceptione,
537 1303 600 1328 ante
617 1299 709 1328 omnia
724 1298 876 1337 eligantur.
896 1297 934 1328 De
956 1308 1012 1328 mo-

264 1349 386 1378 nasterio
408 1352 497 1378 autem
519 1347 550 1379 S.
567 1347 784 1381 Bartholomaei,
801 1347 874 1376 altra
889 1347 1011 1386 priorem

265 1401 292 1428 et
309 1401 520 1437 procuratorem
541 1397 663 1427 eiusdem
684 1398 862 1434 monasterii,
883 1400 1012 1436 poterunt

266 1446 404 1482 electores,
428 1447 453 1476 si
473 1446 579 1484 velint,
601 1446 704 1484 eligere
726 1446 897 1484 definitorem
919 1455 1013 1475 mona-

266 1496 348 1526 chum
369 1495 490 1535 aliquem
519 1497 676 1535 professum
709 1496 797 1534 ipsius
829 1495 1009 1528 monasterii,

266 1545 409 1575 dummodo
431 1549 523 1576 tamen
544 1545 579 1575 sit
594 1554 713 1584 persona
728 1544 855 1574 notabilis
870 1548 895 1573 et
910 1544 1012 1573 discre-

267 1599 305 1632 ta,
328 1595 359 1624 in
380 1604 495 1624 numero
516 1594 652 1624 dictorum
674 1596 792 1633 quatuor
816 1592 1012 1622 monachorum

264 1647 479 1684 procuratorum
499 1643 723 1683 computandum.
742 1641 818 1678 Quae
834 1642 944 1681 quidem
958 1641 1011 1670 ele-

267 1693 320 1723 ctio
347 1692 524 1732 definitorum
555 1692 602 1731 fiat
626 1692 673 1722 hoc
695 1692 793 1721 modo:
830 1689 1012 1729 &signentur

267 1745 293 1771 et
314 1741 413 1771 dentur
427 1742 458 1772 in
469 1741 580 1781 publico
596 1750 646 1780 per
661 1741 793 1770 maiorem
807 1743 914 1779 partem
935 1739 1012 1778 capi-

268 1790 322 1821 tuli
336 1794 390 1820 tres
405 1794 578 1825 scrutatores,
594 1791 642 1829 qui
654 1790 736 1829 prius
758 1793 816 1819 vota
838 1799 898 1826 sua,
915 1788 1013 1818 deinde

887 221 1029 245 CLEMENS
1056 221 1102 246 ΧΠ
1127 222 1176 246 PP.

1702 216 1743 249 75

1046 281 1112 301 num
1134 272 1300 310 constitutis,
1318 273 1349 303 de
1363 274 1455 312 qratia
1478 273 1592 312 sprciali
1607 274 1787 307 concedimus,

1048 322 1117 359 quod
1134 332 1168 350 em·
1190 322 1281 361 aliquo
1296 323 1450 352 eorumdem
1466 324 1693 353 rmonassertorum
1721 334 1789 351 unus

1046 370 1125 408 prior
1148 370 1188 400 nel
1210 371 1358 400 monachus
1372 395 1379 408 ‚
1404 372 1450 410 qui
1473 376 1596 411 respectu
1617 373 1744 411 priorum
1766 378 1790 401 et

1049 419 1243 449 monachorum
1265 430 1329 449 suae
1349 421 1478 459 propriae
1496 422 1614 450 nationis
1641 419 1793 459 indefini-

1050 471 1120 496 tores
1141 467 1286 497 electorum
1308 468 1415 507 plures,
1435 474 1461 497 ut
1483 480 1567 508 supra
1589 470 1789 508 praemittitur,

1051 526 1126 546 voces
1149 517 1285 550 habuerit,
1307 518 1335 546 in
1351 518 1519 556 definitorem
1537 519 1653 556 ‹prolibet
1668 518 1792 556 generali

1050 565 1171 604 capitulo
1193 565 1328 603 eliqutur,
1350 566 1461 594 etiamsi
1493 568 1521 595 in
1552 577 1611 596 cum
1645 568 1792 606 pauciores

1051 623 1146 652 voces,
1170 624 1251 653 quam
1274 615 1301 643 in
1326 614 1446 652 singulos
1466 615 1575 653 priores
1603 620 1626 643 et
1648 616 1790 644 ‘inonaclzos

1053 664 1173 693 nationis
1197 662 1332 693 Castaliae
1354 664 1388 691 ad
1410 664 1529 702 officium
1550 665 1721 702 praedictum
1742 664 1793 694 ele-

1052 717 1122 747 ctoS,
1146 717 1321 742 concurrant.
1347 712 1383 741 Hi
1405 717 1495 742 autem
1518 717 1618 752 septem
1641 714 1794 751 definitores

1054 763 1101 797 (ut
1120 763 1301 800 praefertur)
1325 761 1405 790 electi
1426 770 1488 789 cum
1508 762 1601 800 priore
1624 760 1653 791 S.
1678 761 1795 790 Bartho-

1053 809 1167 847 lomaei,
1192 811 1239 848 qui
1261 815 1300 839 est
1321 810 1352 839 de
1379 820 1431 848 per
1455 820 1490 843 se,
1515 815 1538 839 et
1558 814 1638 848 paun-
1658 810 1795 847 yvneralis

1053 861 1108 888 und
1132 869 1194 889 cum
1216 860 1296 898 ipsis,
1321 859 1435 888 habeant
1457 860 1482 887 in
1510 860 1622 897 neqotiis
1642 859 1796 898 particula-

1052 909 1129 938 ribus
1152 910 1333 938 omnimodam
1355 914 1379 938 ct
1400 909 1512 948 plenam
1532 913 1689 948 potestatem
1724 909 1797 938 ordi-

1053 959 1149 993 nandi,
1173 959 1333 996 statuendi,
1358 958 1506 996 definiendi
1529 958 1620 987 omnia
1642 962 1666 988 ct
1688 957 1797 995 st'ngyula

1053 1018 1121 1047 quae
1141 1008 1290 1037 secundum
1306 1007 1392 1037 Deum
1416 1012 1440 1036 et
1463 1009 1548 1035 nostri
1573 1006 1686 1037 Ordinis
1708 1006 1797 1035 obser-

1053 1058 1175 1086 vantiam
1200 1056 1314 1086 utiliora
1345 1066 1401 1086 esse
1429 1056 1548 1085 uiderint
1578 1057 1603 1085 in
1634 1056 1723 1084 eodem
1753 1065 1798 1084 ca-

1052 1106 1141 1145 pitulo
1174 1106 1345 1139 ordinanda,
1369 1105 1530 1142 statuenda,
1559 1104 1726 1143 definienda.
1759 1104 1798 1133 Ea

1053 1164 1117 1184 vero
1140 1164 1209 1192 qzuie
1229 1164 1279 1192 per
1301 1164 1343 1183 eos
1375 1153 1414 1182 nel
1440 1154 1569 1183 maiorem
1592 1157 1701 1191 partem
1724 1153 1797 1191 ipso-

1054 1213 1117 1232 rum
1138 1204 1244 1242 fecerint
1267 1203 1404 1240 ordinata,
1421 1206 1522 1232 statuta
1539 1202 1580 1231 cel
1595 1202 1716 1240 delinita,
1739 1203 1798 1230 sinc

1054 1253 1267 1282 contradictione
1289 1252 1384 1290 aliqud
1406 1253 1480 1281 inter
1494 1260 1637 1290 personas,
1655 1260 1721 1289 quus
1739 1255 1799 1279 tun-

1052 1302 1092 1339 git
1116 1302 1267 1340 negotium,
1292 1300 1493 1330 inviolabiliter
1517 1300 1704 1328 observentur.
1728 1298 1800 1329 Nul-

1055 1351 1162 1380 Iatenus
1184 1354 1275 1380 lttmetl
1292 1349 1401 1387 possint
1423 1348 1579 1387 definitores
1608 1348 1706 1386 absque
1735 1357 1799 1377 con-

1054 1408 1134 1429 sensu
1165 1398 1284 1428 eiusdem
1307 1397 1425 1436 capituli
1446 1401 1569 1434 statuta,
1593 1397 1799 1426 constitutiones

1055 1448 1096 1478 vel
1117 1448 1303 1477 ordinationes
1325 1447 1357 1476 de
1380 1456 1444 1476 novo
1466 1448 1567 1485 facere,
1585 1447 1639 1475 sive
1655 1447 1711 1475 iam
1725 1448 1797 1485 facta

1055 1497 1150 1526 tollere
1165 1495 1206 1525 nel
1221 1500 1338 1531 mutare,
1357 1504 1404 1524 nec
1423 1495 1545 1533 aliquam
1567 1495 1797 1534 dispensationem

1052 1550 1218 1586 perpetuam
1233 1549 1328 1574 contra
1345 1544 1503 1573 huiusmodi
1517 1548 1620 1572 statuta
1641 1544 1796 1574 concedere.

1056 1594 1183 1625 Ceterum
1212 1593 1358 1633 praedicta
1389 1593 1565 1631 definitorum
1589 1596 1719 1631 poteslas,
1744 1593 1798 1622 nisi

1054 1646 1084 1673 in
1106 1642 1245 1682 aliquibus
1265 1641 1371 1671 casibus
1398 1641 1514 1670 multam
1543 1641 1638 1670 arduis
1664 1645 1688 1670 et
1715 1642 1798 1670 emisa

1054 1693 1154 1731 magnii
1176 1701 1244 1731 quite
1271 1700 1321 1730 per
1349 1691 1431 1730 prius
1452 1691 1501 1719 toti
1527 1689 1651 1729 generali
1678 1690 1799 1729 capitulo

1054 1742 1095 1772 vel
1116 1742 1204 1781 ipsius
1227 1740 1330 1770 duabus
1351 1739 1478 1779 partibus
1506 1739 1624 1768 nnunnn
1646 1739 1753 1768 evidens
1774 1744 1799 1768 et

1052 1791 1184 1831 perutilis
1196 1790 1334 1828 rideatur,
1348 1789 1505 1818 nullatenus
1515 1790 1600 1828 possit
1613 1788 1673 1818 tolli
1688 1789 1798 1818 eisdem.

1793 226 1842 253 An.
1862 225 1890 252 C.
1914 227 1981 255 1730

268 1838 442 1878 singulorum
464 1839 585 1869 omnium
602 1842 695 1868 votum
724 1838 882 1868 habentium
912 1840 1012 1866 secrete

269 1888 417 1927 recipiant.
452 1886 557 1923 Quibus
589 1888 716 1927 receptis,
750 1891 775 1916 et
796 1888 870 1926 facta
891 1886 964 1916 inter
985 1895 1013 1915 se

270 1936 413 1967 collatione
444 1938 548 1966 secreta
580 1936 664 1966 solius
696 1937 808 1966 numeri
838 1935 1011 1974 eligentium,

1099 1839 1211 1876 Verum⁷
1235 1839 1312 1878 finito
1334 1838 1459 1876 ,qenerali
1481 1837 1702 1877 capitulo‚11ullo
1725 1837 1800 1866 modo
1838 1850 1948 1870 aanorans
1965 1850 1994 1869 [a.

1053 1889 1196 1928 praedictri
1216 1891 1348 1927 potestate
1372 1890 1504 1924 utantur,
1528 1887 1584 1915 nisi
1606 1887 1634 1915 in
1662 1885 1800 1924 aliquibus
1811 1877 1995 1929 ξζ““ξζ[[ῗῇυῗ,ζ“’ζζζ

1055 1938 1162 1968 casibus
1185 1941 1210 1967 et
1231 1937 1314 1967 certis
1336 1936 1429 1965 diebus
1461 1936 1616 1964 immediate
1646 1932 1889 1974 capitulum1‘³¹'¹‘¹¹¹·

268 1994 401 2024 personas
423 1995 527 2024 quoque
548 1985 678 2023 eligentes
706 1984 866 2014 nullatenus
894 1988 1014 2021 tempore

271 2033 364 2073 aliquo
385 2033 560 2068 declarando,
578 2043 650 2062 unns
671 2043 705 2062 ex
727 2033 828 2063 eisdem
851 2033 1015 2062 scrutatori-

272 2082 321 2112 bus
342 2092 433 2113 omnes
454 2082 550 2113 clectos
571 2084 601 2111 in
623 2083 780 2121 definitores
801 2084 894 2111 statim
915 2086 941 2111 et
961 2091 1014 2121 pu-

273 2130 341 2162 blice
356 2133 387 2161 in
400 2131 524 2170 generali
545 2131 667 2171 capitulo
686 2131 808 2170 publicet
831 2141 947 2170 quorum
969 2130 1015 2160 illi

273 2180 328 2210 sint
349 2181 515 2219 definitores,
532 2180 563 2210 in
577 2189 642 2220 quos
655 2180 741 2220 plura
760 2180 921 2219 eligentium
943 2183 1013 2215 vota,

274 2238 329 2258 non
350 2230 432 2259 totius
453 2229 579 2269 capituli,
602 2230 647 2259 sed
667 2233 792 2269 respectu
816 2229 940 2269 partium
963 2230 1015 2258 nii-

275 2285 383 2312 norum,
406 2282 578 2308 concurrent.
599 2278 631 2309 Si
652 2283 742 2308 tamea
764 2279 794 2308 in
816 2287 930 2308 numero
949 2279 1015 2317 pari

276 2325 352 2355 circa
366 2325 472 2364 aliquos
486 2330 546 2356 vota
568 2328 759 2357 concurrerint
774 2327 933 2365 electorum,
950 2330 1016 2356 tunc

276 2372 326 2403 ille
345 2373 472 2412 definitor
493 2375 602 2409 existat,
620 2385 701 2414 quem
721 2380 888 2406 scrutatores
904 2376 959 2415 ipsi
974 2375 1016 2405 vel

276 2421 329 2451 duo
343 2431 437 2451 eorum
451 2422 482 2451 in
496 2423 676 2461 definitorem,
694 2428 833 2463 tamquam
848 2426 936 2463 rriciqis
958 2425 1016 2454 ido-

276 2479 378 2509 neum,
400 2470 601 2501 declaraverint
622 2473 835 2507 assumendum,·
859 2483 942 2512 super
965 2483 1016 2512 quo

275 2520 400 2559 ipsorum
420 2519 613 2550 conscientiam
630 2530 784 2551 oneramus.
802 2521 891 2552 Causa
913 2532 1016 2561 quoque

274 2568 437 2599 rationabili
469 2579 515 2598 nos
547 2573 688 2607 movente,
711 2571 811 2601 nostris
842 2572 1015 2601 monasteriis

274 2617 354 2658 infra
369 2618 498 2650 ditionem
515 2618 683 2651 serenissimi
699 2619 803 2652 domini
818 2621 889 2660 regis
912 2621 1016 2659 Arago-

1056 1988 1146 2027 ipsum
1177 1985 1349 2025 sequentibus
1379 1988 1496 2024 potestas
1522 1984 1616 2023 aliqua
1646 1994 1697 2023 per
1731 1984 1799 2013 idem

1056 2035 1209 2075 capitulum
1231 2035 1332 2064 eisdem
1349 2033 1508 2074 specialiter
1522 2034 1697 2063 concedatur.
1716 2032 1802 2062 Gene-

1056 2084 1111 2114 rali
1133 2094 1238 2123 quoque
1259 2084 1377 2112 durante
1398 2082 1520 2122 capitulo
1534 2106 1541 2119 ‚
1563 2086 1643 2121 puter
1663 2081 1801 2119 qencralis

1056 2133 1219 2173 ampliorem
1239 2135 1398 2172 potestatem
1420 2141 1473 2160 non
1496 2131 1601 2169 babeat,
1619 2140 1701 2169 qutwn
1724 2130 1801 2159 babet

1057 2193 1128 2212 unus
1149 2182 1340 2222 definitorum,
1365 2181 1420 2210 nisi
1448 2181 1478 2209 in
1508 2182 1568 2219 foro
1595 2180 1799 2212 conscientiae,-

1055 2232 1139 2270 possit
1161 2234 1250 2260 tamen
1274 2230 1381 2268 aliquid
1397 2230 1476 2268 quasi
1498 2227 1734 2266 interloquemlum
1758 2227 1800 2256 di-

1057 2289 1117 2310 cere
1139 2280 1167 2309 in
1188 2279 1269 2309 rebus
1291 2278 1414 2315 modieis,
1433 2278 1461 2307 in
1483 2276 1580 2316 quibus
1601 2276 1679 2305 *nulla
1702 2275 1802 2305 videbi-

1057 2333 1103 2358 tur
1125 2328 1270 2358 dubitatio.
1294 2327 1459 2364 Praeterea,
1484 2326 1547 2355 dum
1568 2325 1680 2364 publica
1702 2325 1804 2354 tenebi-

1058 2382 1104 2407 tur
1119 2377 1237 2417 capituli
1251 2375 1389 2415 yeneralis
1405 2375 1557 2411 audientia,
1572 2378 1651 2413 pater
1665 2373 1802 2412 generalis

1057 2430 1083 2456 ct
1111 2426 1287 2464 definitores,
1310 2424 1387 2453 nullo
1419 2424 1473 2453 alio
1504 2424 1578 2453 inter
1611 2432 1654 2452 eos
1682 2423 1800 2455 sedente.

1058 2475 1178 2513 contigui
1210 2474 1340 2507 sedeant,
1364 2473 1499 2501 observato
1532 2473 1604 2501 inter
1632 2482 1675 2501 eos
1708 2472 1803 2501 ordine

1059 2524 1106 2562 qui
1128 2527 1252 2552 servatur
1271 2523 1299 2550 in
1323 2522 1440 2551 sessione
1457 2520 1574 2560 capituli
1587 2520 1736 2559 yeneratis.
1759 2520 1804 2551 Ve-

1061 2582 1121 2600 rum
1144 2571 1278 2610 quidquid
1300 2571 1389 2608 suerit
1408 2579 1459 2608 per
1479 2573 1585 2609 patrem
1607 2569 1762 2608 generalem
1780 2576 1803 2600 et

1060 2621 1213 2660 definitores
1237 2619 1432 2659 ordinandum,
1457 2619 1648 2659 statuendam,
1677 2619 1718 2651 rel
1741 2620 1803 2660 dst-
