2182 3137
83 203 134 231 An.
151 201 181 229 C.
204 200 272 229 ¹⁷30

132 1533 190 1553 Aliae
218 1533 275 1552 elau-

92 1559 159 1580 sulae.

914 195 1055 220 CLEMENS
1080 195 1124 219 ΧΠ
1149 196 1198 219 ΡΡ.

279 259 414 293 rumque
440 248 664 293 superioribus
690 250 720 280 et
743 245 893 290 personis
918 255 954 277 ac
977 246 1019 277 lo-

280 301 324 335 cis
364 302 642 345 quibuscumque,
668 300 699 332 in
741 308 861 342 genere
903 298 951 330 vel
988 297 1018 328 in

280 355 412 398 specie,
438 365 474 388 ac
498 365 569 387 cum
595 352 761 397 quibusvis
798 349 1021 393 derogatoria—

282 418 353 441 rum
369 407 595 451 derogatoriis,
614 406 750 449 aliisque
772 403 1020 444 efficacioribus,

283 460 514 494 efficacissimis
540 464 572 493 et
596 458 733 492 insolitis
766 457 926 498 clausulis,
952 455 1021 488 irri-

283 514 492 557 tantibusque
518 517 548 547 et
572 513 644 546 aliis
670 511 824 551 decretis,
841 510 937 543 etiam
959 509 1021 542 vim

282 573 467 601 contractus
494 573 526 601 et
549 566 658 600 statuti
685 565 833 610 perpetui
854 563 1022 597 continen-

283 621 380 661 tibus,
408 631 444 654 ac
471 621 566 654 etiam
592 624 691 660 motu,
719 618 855 652 scientia
881 623 912 651 et
934 622 1023 660 pote-

282 674 373 706 statis
399 673 602 717 plenitudine
627 671 779 716 paribus,
806 676 836 704 et
870 670 1023 704 consisto-

283 727 420 766 rialiter,
449 737 484 760 ac
509 726 601 766 alias,
621 726 652 758 in
671 724 870 757 contrarium
891 733 1023 756 conces-

283 781 339 822 εἰς,
359 781 567 820 confirmatis,
593 779 781 824 approbatis
798 785 830 812 et
847 778 1022 818 innovatis,

284 835 401 878 quibus
426 833 574 867 omnibus
600 838 632 866 et
656 833 804 876 singulis,
832 831 957 865 etiarnsi
985 831 1023 864 de

284 886 392 920 illis...¹
410 897 593 930 eorumque
611 891 754 924 tenores,
771 896 808 919 ac
825 885 849 918 si
869 885 908 917 de
926 883 1024 917 verbo

284 941 322 973 ad
363 941 496 973 verbum
536 939 618 973 nihil
655 938 787 983 penitus
824 938 960 978 omisso,
994 941 1025 970 et

286 994 389 1027 forma
414 994 446 1026 in
473 993 536 1026 illis
563 993 677 1026 tradita
703 993 891 1032 observata,
918 991 1025 1034 expri-

285 1052 453 1080 merentur
478 1052 510 1079 et
535 1046 769 1085 insererentur,
795 1045 908 1078 iisdem
934 1054 1021 1087 prae-

285 1100 432 1133 sentibus
457 1109 515 1143 pro
551 1100 646 1142 plene
682 1103 712 1131 et
745 1097 942 1130 sufficienter
975 1108 1027 1130 ex-

287 1152 408 1195 pressis
429 1162 464 1185 ac
487 1151 525 1184 ad
550 1151 684 1184 verbum
708 1150 836 1183 insertis
858 1150 1026 1187 babentes,

287 1205 352 1238 illis
376 1205 454 1237 alias
479 1204 510 1236 in
537 1214 595 1237 suo
632 1203 751 1237 robore
787 1203 1024 1246 permansuris,

287 1257 350 1290 liac
376 1257 443 1290 vice
468 1257 657 1297 dumtaxat,
685 1256 871 1300 specialiter
907 1261 939 1289 et
979 1266 1027 1288 ex-

286 1321 399 1354 presse
418 1315 504 1343 motu
525 1309 592 1353 pari
611 1310 824 1352 derogamus;
844 1309 1026 1352 ceterisque

287 1363 459 1397 contrariis
485 1363 763 1407 quibuscumque:
782 1371 852 1394 cum
875 1360 1027 1394 clausulis

287 1417 494 1461 opportunis.

573 1460 651 1494 Fiat
676 1464 764 1493 motu
788 1459 921 1503 proprio
947 1459 980 1491 L.

330 1523 369 1556 Et
392 1534 463 1556 cum
489 1522 695 1556 absolutione
721 1533 738 1555 a
763 1522 906 1555 censuris
929 1521 966 1554 ad
986 1521 1027 1554 es-

287 1577 417 1617 sectum,
444 1581 518 1615 ete.‚
544 1581 576 1608 et
600 1575 686 1619 quod
713 1575 897 1608 obstantiae
931 1574 1025 1607 etiam

285 1628 495 1663 beneficiales
532 1628 822 1667 conclavistarum,
846 1632 878 1660 et
903 1627 941 1660 ab
980 1627 1026 1660 eis

285 1682 478 1725 subrogatae
495 1680 691 1721 huiusmodi,
707 1691 743 1714 ac
764 1680 1026 1724 dispensationes

286 1746 323 1769 ac
347 1736 471 1769 indulta
492 1735 677 1768 habeantur
694 1744 754 1778 pro
773 1734 950 1777 expressis.
969 1744 1025 1767 seu

284 1788 317 1822 in
344 1794 411 1822 toto
443 1789 491 1822 vel
527 1793 617 1832 parte
654 1787 792 1831 exprimi
829 1787 958 1831 possint
994 1787 1026 1820 in

283 1841 413 1882 litteris,
434 1847 465 1875 et
489 1841 521 1874 in
548 1841 679 1874 casibus
704 1841 836 1883 regulae
863 1841 903 1873 de
930 1841 1028 1874 insor-

285 1895 504 1935 descentibus,
531 1904 602 1927 cum
629 1895 815 1938 opportuna
839 1893 926 1926 illius
951 1904 1027 1927 nee-

285 1958 352 1982 non
377 1948 508 1981 alterius
538 1948 671 1991 regulae
709 1947 748 1980 de
789 1957 854 1980 non
881 1948 1026 1981 tollendo

285 2000 355 2034 iure
391 2001 539 2045 quaesito
576 2000 789 2044 derogatione
823 2006 856 2034 et
881 2011 1027 2044 quarum-

286 2065 423 2098 cumque
437 2055 574 2088 aliarum
591 2054 858 2088 constitutionum
877 2056 1027 2098 apostoli-

287 2117 408 2148 carum,
423 2113 454 2141 et
471 2108 684 2142 conciliorum
700 2107 798 2141 etiam
812 2108 1026 2151 generalium,

287 2166 319 2194 ct
334 2167 525 2194 statutorum
539 2167 570 2195 et
584 2162 889 2201 stabilimentorum,
902 2172 1027 2201 usuum,

286 2218 482 2254 naturarum,
509 2214 777 2247 constitutionum
810 2215 1026 2258 synodalium,

287 2271 479 2300 statutorum
506 2272 537 2300 et
560 2267 806 2310 privilegiorum
832 2266 946 2311 Populi
966 2268 1029 2302 Ro-

287 2319 399 2359 mani,
436 2325 467 2353 et
498 2319 717 2354 Cluniacensis
738 2347 744 2361 ,
779 2320 1025 2360 Cisterciensis,

288 2370 320 2404 S.
349 2371 535 2413 Benedicti,
571 2373 602 2406 S.
630 2373 800 2416 Augustini
827 2379 858 2407 et
890 2375 1025 2408 aliorum

290 2423 447 2457 Ordinum
465 2429 496 2458 et
513 2425 711 2467 militiarum,
730 2426 825 2460 etiam
846 2426 878 2460 S.
898 2426 1028 2460 Ioannis

290 2476 575 2521 llierosolymitani
589 2505 595 2518 ,
610 2483 642 2511 et
660 2479 806 2513 ecclesiis
823 2484 854 2513 et
872 2485 1028 2514 monaste-

291 2529 367 2570 riis,
394 2529 575 2563 civitatibus
601 2536 631 2564 et
656 2532 734 2566 locis
761 2538 792 2565 et
824 2533 971 2576 personis
997 2539 1028 2567 et

328 2594 338 2620 1
357 2592 429 2624 Quae
445 2592 543 2621 desunt
559 2593 654 2629 supple
670 2601 701 2622 ex
715 2601 774 2630 seq.
791 2602 854 2631 pag.
875 2595 907 2624 37
927 2596 966 2631 (a.
978 2596 1026 2632 r).

1721 186 1761 219 ⁶27
1811 195 1860 221 An⁴
1881 194 1908 221 Γ..
1932 194 2001 222 1730

1062 245 1216 277 dominiis
1245 246 1490 288 temporalibus,
1518 245 1576 278 sub
1596 244 1805 288 quibuscum·

1063 308 1124 340 que
1151 297 1326 330 verborum
1353 299 1473 337 formis,
1494 304 1615 331 etcum
1638 297 1804 340 quibusvis

1064 350 1323 389 efficacioribus,
1352 351 1583 383 efficacissimis
1610 356 1642 383 et
1665 351 1804 383 insolitis

1064 403 1215 435 clausulis
1241 409 1272 436 et
1297 403 1453 444 decretis,
1480 404 1575 437 etiam
1601 404 1806 436 consistoria-

1064 456 1169 496 libus,
1194 457 1290 489 etiam
1316 463 1427 490 contra
1453 457 1652 500 alienigenas
1678 462 1708 489 et
1729 457 1806 489 alias

1064 520 1220 553 personas
1246 510 1341 543 certis
1367 511 1471 543 modis
1498 521 1559 543 non
1590 510 1806 553 qualificatus,

1064 569 1118 596 aut
1144 563 1223 596 alias
1243 563 1493 607 quomodolibet
1511 562 1706 603 coneessis⁴·,
1731 573 1808 606 quo-

1065 626 1134 649 rum
1157 621 1286 649 tenores
1308 615 1538 659 praesentibus
1558 626 1616 659 pro
1630 616 1726 658 plene
1748 616 1807 647 sus-

1066 669 1213 703 sicienter
1237 674 1269 702 et
1294 669 1475 709 latissime,
1501 679 1537 701 ac
1570 669 1608 701 de
1633 668 1732 701 verbo
1770 669 1807 701 ad

1066 723 1216 762 verbum,
1243 727 1342 766 prout
1366 722 1442 766 ipsis
1467 721 1674 754 conclavistis
1707 720 1809 763 magis

1067 775 1249 819 placuerit,
1275 774 1413 818 exprimi
1440 775 1590 818 possint,
1616 774 1712 806 etiam
1738 785 1807 806 eum

1067 828 1278 872 suspensione
1316 838 1592 872 (piat-uincumque
1619 827 1806 869 gratiarum,

1068 882 1269 914 indultorum
1289 881 1456 925 quibusvis
1475 881 1651 914 ordinariis
1674 881 1810 913 collato-

1068 936 1155 968 ribus
1177 935 1368 969 conserendi
1394 934 1553 967 beneficia
1578 933 1808 973 ecclesiastica,

1069 989 1163 1022 etiam
1189 994 1358 1027 reservata,
1386 988 1424 1020 ad
1450 998 1563 1021 eorum
1589 987 1810 1024 collationem,

1069 1049 1138 1084 ete.‚
1156 1043 1368 1087 pertinentia,
1385 1042 1464 1076 etin
1479 1042 1627 1075 omnibus
1645 1047 1695 1074 aut
1715 1041 1811 1074 certis

1070 1096 1230 1140 expressis
1256 1096 1373 1137 causis,
1402 1095 1653 1139 quomodolibet
1679 1105 1812 1128 conces-

1070 1150 1121 1190 sis,
1149 1149 1303 1183 latissime
1339 1148 1560 1188 extendendis,
1599 1149 1678 1181 itaut
1703 1147 1809 1181 omniu

1069 1204 1247 1237 tollantur:
1276 1208 1304 1236 et
1332 1203 1419 1246 quod
1446 1203 1514 1235 sola
1539 1202 1718 1245 praesentis
1745 1213 1812 1235 ino-

1071 1262 1121 1289 tus
1147 1256 1271 1300 proprii
1299 1256 1400 1288 nostri
1427 1255 1591 1298 signatura
1617 1255 1762 1294 sufficiat,
1782 1261 1810 1287 ct

1070 1311 1191 1354 ubique
1218 1310 1313 1343 fidem
1340 1309 1434 1342 saciat
1459 1309 1489 1341 in
1517 1308 1637 1342 iudicio
1657 1314 1688 1341 et
1709 1313 1810 1346 extra,

1070 1365 1181 1407 regula
1216 1373 1421 1407 quacumque
1458 1362 1618 1396 contraria
1651 1373 1714 1395 non
1748 1362 1808 1395 ob-

1069 1422 1190 1450 stante:
1218 1422 1249 1449 et
1274 1416 1360 1459 quod
1386 1415 1640 1459 praemissorum
1667 1415 1810 1448 omnium

1070 1476 1102 1504 et
1127 1470 1333 1513 singulorum
1370 1469 1567 1502 indultorum
1584 1496 1591 1509 ,
1618 1469 1809 1502 concessio-

1070 1534 1157 1563 num,
1178 1524 1353 1566 gratiarum
1380 1527 1411 1555 et
1436 1522 1683 1565 derogationum
1709 1523 1813 1555 maior

1071 1582 1102 1610 et
1127 1577 1232 1610 verior
1258 1575 1457 1619 specificatio
1492 1581 1523 1608 et
1548 1576 1711 1618 expressio
1742 1575 1810 1608 lieri

1071 1629 1175 1673 possit
1199 1629 1231 1662 in
1258 1628 1388 1668 litteris,
1409 1628 1433 1661 si
1453 1628 1625 1668 videbitur,
1644 1628 1676 1661 in
1695 1628 1812 1672 quibus

1070 1683 1275 1725 singulorum
1313 1681 1581 1715 conclavistartun
1619 1681 1750 1715 nomina
1782 1687 1813 1714 et

1070 1734 1276 1777 cognomina,
1303 1734 1485 1778 qualitates,
1511 1734 1654 1775 ordines,
1681 1735 1811 1778 gradus,

1070 1787 1251 1828 dioecesis,
1278 1787 1423 1831 patriae,
1452 1792 1482 1821 et
1512 1793 1620 1821 cetera
1657 1788 1813 1832 requisita

1071 1841 1207 1885 exprimi
1235 1847 1266 1874 et
1291 1841 1454 1882 describi,
1481 1851 1536 1874 seu
1566 1852 1626 1885 pro
1652 1841 1811 1885 expressis

1070 1899 1101 1927 et
1126 1893 1297 1937 descriptis
1329 1894 1442 1927 haberi
1477 1894 1600 1937 possint
1625 1894 1734 1936 (inter
1758 1905 1814 1928 eos
1853 1904 2009 1935 camisiam.

1070 1947 1203 1981 sacrista
1232 1952 1263 1980 et
1287 1947 1429 1990 magistri
1457 1948 1738 1981 caeremoniarum
1764 1933 2009 1980 ca-li'sl'ssl'ff‘liv,22¹2&

1070 2002 1176 2044 pellae
1203 2006 1348 2040 nostrae,
1376 2011 1503 2034 necnon
1529 2002 1726 2034 secretarius
1752 1989 2010 2043 col-filfi'ft‘i-zass'a'tffili

1070 2055 1147 2097 legii
1174 2054 1365 2088 eorumdem
1391 2055 1627 2095 cardinalium,
1655 2060 1686 2089 et
1711 2056 1812 2088 ceteri
1825 2045 1914 2087 13:335?ss
1925 2041 2009 2086 3⁶5¹*

1070 2108 1123 2141 alii
1151 2108 1182 2140 in
1210 2109 1322 2142 notula
1346 2118 1405 2151 per
1431 2108 1518 2152 ipsos
1543 2109 1717 2151 magistros
1744 2120 1814 2143 eae—

1071 2160 1290 2194 remoniarum
1319 2161 1398 2194 facta
1424 2166 1456 2194 et
1481 2161 1644 2205 descripta
1670 2162 1812 2195 adnotati

1071 2220 1102 2247 et
1132 2215 1311 2259 descripti,
1344 2215 1368 2248 si
1406 2215 1484 2248 alias
1517 2215 1555 2248 ad
1582 2215 1756 2258 pensiones
1783 2222 1815 2248 et

1069 2267 1229 2300 beneficia
1256 2268 1442 2301 huiusmodi
1470 2268 1595 2301 habiles
1622 2273 1653 2300 et
1678 2278 1813 2311 capaces

1072 2321 1213 2361 suerint,
1248 2321 1573 2364 comprehendantur
1599 2326 1630 2354 et
1656 2321 1815 2354 adnoten-

1072 2374 1135 2417 tur)
1155 2374 1251 2407 simul
1279 2375 1327 2407 vel
1353 2374 1392 2407 ad
1414 2379 1552 2417 partem,
1576 2374 1672 2407 etiam
1695 2374 1724 2406 in
1751 2377 1814 2407 una

1071 2436 1137 2459 non
1169 2427 1247 2460 sacta
1281 2426 1447 2460 mentione
1485 2427 1524 2460 de
1551 2427 1611 2460 alia
1636 2428 1685 2460 vel
1719 2427 1812 2468 aliis,

1069 2486 1165 2524 prout
1190 2480 1364 2519 videbitur,
1392 2480 1619 2523 expediendis.

1115 2534 1129 2577 ἓ
1146 2533 1199 2566 16.
1221 2533 1374 2566 Volumus
1391 2538 1510 2574 autem,
1525 2535 1611 2578 quod
1627 2535 1810 2568 litterarum
1860 2542 2009 2568 '¹'=‘-·11<·¹=··1·¹2=-

1825 2574 1870 2589 tltui
1885 2570 1945 2591 untes.

1107 2597 1116 2623 l
1140 2596 1242 2624 Forsan
1263 2595 1409 2631 legendum
1428 2604 1628 2626 concessorum
1648 2598 1687 2633 (a.
1710 2599 1758 2634 r.).
