2182 3137
62 165 117 191 An.
137 161 166 189 C.
183 161 252 188 1730

259 208 334 238 ctive
366 206 522 237 cuiuslibet
554 205 749 240 monasterii,
774 204 819 233 bis
853 204 882 233 in
912 203 1006 242 quoli-

258 257 308 286 bet
330 265 406 286 anno
424 256 540 294 legatur
558 263 656 284 coram
675 252 811 282 omnibus
834 251 1003 281 monachis:

259 315 364 344 nempe
387 305 462 334 infra
485 308 601 334 octavas
623 301 733 333 Natalis
756 305 784 330 et
807 300 1007 330 Resurrectio-

257 356 304 384 nis
326 353 452 384 Domini.

122 431 247 462 uniusmodi
304 423 319 465 g
341 421 372 454 ΞΣ.
401 421 477 453 Cum
503 424 623 458 antem,
649 419 733 451 sieut
758 418 872 451 eadem
906 426 1006 459 expo-

64 460 239 508 cssssiiffi3¹1¹1¹31²lff⁵
259 475 336 508 sitio
373 473 612 515 subiungebat,
649 471 855 514 supradictus
892 470 1006 502 Petrus

259 528 462 572 praemissa,
500 536 564 568 quo
599 524 722 557 firmius
753 524 933 557 subsistant
969 534 1006 555 ac

259 585 431 614 serventur
463 578 630 618 exactius,
659 577 865 620 apostolicae
891 576 1007 609 contir-

259 633 413 666 mationis
438 637 571 665 nostrae
597 630 785 674 patrocinio
807 628 1005 662 communiri

259 687 438 730 plurimum
465 685 648 718 desideret:
676 694 752 721 nos,
779 682 926 715 eiusdem
952 681 1008 713 Pe-

260 740 300 772 tri
326 739 409 772 votis
436 739 496 771 liac
522 738 555 770 in
580 748 615 771 re
632 765 639 777 ,
664 742 823 780 quantum
849 746 920 768 eum
946 735 1007 767 Do-

259 793 349 827 mino
374 802 549 836 possumus
566 819 573 832 ‚
611 790 836 823 favorabiliter
861 798 1006 821 annuere

260 848 433 886 volentes,
469 854 611 887 eumque
638 854 654 876 a
681 842 849 886 quibusvis
877 852 1007 874 excom-

260 898 502 937 municationiS,
524 897 756 940 suspensionis
777 901 809 928 et
828 894 1006 936 interdicti,

261 953 399 996 aliisque
428 951 661 984 ecclesiasticis
687 950 870 989 sententiis,
890 960 1007 982 censu-

260 1007 305 1039 ris
333 1011 365 1038 et
389 1004 528 1048 poenis,
557 1015 574 1037 a
600 1004 670 1036 iure
696 1005 745 1036 vel
783 1003 822 1036 ab
860 1003 1005 1041 bomine,

262 1059 374 1102 quavis
401 1058 576 1091 occasione
603 1059 653 1090 vel
675 1059 772 1090 eausa
793 1056 874 1096 latis,
898 1056 924 1088 si
944 1056 1007 1099 qui-

260 1113 321 1145 bus
346 1111 598 1154 quomodolibet
623 1111 798 1143 innodatus
824 1109 941 1148 existit,
968 1109 1007 1141 ad

262 1165 411 1199 ell'ectum
437 1164 661 1208 praesentium
688 1164 854 1196 dumtaxat
891 1172 1009 1194 conse‘

262 1219 447 1263 quendum,
475 1219 591 1250 harum
623 1217 705 1250 serie
732 1217 940 1249 absolventes
978 1220 1009 1248 et

262 1274 448 1306 absolutum
475 1273 543 1304 fore
576 1277 766 1310 censentes,
793 1269 1010 1313 supplicatio-

262 1327 357 1360 nibus
382 1326 486 1369 ipsius
512 1325 596 1358 Petri
624 1325 759 1357 nomine
786 1323 881 1356 nobis
910 1332 1010 1365 super

261 1381 326 1413 hoc
353 1379 522 1412 humiliter
559 1378 723 1421 porrectis
758 1376 928 1414 inclinati,
969 1375 1009 1406 de

262 1438 517 1466 memoratorum
554 1431 771 1464 cardinalium
804 1429 948 1472 negotiis
977 1434 1010 1461 et

263 1486 561 1520 consultationibus
588 1485 818 1528 episcoporum
854 1489 885 1515 et
915 1494 1009 1525 regu-

262 1540 380 1573 larium
406 1539 694 1582 praepositorum,
722 1538 777 1580 qui
811 1537 1009 1569 relationem

263 1593 410 1626 eiusdem
435 1592 594 1624 Vincentii
621 1590 808 1629 cardinalis,
829 1601 846 1622 a
865 1589 1009 1631 Congre—

262 1647 394 1689 gatione
420 1645 582 1678 dictorum
619 1644 834 1676 cardinalium
871 1643 910 1674 ad
946 1643 1009 1674 lioe

262 1700 431 1743 negotium
467 1697 721 1731 examinandum
747 1703 780 1729 et
806 1707 888 1739 opus
922 1696 1009 1728 eius-

263 1754 350 1786 modi
378 1752 640 1795 compilandum,
668 1756 703 1783 ut
728 1751 924 1794 praefertur,
954 1750 1008 1781 de—

262 1807 379 1850 putati,
408 1806 468 1839 sibi
488 1807 604 1838 saetam
623 1805 825 1843 audiverunt,
853 1803 1005 1842 consilio,

263 1860 515 1893 constitutiones
530 1870 566 1891 ac
582 1860 672 1901 leges
689 1858 920 1901 praeinsertas‚
936 1868 1007 1889 cum

262 1913 394 1946 illorum
421 1913 577 1955 prologo,
604 1917 636 1943 et
663 1912 694 1943 in
722 1911 768 1943 eis
795 1910 952 1953 disposita
978 1916 1009 1942 et

263 1971 417 1999 contenta
443 1975 682 2008 quaecumque,
710 1964 905 1996 auctoritate
932 1975 1009 2006 apo-

263 2019 389 2057 stolica,
416 2024 531 2051 tenore
558 2018 781 2061 praesentium
799 2044 806 2057 ,
836 2017 1010 2049 confirma-

262 2083 334 2104 mus
353 2077 383 2104 et
404 2072 639 2114 approbamus,
661 2071 792 2113 illisque
812 2069 1010 2102 inviolabilis

263 2125 465 2169 apostolicae
497 2124 660 2156 firmitatis
690 2125 791 2156 robur
820 2123 1010 2163 adnuimus,

265 2190 301 2212 ac
319 2189 434 2212 omnes
453 2185 485 2211 et
501 2178 652 2220 singulos
680 2177 760 2209 iuris
779 2183 811 2210 et
829 2177 903 2209 sacti
923 2177 1012 2209 dese-

266 2237 347 2272 ctus,
380 2232 406 2263 si
433 2231 488 2275 qui
515 2232 659 2274 desuper
684 2231 938 2274 quomodolibet
963 2230 1013 2263 in-

268 2285 489 2325 tervenerint,
516 2286 720 2327 supplemus.

113 2348 257 2395 eaplauioqpe
313 2340 328 2382 ᾗ
352 2339 384 2371 3.
412 2338 563 2371 Ceterum
588 2338 733 2381 capitulo
760 2338 903 2380 generali
932 2338 1014 2370 eius-

72 2380 344 2449 }§ffiffigiiffiffissdeni
370 2391 514 2431 Ordinis,
535 2402 575 2423 ne
594 2392 846 2424 constitutiones
865 2402 901 2424 ac
922 2393 1012 2433 leges

73 2456 116 2476 mr.
270 2457 342 2479 cum
368 2455 479 2477 earum
505 2446 657 2487 prologo,
678 2445 780 2477 aliave
799 2445 830 2476 in
850 2445 1013 2477 eiusmodi

271 2499 506 2542 compilatione
548 2498 704 2540 disposita
743 2499 794 2531 vel
835 2504 1012 2538 contenta,

271 2559 418 2593 mutare,
445 2554 606 2591 alterare,
634 2551 822 2594 corrigere,
848 2552 934 2585 eisve
960 2552 1015 2585 dc-

903 155 1045 179 CLEMENS
1070 156 1112 178 ΧΠ
1138 157 1186 179 ΡΡ.

1691 145 1757 178 135
1802 153 1857 181 An.
1878 153 1996 182 C.t·130

1048 214 1168 246 rogare
1205 205 1311 237 valeat
1343 214 1401 236 seu
1434 207 1647 246 praesumat,
1675 203 1792 234 harum

1049 257 1134 289 serie
1160 257 1402 298 interdicimus,
1436 257 1666 300 permittentes
1699 256 1792 288 dum-

1051 314 1144 348 taxat,
1173 309 1271 352 quod,
1290 309 1315 341 si
1338 315 1369 342 et
1393 310 1525 353 quando
1552 320 1588 342 ex
1607 319 1666 341 usu
1689 313 1720 341 et
1738 308 1793 340 ob-

1049 362 1212 393 servantia
1237 362 1482 404 comperiantur
1506 361 1613 405 aliqua
1639 372 1674 394 ex
1695 371 1792 404 prae-

1049 414 1157 447 missis
1182 414 1215 446 in
1241 415 1364 457 praxim
1389 415 1494 448 minus
1517 414 1736 448 conducibilia
1753 413 1795 447 ad

1049 467 1173 500 bonum
1199 473 1317 500 statum
1344 468 1421 501 dicti
1446 468 1588 508 Ordinis,
1614 469 1665 501 vel
1691 467 1797 500 resor-

1050 521 1193 554 matione
1225 521 1373 563 indigere
1390 548 1398 561 ,
1427 528 1501 553 tunc
1527 521 1603 554 illa¹
1629 522 1662 553 in
1695 521 1792 554 tertio

1050 574 1195 617 capitulo
1217 574 1362 616 generali
1381 574 1457 606 dieti
1478 575 1616 614 Ordinis,
1636 575 1702 607 suis
1720 575 1795 607 loco

1051 633 1084 659 et
1119 633 1267 670 tempore
1293 627 1493 660 celebrando
1510 655 1517 667 ,
1544 633 1794 670 proponantur,

1051 686 1160 724 atque,
1180 691 1254 714 cum
1276 686 1349 713 voto
1376 680 1478 723 ipsius
1504 680 1638 723 capituli
1659 691 1795 723 genera-

1051 735 1099 775 lis,
1127 735 1245 767 iterum
1271 735 1458 768 reserantur
1475 734 1506 766 in
1526 734 1690 777 praedicta
1715 734 1794 767 Con-

1051 788 1242 831 gregatione
1269 787 1484 820 cardinalium
1510 797 1571 830 pro
1608 788 1796 830 opportuna

1051 841 1238 886 provisione
1265 841 1461 881 obtinenda,
1489 841 1539 872 sin
1565 846 1671 873 autem
1708 841 1799 873 nulla

1052 896 1084 928 in
1111 896 1198 928 dicto
1227 895 1321 928 tertio
1358 894 1502 938 capitulo
1539 894 1685 936 generali
1712 894 1796 926 saeta

1052 950 1149 982 suerit
1173 949 1360 992 propositio
1387 948 1588 988 huiusmodi,
1620 948 1677 981 illa
1704 947 1799 981 dein-

1052 1014 1129 1046 ceps
1156 1003 1250 1035 nullo
1276 1003 1374 1035 modo
1400 1001 1471 1035 fieri
1501 1002 1625 1044 possit;
1654 1012 1690 1034 ac
1714 1002 1798 1035 inte-

1051 1057 1123 1097 rim,
1138 1063 1167 1090 et
1184 1057 1289 1089 donec
1304 1056 1344 1089 ab
1361 1057 1433 1099 ipsa
1450 1055 1712 1099 Congregatione
1731 1065 1800 1088 car-

1053 1111 1209 1143 dinalium
1236 1110 1333 1143 fuerit
1358 1110 1453 1142 aliter
1471 1110 1658 1152 provisum,
1687 1108 1798 1141 omnia

1053 1172 1084 1197 et
1109 1165 1238 1207 singula
1258 1164 1290 1196 in
1310 1164 1372 1196 hac
1390 1163 1623 1206 compilatione
1644 1167 1801 1195 contenta

1053 1218 1188 1251 omnino
1214 1223 1246 1250 et
1274 1217 1469 1250 adamussim
1495 1222 1680 1249 serventur.

1098 1272 1112 1314 ἓ
1138 1271 1169 1304 lt.
1190 1271 1421 1309 Decernentes,
1448 1270 1579 1303 easdem
1605 1276 1799 1313 praesentes
1863 1279 1997 1308 tammam

1054 1325 1178 1357 litteras
1204 1334 1334 1366 semper
1359 1323 1478 1363 firmas,
1500 1323 1622 1356 validas
1641 1328 1673 1356 et
1694 1323 1800 1356 effica—
1810 1308 2001 1353 ffiffignnumva-

1054 1389 1106 1411 ces
1132 1378 1274 1410 existere
1299 1382 1331 1410 et
1357 1378 1437 1417 sore,
1463 1387 1604 1419 suosque
1631 1376 1801 1419 plenarios

1056 1437 1088 1465 ct
1112 1432 1258 1474 integros
1285 1430 1417 1464 effectus
1443 1430 1555 1463 sortiri
1580 1435 1610 1462 et
1635 1429 1799 1469 obtinere,

1055 1496 1091 1518 ac
1116 1485 1190 1524 illis,
1218 1485 1258 1517 ad
1283 1495 1365 1527 qnos
1380 1489 1506 1528 spectat
1524 1489 1555 1516 et
1572 1494 1630 1526 pro
1651 1489 1800 1526 tempore

1055 1539 1329 1581 quandocumque
1341 1537 1513 1580 spectabit,
1530 1537 1719 1580 plenissime
1735 1538 1799 1570 suf-

1054 1592 1191 1633 fragari,
1217 1591 1329 1634 sicque
1355 1591 1388 1623 in
1413 1590 1600 1634 praemissis
1620 1601 1680 1634 per
1698 1601 1796 1632 quos—

1054 1655 1193 1687 cumque
1215 1644 1339 1677 iudices
1358 1644 1544 1676 ordinarios
1564 1649 1594 1676 et
1619 1644 1799 1686 delegatos,

1054 1697 1151 1730 etiam
1170 1708 1341 1730 causarum
1360 1697 1472 1740 palatii
1488 1696 1659 1740 apostolici
1675 1697 1799 1729 andito-

1054 1762 1117 1791 res,
1136 1762 1173 1784 ac
1187 1751 1279 1784 Sedis
1297 1750 1501 1794 Apostolicae
1520 1750 1662 1790 nuntios,
1680 1751 1802 1783 aliosve

1054 1805 1220 1848 quoslibet
1252 1814 1456 1847 quacumque
1487 1803 1748 1846 praeeminentia
1773 1810 1805 1836 et

1053 1864 1214 1901 potestate
1234 1858 1410 1900 fungentes
1428 1863 1460 1889 et
1478 1858 1656 1897 suncturOS,
1676 1858 1805 1890 sublata

1055 1913 1100 1944 eis
1126 1918 1157 1944 et
1183 1922 1297 1944 eorum
1323 1911 1458 1943 cuilibet
1489 1911 1601 1953 quavis
1631 1911 1726 1943 aliter
1757 1911 1805 1943 iu-

1054 1965 1184 1998 dicandi
1211 1970 1244 1997 et
1268 1964 1508 2007 interpretandi
1530 1965 1682 1997 facultate
1701 1969 1732 1996 et
1748 1975 1805 1996 au-

1055 2019 1217 2059 ctoritate,
1246 2017 1380 2051 iudicari
1408 2023 1439 2050 et
1465 2016 1593 2050 deliniri
1612 2018 1747 2057 debere,
1767 2030 1803 2051 ac

1056 2072 1183 2104 irritum
1211 2077 1242 2104 et
1268 2072 1364 2104 inane
1400 2071 1424 2103 si
1458 2081 1550 2103 secus
1582 2082 1680 2114 super
1706 2071 1757 2103 his
1783 2082 1802 2103 a

1056 2136 1231 2169 quoquam,
1261 2126 1374 2168 quavis
1410 2124 1617 2165 auctoritate,
1656 2125 1803 2157 scienter

1056 2180 1107 2212 vel
1134 2179 1333 2221 ignoranter,
1351 2178 1527 2220 contigerit
1546 2177 1710 2210 attentari.

1103 2232 1174 2275 3¹5.
1209 2231 1369 2269 Quocirca
1405 2230 1586 2263 venerabili
1624 2229 1714 2263 sratri
1752 2234 1996 2282 ³¹¹⁹·022ss1flstlssg'pm

1057 2285 1270 2328 cliiepiseopo
1303 2284 1461 2317 Toletano
1494 2289 1525 2316 et
1562 2283 1691 2315 dilectis
1727 2283 1802 2315 filiis
1941 2276 1948 2281 ⁵

1058 2348 1230 2372 causarum
1261 2337 1370 2370 curiae
1406 2337 1557 2370 Gamerae
1594 2336 1804 2379 Apostolicae

1058 2392 1198 2425 auditori
1236 2390 1382 2433 generali
1415 2395 1445 2421 et
1476 2389 1686 2431 Apostolicae
1711 2389 1804 2421 Sedis

1057 2445 1246 2489 praedictae
1272 2443 1304 2475 in
1330 2443 1440 2484 regnis
1466 2442 1697 2484 Hispaniarum
1722 2453 1804 2475 nun—

1058 2499 1114 2538 tio,
1141 2507 1270 2530 necnon
1296 2495 1426 2528 officiali
1453 2494 1600 2527 eiusdem
1635 2495 1803 2538 arehiepi-

1096 2562 1105 2585 1
1125 2559 1191 2585 Male
1208 2558 1272 2585 edit.
1288 2557 1367 2583 Main.
1385 2556 1450 2591 legit
1465 2557 1515 2584 itte
1531 2565 1580 2592 pro
1596 2557 1650 2584 illa
1665 2560 1703 2591 (n.
1720 2561 1770 2585 τ.).
