2182 3137
182 134 230 156 An.
255 133 282 155 (ἱ.
307 129 352 155 Ιῗὶῗ

240 1140 362 1159 tiunttnuari

356 130 372 156 o
419 120 459 152 fr]
949 126 1128 151 natantem

372 178 438 220 ipsa
463 178 492 209 in
526 177 673 209 otnnibus
706 175 869 214 ecclesiis,
897 186 932 207 at:
965 175 1043 207 locis
1077 174 1130 205 0t³

372 229 525 272 operibus
543 229 603 272 piis
623 228 798 271 praedictis
819 227 961 260 nondum
983 227 1021 258 sit
1040 237 1108 269 per—

372 288 460 322 aeta,
488 282 543 313 sed
579 282 678 314 multa
706 281 836 322 negotia
873 291 941 313 eam
976 284 1131 320 cancer-t

372 334 479 367 nentia
506 335 612 366 adbuc
639 334 805 376 pendeant
830 332 995 366 indecisa:

414 388 428 429 g
461 386 491 418 9.,
520 386 599 419 llinc
636 392 684 419 est
720 386 807 429 quod
838 396 917 425 nos,
953 384 1106 429 pastorali

179 431 311 473 i','''.'⁴''¹'²¹'
333 433 477 471 ''¹‘studio
515 438 757 472 considerantes
794 444 997 482 quantopere
1037 437 1132 472 visi-L

373 493 450 525 tatio
478 492 665 524 huiusmodi
691 492 778 524 utilis
805 497 835 524 ct
861 491 1044 524 neccssaria
1069 491 1109 523 sit

373 555 435 578 non
474 545 570 577 modo
606 545 643 577 ad
685 545 844 578 tollendos
878 543 1015 584 abusus,
1053 544 1106 577 sed

373 599 468 632 etiam
501 598 537 630 ad
572 597 852 641 praecavendum,
883 608 922 630 ne
955 597 1109 640 deinceps

374 651 644 691 introducantur,
678 649 929 694 quantumque¹
961 650 1037 683 boni
1073 661 1108 683 ex

375 706 427 737 itta
445 705 603 736 hactenus
621 703 816 746 provenerit,
835 708 876 743 et,
895 703 1110 736 benedicente

374 757 529 796 Domino,
555 762 788 800 proventurum
826 756 869 789 sit
906 756 931 789 si
972 756 1110 790 visitatio

374 812 441 855 ipsa
477 811 684 844 continuetur
720 815 751 843 et
788 809 992 851 absolvatur,
1020 811 1111 843 acin

373 867 418 906 ea,
444 874 525 907 quae
550 863 589 896 ad
616 863 670 896 Dei
689 864 812 896 cultum
838 869 870 896 et
894 863 1032 906 gloriam
1050 863 1113 896 ani-

374 926 565 959 marumque
597 916 731 949 salutem
765 921 948 959 opportuna
980 921 1011 949 et
1036 926 1113 949 con-

375 968 529 1001 ducibilia
565 974 661 1004 sunt,
693 968 776 1001 sicut
807 969 962 1001 hactenns
995 969 1113 1002 sactum

375 1028 434 1062 est,
462 1022 679 1064 imposterum
716 1032 848 1065 quoqne
884 1021 937 1065 pie
969 1022 1115 1065 pruden-

375 1080 488 1117 terque
514 1078 713 1106 statuantur:

419 1128 433 1170 ἓ
458 1127 487 1160 3.
512 1127 598 1160 Motu
617 1127 751 1170 proprio
770 1131 801 1160 et
819 1137 855 1160 ex
875 1128 962 1160 certa
979 1126 1116 1161 scientia

376 1185 406 1212 et
441 1181 529 1212 mera
565 1179 803 1213 deliberatione
841 1179 983 1220 nostris,
1009 1180 1114 1224 deque

375 1232 570 1276 apostolicae
603 1232 772 1276 potestatis
805 1233 1026 1276 plenitudine,
1052 1245 1116 1268 me-

375 1292 532 1320 moratam
559 1287 777 1320 visitationem
803 1287 986 1320 continuari
1006 1293 1038 1321 et
1063 1289 1117 1321 ab·

375 1341 471 1383 solvi,
497 1350 674 1384 causasque
701 1340 863 1374 indecisas
885 1341 917 1373 in
936 1341 1117 1385 Congrega-

375 1393 461 1427 tione
487 1393 654 1436 praedicta
679 1393 872 1436 pendentes,
892 1400 991 1437 prout
1008 1394 1116 1438 aequi-

376 1447 448 1480 tatis
474 1452 569 1490 atque
595 1446 735 1479 iustitiae
762 1447 845 1480 ratio
872 1447 1027 1488 suaserit,
1054 1453 1117 1481 ter-

376 1500 513 1540 minari3
537 1499 738 1532 visitationes
756 1500 1000 1543 particularium
1020 1501 1116 1534 eccle·

376 1553 497 1586 siarum
522 1563 558 1586 ac
582 1553 729 1585 locorum
756 1558 787 1586 et
812 1563 950 1596 operum
989 1555 1116 1597 piorum

377 1606 440 1639 iam
465 1605 636 1638 inchoatas
668 1605 813 1645 absolvi,
847 1615 974 1639 necnon
1008 1606 1114 1639 eccle-

378 1659 441 1691 sias
466 1668 501 1691 ac
523 1659 594 1691 loca
619 1663 649 1690 et
674 1668 774 1701 opera
791 1658 845 1702 pia
864 1663 926 1691 tam
947 1658 1116 1702 bucusque

378 1712 513 1752 visitata,
539 1721 621 1754 quae
654 1711 802 1744 iteratam
828 1710 1044 1744 visitationem
1071 1722 1117 1745 cx-

378 1775 515 1808 poscere
547 1764 759 1805 videbuntur,
786 1775 882 1808 quam
907 1765 1053 1798 nondum
1079 1765 1119 1798 vi-

378 1818 494 1858 sitata,
533 1817 681 1857 visitari,
721 1823 897 1860 ceteraque
938 1818 1047 1851 omnia
1087 1824 1119 1852 et

378 1870 504 1913 singula
529 1869 745 1903 visitationem
772 1870 956 1904 huiusmodi
988 1881 1119 1905 concer-

379 1922 490 1956 nentia
515 1922 597 1963 tieri,
624 1923 704 1966 geri,
730 1923 821 1955 statui
841 1928 872 1956 et
890 1924 1056 1965 ordinari,
1083 1934 1120 1957 ac

380 1975 560 2009 executioni
599 1975 787 2009 demandari
826 1976 967 2016 debere,
1005 1982 1118 2011 tenore

379 2029 599 2072 praesentium
625 2029 831 2062 decernimus
857 2035 886 2062 et
916 2030 1116 2063 mandamus.

423 2083 437 2125 g
462 2082 493 2114 lt.
523 2083 566 2114 Ac
591 2092 703 2115 omnes
727 2087 758 2115 ct
775 2082 920 2125 singulas
938 2083 1117 2125 facultates,

218 2150 262 2188 Ηιι·
299 2150 368 2188 ⁸.is.¹.'‚2
380 2136 559 2178 privilegia,
578 2136 706 2178 gratias,
727 2137 1013 2180 praeeminentias,
1028 2147 1120 2181 prae-

307 2184 539 2231 ‹wis-rogativas
566 2195 598 2221 et
622 2189 748 2222 indulta
782 2199 1006 2233 quaecumque
1032 2200 1120 2233 prae-

285 2230 474 2275 ¹¹¹Mhdictis
501 2242 722 2276 cardinalibus
750 2248 781 2276 et
806 2243 970 2286 praelatis,
996 2254 1120 2277 eorum-

380 2306 442 2338 que
479 2295 752 2338 Congregationis
796 2306 922 2329 necnon
966 2296 1118 2329 omnibus

381 2353 412 2380 ct
437 2347 572 2390 singulis
609 2347 802 2381 officialibus
828 2354 859 2382 et
892 2349 1046 2382 ministris
1072 2360 1121 2383 su-

381 2401 557 2444 pradictis,
583 2412 599 2434 a
625 2401 812 2435 memoratis
838 2402 1029 2436 innocentio
1056 2403 1118 2444 ΧΠ,

381 2453 544 2487 Clemente
571 2455 626 2494 xl,
653 2455 844 2488 innocentio
871 2455 936 2488 xltl
962 2466 997 2488 ac
1022 2456 1120 2490 Bene-

419 2517 427 2542 1
453 2515 522 2543 Edit.
543 2515 621 2544 Main.
643 2516 706 2553 legit
727 2520 996 2554 qucmtmncumque
1017 2519 1054 2554 (n.
1070 2519 1117 2554 Τ.).

1155 125 1310 150 nonnum

1153 173 1236 206 dicto
1273 174 1368 207 etiam
1403 175 1468 207 Xlll
1495 175 1806 218 praedecessoribus
1833 187 1892 219 per

1151 237 1225 259 suas
1263 228 1442 271 respective
1481 229 1602 261 litteras
1639 229 1780 271 desuper
1806 240 1892 262 ema-

1153 285 1241 312 natas
1269 281 1383 323 quovis
1410 281 1506 314 modo
1528 281 1705 324 respective
1737 292 1892 315 concessa

1153 339 1181 366 et
1199 334 1366 375 attributa,
1383 346 1441 378 per
1454 335 1578 368 obitum
1594 335 1783 368 eorumdem
1801 346 1892 379 prae-

1153 386 1360 420 deeessorum
1386 388 1520 422 minime
1555 398 1715 428 cessasse,
1742 398 1802 422 nec
1826 398 1892 421 ces-

1153 450 1242 480 sare,
1281 441 1335 473 sed
1368 441 1398 473 in
1432 442 1496 474 suis
1532 442 1652 475 robore
1685 448 1716 475 et
1742 441 1892 474 firmitate

1154 503 1364 536 permanere,
1402 495 1550 527 omnibus
1583 501 1613 528 ct
1643 494 1781 538 singulis
1806 504 1894 537 prac-

1154 547 1249 580 dictis
1289 548 1467 591 respective
1504 549 1610 582 adbuc
1649 554 1836 592 competere
1862 553 1894 580 ct

1153 599 1320 642 suffragari
1354 600 1491 641 debere,
1530 602 1735 635 decernimus
1771 601 1895 645 pariter

1155 658 1184 685 et
1206 653 1423 693 declaramus,
1443 659 1482 694 ct,
1502 659 1660 697 ‹puttenus
1679 664 1761 697 opus
1779 653 1833 693 sit,
1855 654 1895 686 t'a-

1155 706 1301 745 cultates,
1320 706 1504 749 privilegia,
1524 707 1656 749 gratias,
1673 707 1895 749 praeeminen-

1157 759 1226 799 tias,
1246 760 1489 802 praerogativas
1508 766 1540 793 ct
1558 760 1683 793 indulta
1705 759 1894 793 huiusmodi

1157 811 1282 845 eisdem
1307 812 1528 845 cardinalibus
1565 818 1597 846 et
1632 812 1804 856 praelatis,
1841 822 1897 846 eo-

1157 875 1293 908 rumque
1330 865 1600 908 Congregationi,
1632 877 1678 899 ac.
1702 865 1896 899 officialibus

1157 923 1188 951 et
1223 917 1379 951 ministris
1405 919 1604 961 praedictis,
1629 919 1661 952 in
1688 918 1839 952 omnibus
1865 923 1897 952 ct

1158 981 1216 1014 per
1241 971 1368 1012 omnia,
1397 978 1495 1015 prout
1520 972 1566 1005 eis
1598 972 1778 1015 respective
1803 983 1822 1005 a
1844 982 1898 1005 su-

1157 1024 1314 1067 pradictis
1345 1024 1536 1058 Innocentio
1570 1025 1631 1065 XII,
1657 1024 1821 1058 Clemente
1847 1025 1898 1065 XI,

1157 1076 1348 1110 Innocentio
1362 1077 1441 1118 Xlll,
1468 1087 1504 1110 ac
1521 1077 1698 1111 Benedicto
1716 1077 1781 1110 Xlll
1808 1088 1899 1121 prac-

1160 1130 1389 1163 decessoribus
1428 1140 1584 1165 concessa
1608 1134 1640 1165 et
1664 1131 1818 1164 attributa
1835 1130 1900 1164 suc-

1160 1188 1254 1224 runt,
1280 1189 1388 1224 motu,
1417 1183 1572 1225 scientia,
1601 1183 1841 1218 deliberatione
1868 1189 1900 1217 et

1160 1236 1330 1280 potestatis
1344 1236 1546 1280 plenitudine
1560 1237 1693 1281 paribus
1706 1237 1813 1271 denuo
1828 1247 1900 1271 con*

1160 1290 1314 1330 cedimus,
1343 1290 1513 1323 tribuimus
1538 1296 1570 1323 et
1589 1290 1808 1334 impartimur.
1886 1289 1889 1291 ’

1203 1343 1218 1386 ἓ
1242 1342 1273 1375 5.
1294 1343 1531 1383 Decernentes,
1552 1343 1683 1377 easdem
1710 1348 1899 1386 praesentes
1911 1354 2018 1394 tantun-s
2032 1359 2095 1391 ''W’'

1160 1396 1284 1430 litteras
1320 1401 1351 1428 et
1386 1396 1418 1428 in
1455 1396 1501 1429 eis
1537 1401 1692 1430 contenta
1729 1387 2001 1440 q11aecum-i-ffil⁰¹”
2015 1381 2095 1402 'mm'

1161 1459 1223 1492 que
1240 1476 1247 1489 ,
1275 1448 1372 1482 etiarn
1397 1459 1433 1482 ex
1460 1459 1498 1482 eo
1529 1449 1615 1492 quod
1646 1449 1842 1493 quicumque
1868 1449 1901 1482 in

1160 1501 1345 1544 praemissis
1379 1512 1434 1535 seu
1476 1512 1590 1534 corum
1623 1503 1733 1545 aliquo
1764 1502 1902 1535 interes-

1161 1564 1195 1587 se
1221 1554 1400 1595 babentes,
1422 1565 1478 1588 seu
1501 1555 1625 1588 habere
1651 1554 1902 1598 quomodolibet

1160 1607 1424 1650 praetendentes,
1450 1607 1682 1651 cuiuscumque
1704 1607 1832 1650 gradus,
1852 1618 1901 1641 or·

1162 1660 1262 1702 dinis,
1289 1660 1569 1704 praeeminentiae
1594 1666 1625 1693 et
1651 1660 1817 1703 dignitatis
1843 1662 1903 1695 exi·

1162 1718 1269 1753 stant,
1305 1713 1401 1746 etiam
1434 1713 1653 1747 cardinalatus
1686 1714 1813 1747 bonore
1845 1715 1903 1748 sul-

1162 1771 1286 1809 gentes,
1323 1771 1376 1799 aut
1400 1766 1479 1798 alias
1505 1766 1655 1809 specifica
1680 1773 1711 1800 et
1737 1767 1903 1802 individua

1161 1819 1327 1853 mentione
1354 1825 1385 1852 et
1405 1819 1618 1862 expressione
1636 1820 1736 1863 digni,
1754 1820 1818 1854 illis
1836 1831 1902 1854 non

1162 1872 1394 1912 consenserint,
1422 1883 1481 1906 nee
1507 1872 1545 1906 ad
1571 1883 1608 1906 ca
1635 1874 1749 1914 vocati,
1769 1873 1857 1907 citati
1872 1879 1904 1907 et

1163 1925 1275 1965 auditi,
1292 1935 1415 1969 necque
1431 1936 1555 1967 causac,
1570 1932 1706 1970 propter
1721 1937 1799 1970 quas
1814 1937 1903 1970 prae-

1162 1984 1269 2011 sentes
1294 1984 1498 2018 emanarunt,
1523 1979 1691 2020 adductae,
1721 1979 1904 2014 verificatac

1163 2032 1212 2065 vel
1239 2031 1428 2064 iustificatae
1446 2031 1577 2072 suerint,
1602 2038 1655 2065 aut
1681 2043 1717 2065 cx
1744 2033 1806 2066 alia
1830 2043 1905 2077 qua-

1164 2095 1303 2128 cumque
1329 2084 1536 2128 quantumvis
1562 2085 1657 2126 iusta,
1679 2085 1731 2128 pia
1755 2090 1786 2118 et
1811 2085 1904 2129 privi-

1163 2138 1282 2181 legiata
1303 2139 1414 2178 causa,
1440 2138 1563 2177 colore,
1593 2143 1762 2180 praetextu
1789 2143 1822 2171 et
1852 2149 1905 2172 ca-

1164 2191 1247 2234 pite,
1282 2190 1377 2223 etiam
1416 2190 1447 2222 in
1484 2200 1623 2234 corpore
1660 2190 1741 2223 iuris
1769 2191 1902 2232 clauso,

1164 2244 1258 2277 etiam
1292 2244 1447 2285 enormis,
1476 2244 1723 2278 enormissimae
1749 2251 1780 2278 ct
1799 2245 1904 2279 totalis

1164 2296 1329 2337 laesionis,
1344 2297 1435 2330 nullo
1456 2307 1597 2340 unquam
1617 2302 1765 2341 tempore
1781 2297 1820 2331 de
1834 2298 1906 2332 sub-

1163 2349 1321 2391 reptionis
1356 2348 1403 2382 vel
1437 2349 1645 2392 obreptionis
1671 2356 1724 2383 aut
1749 2350 1904 2385 nullitatis

1165 2402 1251 2443 vitio,
1264 2413 1320 2435 seu
1337 2402 1529 2435 intentionis
1547 2408 1677 2436 nostrae
1697 2408 1751 2436 aut
1764 2403 1904 2437 interes·

1164 2466 1198 2489 se
1225 2455 1417 2489 habentium
1427 2457 1623 2497 consensuS,
1638 2455 1743 2490 aliove
1755 2455 1904 2500 quolibet

1163 2510 1257 2543 ettam
1279 2508 1486 2552 quantumvis
1512 2518 1629 2553 magno
1649 2513 1680 2543 et
1697 2508 1903 2545 substantiali

1900 127 1950 154 An.
1973 126 2000 154 C.
2019 127 2086 156 1730
