2182 3137
196 233 249 260 Aa.
266 232 294 259 e.
316 232 385 260 1732
432 224 496 258 328

219 1513 289 1532 Petita
306 1512 388 1536 regula-

204 1545 250 1559 rum
259 1544 272 1559 a
283 1539 326 1558 tota
335 1539 388 1558 Cou-

205 1566 330 1591 gregatione
352 1565 387 1585 ob-

224 1592 375 1612 servandarum

204 1619 346 1639 confirmatio.

397 335 564 377 antiquior
587 346 623 368 ac
649 336 876 378 frequentior,
908 346 990 378 quae
1016 336 1047 368 in
1073 346 1139 368 mo-

397 388 541 421 nasterio
566 388 597 421 S.
625 388 742 422 Etisaei
770 389 898 421 initium
925 388 1074 431 sumpsit,
1102 400 1139 422 ac

398 441 515 474 Montis
540 441 652 474 Libani
679 442 817 482 dicitur·,
836 442 937 474 altera
961 441 1135 481 recentior,

399 500 432 526 et
458 495 495 528 ad
523 495 643 536 prioris
661 494 872 528 imitationem
892 495 1040 533 formata,
1056 505 1137 537 quae

398 560 415 579 a
440 548 598 580 coenobio
625 549 678 581 ubi
706 548 814 591 coepit
838 548 869 581 S.
894 548 993 580 isaiae
1019 558 1137 580 nomen

399 602 507 634 trahit:
535 602 733 634 venerabiles
761 602 877 634 fratres
898 602 928 634 S.
951 602 987 634 R.
1007 602 1041 634 E.
1070 612 1138 634 car-

399 655 523 687 dinales

398 707 585 749 praepositi,
611 707 714 750 probe
739 707 985 740 considerantes
1010 718 1045 739 ac
1066 717 1139 749 per-

398 760 580 802 spicientes,
608 761 639 792 in
666 761 861 793 monasterio
882 760 966 803 apud
989 760 1136 792 camdem
1158 758 1160 783 ἰ

398 813 565 845 ecclesiam
603 813 652 845 Ss.
684 813 767 845 Petri
795 819 826 845 et
857 812 1032 845 Marcellini
1067 812 1139 843 sub-

399 865 474 898 inde
501 871 644 898 extructo
675 866 722 898 vix
751 867 863 898 haberi
898 876 995 908 posse
1028 875 1138 897 mona-

399 918 475 951 chos
501 919 637 952 idoneos
670 927 701 951 et
734 920 931 951 sufficientes
957 929 993 950 ex
1020 929 1139 951 coeno-

398 971 459 1003 biis
484 972 616 1014 Syriae,
642 982 723 1015 quae
760 971 883 1014 privato
919 981 955 1003 ac
980 970 1138 1012 singulari

400 1132 575 1164 cersendos
602 1131 690 1170 sore,
718 1131 837 1174 quippe
864 1131 918 1174 qui
945 1130 1139 1162 strictiorem

400 1185 590 1226 prolitentes
618 1185 870 1223 observantiam,
898 1195 935 1216 ea
956 1184 1060 1219 chori,
1078 1190 1141 1215 stu-

401 1238 548 1276 diorum,
576 1239 780 1276 litterarum,
806 1247 1035 1280 sacrarumque
1065 1236 1140 1268 mis-

400 1290 530 1323 sionum
558 1291 678 1330 munia,
706 1301 788 1333 quae
813 1301 829 1322 a
867 1294 1044 1322 memorato
1070 1289 1140 1321 Cle-

400 1349 508 1376 mente
545 1344 799 1386 praedecessore
837 1343 1040 1386 praescripta
1071 1343 1140 1374 sue-

401 1403 488 1436 runt,
515 1408 592 1440 prae
626 1398 742 1430 ceteris
780 1398 922 1430 exactius
958 1397 1139 1439 adimplere

400 1457 549 1493 possunt.

445 1504 459 1547 §
485 1504 513 1536 9.
540 1504 615 1538 Cum
641 1510 759 1544 autem,
786 1504 870 1537 sicut
895 1504 1032 1537 dilectus
1053 1503 1138 1536 tilius

401 1556 538 1591 Michael
569 1558 769 1599 Edenensis,
797 1558 896 1590 abbas
923 1556 1084 1599 generalis
1109 1566 1139 1588 e-

400 1611 523 1644 iusdem
558 1611 827 1653 Congregationis
864 1611 979 1643 Montis
1006 1609 1137 1649 Libani,

400 1664 495 1697 nobis
523 1676 628 1708 nuper
654 1665 770 1708 exponi
795 1664 880 1703 feeit,
907 1663 1033 1696 tametsi
1059 1663 1139 1695 Con-

399 1718 544 1760 gregatio
581 1724 613 1751 et
647 1718 733 1751 Ordo
769 1717 957 1750 huiusmodi
984 1726 1056 1749 suas
1083 1717 1139 1748 ha-

398 1772 500 1804 beant
526 1773 656 1814 regulas
683 1777 715 1804 et
746 1771 995 1804 constitutiones
1019 1781 1079 1813 per
1103 1770 1138 1803 0-

400 1824 513 1857 rientis
538 1825 732 1858 monasteria
763 1825 965 1857 sanctissime
998 1824 1138 1856 eustodi-

397 1882 468 1918 tas,
497 1888 605 1920 neque
632 1888 775 1920 unquam
802 1889 818 1910 a
843 1877 924 1910 Sede
952 1877 1137 1919 Apostolica

397 1931 617 1974 improbatas,
654 1931 800 1974 quinimo
838 1930 994 1974 peculiari
1032 1930 1136 1963 studio

399 1985 663 2022 commendatas,
702 1983 937 2023 nihilominus,
963 1988 997 2014 ut
1022 1983 1136 2015 maiori

399 2039 548 2071 firmitate
574 2038 768 2077 fulciantur,
803 2043 835 2069 et
859 2048 874 2068 a
900 2037 1072 2070 calumniis
1097 2043 1138 2070 at-

399 2104 461 2137 que
487 2091 780 2126 obtrectationibus
802 2101 898 2133 saepe
918 2091 1069 2123 adversus
1086 2102 1138 2123 eas

399 2145 545 2178 contictis
582 2156 618 2178 ac
654 2144 774 2187 sparsis
799 2144 1012 2182 vindicentur,
1038 2150 1137 2187 utque

399 2200 482 2232 aliae
509 2199 664 2237 nationes,
693 2208 776 2241 quae
798 2208 857 2240 per
881 2197 1046 2230 Orientem
1072 2198 1137 2230 sive

401 2265 417 2285 a
442 2252 506 2285 fide
533 2252 695 2285 catholica
720 2251 784 2284 sire
820 2262 837 2283 a
872 2250 1045 2293 disciplina
1076 2261 1138 2282 mo-

400 2306 521 2338 nasiica
547 2304 768 2342 desciverunt,
796 2304 981 2346 exemplum
1007 2314 1042 2335 ac
1069 2313 1139 2335 nor-

400 2370 484 2391 mam
503 2358 627 2391 vivendi
652 2357 769 2390 exinde
788 2368 917 2389 sumere
937 2357 1072 2397 valeant,
1091 2367 1139 2389 ca-

400 2413 539 2455 pitulum
566 2411 717 2454 generale
744 2411 930 2454 praedictae
959 2410 1140 2452 Congrega-

401 2466 499 2498 tionis
524 2465 639 2497 Montis
665 2464 777 2497 Libani
808 2464 911 2506 ipsum
946 2463 1137 2496 Michaelem

400 2519 550 2552 abbatem
566 2518 752 2560 generalem
767 2518 806 2550 ad
821 2517 996 2550 Romanam
1012 2516 1138 2549 Curiam

402 2571 612 2604 destinaverit
628 2574 722 2614 atque
739 2570 955 2613 ablegaverit,
974 2575 1017 2609 ut,
1044 2569 1139 2602 totius

402 2626 505 2658 dictae
516 2624 785 2668 Congregationis
801 2623 941 2665 nomine,
953 2625 1137 2666 regularum

976 234 1154 258 BULLAnuJM
1181 234 1333 258 nouimus!

395 282 632 314 monachorum
659 288 744 314 extat
770 281 1011 325 Congregatio:
1038 282 1161 314 altera'

1182 288 1214 315 et
1238 282 1507 315 constitutionum
1526 283 1670 315 eiusdem
1690 283 1922 326 Congregatio-

1181 336 1231 368 nis
1245 335 1514 380 approbationem
1533 342 1564 369 et
1581 337 1862 370 confirmationem
1881 336 1920 370 ab

1182 389 1242 422 hac
1260 390 1290 422 S.
1310 389 1392 422 sede
1418 389 1597 432 impetrare
1623 395 1832 432 procuraret:
1859 401 1919 423 nos

1159 457 1161 484 ρ
1183 443 1314 484 regulas
1341 448 1374 474 et
1397 442 1647 475 constitutiones
1664 443 1846 485 praedictas
1866 455 1921 477 no-

1181 496 1231 528 bis
1251 495 1423 534 exhibitas
1443 506 1526 538 quae
1552 506 1589 528 ex
1614 496 1743 529 arabico
1769 496 1921 530 idiomate

1182 550 1212 581 in
1231 549 1365 582 latinum
1389 549 1565 591 diligenter
1581 560 1693 583 versae
1720 550 1858 589 suerunt,
1878 551 1922 583 di-

1158 632 1160 650 ,
1182 603 1275 636 lectis
1299 602 1374 635 filiis
1399 602 1519 635 nostris
1540 603 1670 636 Nicolao
1689 603 1852 646 spinulae,
1871 614 1922 636 eo-

589 655 731 695 negotiis
772 655 1004 697 propagandae
1050 655 1137 687 Fidei
1158 656 1160 683 ἕ

1181 656 1330 688 rumdem
1375 656 1611 689 monachorum
1655 655 1922 698 congregationis

1181 708 1296 741 Montis
1322 709 1433 741 Libani
1461 709 1545 752 apud
1572 720 1630 743 nos
1649 714 1680 742 et
1696 709 1809 742 Sedem
1828 720 1943 753 prae--

1182 762 1298 795 dictam
1332 763 1528 805 protectori,
1553 773 1590 795 ac
1623 763 1790 795 Vincentio
1819 763 1921 806 ipsius

1181 815 1212 847 S.
1237 816 1272 847 R.
1293 815 1327 847 E.
1355 816 1573 849 cardinalibus
1601 816 1694 848 Petra
1719 815 1922 859 nuncupatis,

1182 868 1452 911 Congregationis
1492 869 1753 912 supradictorum
1790 879 1923 901 venera-

1182 921 1294 954 bilium
1322 923 1455 955 fratrum
1483 929 1668 956 nostrorum
1690 922 1830 965 negotiis
1847 922 1923 955 Pro-

1159 994 1161 1015 ς
1182 975 1351 1017 pagandae
1362 975 1451 1008 Fidei
1467 976 1729 1019 praepositorum
1747 976 1921 1019 praesecto,

399 1025 469 1057 iure
506 1031 688 1067 reguntur,
718 1025 955 1062 decreverunt,
990 1024 1064 1056 illos
1102 1034 1137 1054 ex
1159 1033 1161 1043 ¹

400 1078 483 1110 dieta
510 1078 771 1119 Congregatione
797 1077 911 1109 Montis
941 1077 1051 1109 Libani
1089 1073 1161 1108 iic-¹

1183 1029 1415 1071 expendendas
1435 1029 1665 1061 commisimus,
1681 1029 1748 1069 Qui,
1762 1029 1920 1062 mandatis

1183 1081 1303 1113 nostris
1340 1087 1496 1123 prompto
1536 1082 1694 1124 obsequio
1718 1093 1840 1115 morem
1867 1091 1924 1123 ge-

1182 1139 1312 1172 renteS,
1336 1133 1405 1166 illas
1433 1139 1559 1166 mature
1585 1134 1823 1176 diligenterque
1849 1145 1923 1168 exa-

1182 1187 1359 1218 minarunt.
1380 1185 1524 1229 Cumque
1551 1186 1630 1219 nihil
1662 1186 1693 1218 in
1720 1186 1765 1218 eis
1792 1197 1922 1229 repere-

1183 1238 1256 1277 rint,
1283 1239 1369 1281 quod
1397 1239 1600 1272 orthodoxae
1627 1239 1712 1278 (idei,
1738 1240 1833 1271 bonis
1853 1249 1922 1272 mo·

1182 1291 1290 1329 ribus,
1325 1292 1436 1334 pietati
1464 1298 1661 1335 exactaeque
1688 1292 1826 1324 instituti
1852 1302 1924 1325 mo·

1182 1344 1296 1376 nastici
1323 1345 1548 1377 observantiae
1574 1345 1767 1383 adversetur,
1794 1345 1921 1387 regulas

1182 1408 1217 1429 ac
1253 1398 1499 1432 constitutiones
1538 1398 1699 1440 praefatas
1726 1397 1925 1430 unanimiter

1181 1451 1363 1493 probarunt
1387 1457 1484 1494 atque
1510 1452 1706 1490 laudarunt,
1735 1461 1852 1494 easque
1889 1451 1921 1483 in

1181 1514 1281 1536 unum
1306 1504 1458 1537 volumen
1484 1504 1587 1547 redigi
1614 1509 1779 1543 curarunt,
1799 1504 1921 1537 tenoris

1182 1557 1234 1600 qui
1261 1557 1419 1600 sequitur,
1444 1557 1616 1590 videlieet:

1183 1646 1393 1675 Conslt'culioiies
1417 1646 1612 1675 monachornm
1634 1645 1768 1683 Syrorum
1798 1645 1923 1675 Maroni-

1221 1699 1311 1723 tarum
1336 1693 1450 1724 Ordinis
1476 1695 1564 1723 sancti
1585 1694 1701 1723 Antonii
1723 1695 1825 1724 abbatis
1853 1693 1923 1725 Con-

1218 1743 1384 1781 yreyationis
1408 1743 1507 1773 Montis
1530 1743 1637 1773 Libani.

1450 1818 1526 1847 [aas
1551 1818 1655 1847 l'iuuA.

1340 1892 1408 1922 CAP.
1432 1892 1454 1921 l.
1478 1909 1515 1914 —
1539 1892 1577 1922 De
1599 1892 1760 1922 obedientia.

1220 1954 1240 1974 1.
1264 1944 1354 1975 Debet
1376 1946 1536 1975 monachus
1559 1944 1692 1975 abbatem
1715 1955 1800 1975 suum
1816 1945 1922 1976 Christi

1180 1994 1243 2023 loco
1265 1995 1340 2024 eitra
1364 2004 1481 2024 omnem
1503 1994 1745 2033 disceptationem
1767 1993 1890 2030 habere;

1218 2051 1249 2071 n.
1274 2042 1435 2082 Eidemque
1457 2044 1486 2072 in
1511 2042 1663 2078 omnibus,
1688 2047 1806 2082 peccato
1836 2052 1922 2072 ence—

1181 2094 1243 2130 pto,
1267 2091 1403 2128 obedire3

1220 2149 1260 2170 111.
1284 2141 1319 2170 Et
1337 2140 1418 2170 illum
1436 2140 1546 2169 honore
1564 2144 1591 2168 et
1607 2149 1704 2169 amore
1727 2145 1787 2169 tum
1804 2140 1921 2170 interno

1181 2194 1243 2220 tum
1267 2194 1389 2220 externo
1413 2189 1565 2228 prosequi3

1220 2247 1257 2268 1v.
1281 2238 1416 2278 Nihilque
1435 2247 1468 2267 eo
1490 2237 1657 2267 inconsulto
1681 2241 1830 2274 statuere;

1222 2297 1248 2316 v.
1273 2287 1371 2326 Neque
1393 2286 1427 2316 de
1449 2286 1528 2315 illius
1551 2285 1627 2316 cirea
1650 2286 1756 2316 fratres
1778 2286 1920 2325 regimine

1180 2335 1328 2366 subtiliter
1350 2334 1544 2372 investigare3

1222 2392 1259 2413 vl.
1279 2383 1400 2413 Omnem
1426 2383 1572 2422 propriam
1589 2383 1852 2420 conversationem,
1869 2392 1920 2414 seu

1182 2432 1289 2462 bonam
1314 2442 1364 2462 seu
1388 2432 1485 2461 minus
1508 2435 1634 2468 rectam,
1663 2431 1705 2461 illi
1734 2432 1818 2471 plane
1841 2436 1920 2471 pate-

1180 2482 1291 2518 saeere3

1221 2538 1269 2559 vn.
1294 2529 1398 2559 Nullas
1422 2529 1619 2568 expositiones
1637 2529 1697 2559 sive
1714 2533 1853 2559 tractatus
1870 2529 1922 2559 ha-

1181 2578 1250 2608 bere
1282 2583 1332 2608 aut
1365 2577 1510 2614 scribere,
1545 2587 1639 2617 neque
1670 2578 1838 2608 concionari
1870 2581 1921 2608 aut

1181 2628 1300 2662 docere,
1326 2627 1381 2656 nisi
1404 2627 1468 2666 ipso
1491 2627 1623 2657 consulto
1646 2631 1732 2666 atque
1755 2630 1916 2664 annuente3

1929 234 1981 262 An.
1997 234 2026 262 C.
2047 235 2116 264 1732
