2182 3137
57 169 109 196 Απ.
129 168 159 196 C.
178 167 246 195 ¹730

80 596 242 621 Praecepturos,

55 624 185 648 caten-usquo
213 629 242 642 a-

58 649 242 669 cademiaehuius

59 675 162 696 officiales
177 681 190 695 a
211 682 243 696 re-

59 701 154 722 sidentia
170 702 189 722 in
205 702 243 722 be-

59 728 141 748 neficiis
178 730 243 749 eccle·

60 754 244 781 siasticisdispeu-

60 783 106 804 sat,
131 786 244 807 quoscum-

59 812 101 833 que
162 808 243 828 fructus

58 835 147 859 praeter
174 837 245 860 quoti-

60 860 244 881 dianasdistrubu-

59 887 129 907 tiones
156 889 183 907 ab
213 895 244 908 ets

57 914 144 940 percipi
167 920 244 936 conw-

59 940 120 961 dens.

867 167 1009 190 (LLEMENS
1037 169 1052 190 X
1061 169 1080 190 ll
1108 169 1156 190 ΙΨ.

252 215 284 248 in
311 217 472 256 futurum,
505 216 537 248 in
563 215 716 249 omnibus
741 220 774 248 et
804 225 865 257 per
888 214 998 246 omnia

251 269 390 312 perinde
417 280 454 302 ac
491 269 517 302 si
554 269 586 302 in
623 269 694 302 aliis
727 267 997 300 universitatibus

252 322 442 356 huiusmodi
479 322 597 364 gradus
631 322 720 364 ipsos
754 321 842 353 iuxta
867 320 996 353 illarum

252 375 504 408 consuetudines
530 380 562 407 et
586 385 695 407 mores
731 384 804 406 vere
837 373 998 415 suscepis-

251 433 344 468 sent,
364 428 460 461 etiam
478 427 544 467 uti,
567 427 649 466 frui,
676 426 772 470 potiri
799 432 830 459 et
855 426 996 468 gaudere

253 481 350 514 etiam
369 481 473 514 libere
495 486 527 513 et
552 480 639 513 lieite
665 480 792 522 possint
809 485 841 512 et
857 480 995 520 valeant,

252 533 419 566 licentiam
446 533 618 565 tribuimus
644 538 677 565 et
701 533 898 565 facultatem.

297 585 361 629 §8.
381 586 516 619 Necnon
543 586 751 624 scholastico,
777 585 997 625 scholaribus,

254 639 430 672 lectoribus
445 666 452 678 ,
485 639 668 681 magIStris,
701 638 971 682 praeceptoribus
986 664 994 677 ,

255 691 452 731 doctoribus,
471 691 616 731 bidellis,
637 692 774 734 aliisque
794 691 944 733 personis
967 690 998 722 in

254 745 463 777 universitate
484 756 501 777 a
527 745 670 787 praefato
696 743 850 786 Philippo
871 753 946 785 rege
966 748 999 775 ut

255 799 442 840 praefertur
466 799 572 830 erecta
597 803 628 830 et
653 797 785 829 fundata
805 807 841 829 ac
861 808 879 828 a
905 796 998 829 nobis

256 861 314 894 per
338 856 530 894 praesentes
556 851 652 883 etiam
678 856 713 882 ut
738 850 919 892 praefertur
947 860 1000 892 ap-

254 904 394 948 probata
419 904 606 937 huiusmodi
644 914 731 936 nune
764 909 795 936 et
825 913 884 946 pro
921 909 1001 935 tem-

255 967 337 999 pore
355 957 581 996 existentibus,
600 962 634 989 ut
654 957 716 1000 ipsi
743 962 774 989 et
799 967 912 989 eorum
931 957 1002 999 qui-

256 1011 337 1044 libet
353 1021 440 1043 nunc
457 1016 489 1043 et
506 1010 674 1053 perpetuis
691 1010 767 1042 inde
790 1009 904 1042 suturis
924 1015 1002 1043 tem-

255 1064 391 1108 poribus
416 1064 449 1096 iu
475 1063 688 1096 universitate
714 1075 731 1096 a
756 1064 903 1106 praelato
924 1063 1002 1095 Phi-

255 1118 347 1161 lippo
374 1128 451 1160 rege
477 1123 511 1149 ut
537 1117 720 1159 praefertur
746 1118 853 1149 erecta
879 1122 910 1149 et
931 1116 1002 1148 sun-

256 1172 330 1204 data
356 1181 392 1203 ac
417 1182 433 1203 a
459 1171 553 1203 nobis
591 1181 650 1213 per
682 1175 871 1213 praesentes
904 1170 1001 1203 etiam

255 1229 292 1256 ut
315 1224 499 1268 praefertur
536 1224 717 1266 approbata
755 1223 942 1256 huiusmodi
969 1223 1001 1255 in

256 1289 462 1322 quacumque
488 1278 640 1310 facultate
674 1277 763 1310 licita
800 1282 831 1309 et
865 1277 1002 1309 honesta

255 1342 315 1375 per
339 1337 412 1364 octo
443 1341 571 1363 menses
608 1331 782 1363 continuos
820 1330 869 1361 vel
903 1329 1003 1362 inter-

256 1385 391 1428 polatim
429 1385 571 1427 legendo
590 1410 597 1423 ‚
624 1389 678 1416 aut
709 1384 788 1416 alias
821 1383 1002 1416 litterarum

257 1438 363 1471 studia
388 1437 578 1471 huiusmodi
604 1437 714 1469 studio
740 1437 943 1476 insistendo,
971 1447 1004 1469 o-

257 1491 383 1524 mniurn
409 1495 442 1523 et
466 1490 673 1532 singulorum
701 1489 936 1522 beneficiorum
956 1500 1004 1522 ec-

257 1544 514 1578 clesiasticorum
534 1554 594 1586 per
613 1553 670 1576 eos
695 1549 727 1575 et
752 1553 865 1575 eorum
893 1553 1004 1585 quem-

257 1598 340 1630 libet
356 1597 388 1629 in
408 1596 573 1640 quibusvis
599 1595 747 1629 eeclesiis
765 1596 829 1628 sive
851 1596 929 1629 locis
946 1596 1004 1628 ob-

258 1655 422 1683 tentorum
448 1650 579 1687 fruetus,
605 1649 749 1681 redditus
768 1655 797 1681 et
819 1655 1003 1692 proventus,

259 1703 384 1737 etiamsi
411 1702 619 1736 canonicatus
647 1708 678 1735 et
704 1703 930 1744 praebendae,
957 1702 1004 1735 di-

260 1758 409 1800 gnitates,
434 1761 640 1800 personatus,
658 1756 955 1788 administrationes
973 1762 1005 1789 et

260 1811 365 1844 officia
390 1810 483 1844 etiam
515 1809 651 1842 electiva
676 1809 706 1840 in
732 1809 977 1841 cathedralibus
994 1835 1001 1848 ,

261 1862 522 1907 metropolitanis
542 1868 572 1895 et
589 1862 773 1903 collegiatis
791 1863 951 1903 ecclesiis,
974 1869 1006 1895 et

261 1916 438 1959 dignitates
458 1915 545 1958 ipsae
571 1915 603 1947 in
630 1915 872 1948 cathedralibus
892 1922 923 1948 et
940 1926 1004 1948 me-

261 1970 470 2013 tropolitanis
503 1975 578 2012 post
614 1969 817 2011 pontificales
844 1969 1002 2007 maiores,

263 2029 295 2056 et
334 2023 366 2055 in
407 2022 589 2064 collegiatis
630 2022 776 2054 eeclesiis
816 2022 1003 2054 huiusmodi

262 2075 463 2119 principales
489 2075 633 2113 suerint,
664 2085 735 2106 cum
762 2075 949 2106 omnimoda
975 2080 1006 2107 et

263 2129 302 2160 ea
327 2139 390 2171 qua
415 2128 441 2160 si
469 2128 499 2160 in
526 2127 675 2160 ecclesiis
701 2127 765 2160 sive
792 2128 870 2160 locis
896 2127 1007 2159 huius-

262 2181 349 2214 modi
376 2180 592 2224 personaliter
611 2179 794 2213 residerent
818 2180 1005 2221 integritate

263 2234 481 2276 perciperent,
499 2233 643 2275 exceptis
668 2233 832 2265 dumtaxat
850 2233 1006 2265 distribu-

264 2287 409 2320 tionibus
435 2287 653 2330 quotidianis,
680 2287 781 2320 libere
814 2286 1006 2330 percipere,

266 2340 410 2382 exigere,
431 2341 548 2378 levare,
570 2341 687 2379 locare,
707 2340 879 2379 dislocare,
897 2351 1007 2373 arren-

266 2394 364 2433 dare,
391 2403 427 2425 ac
451 2392 482 2425 in
509 2403 622 2425 eorum
659 2404 734 2425 usus
769 2398 800 2425 et
836 2393 1006 2426 utilitatem

266 2452 468 2485 convertere,
496 2451 528 2477 et
552 2446 689 2486 invitos,
717 2447 819 2479 donec
845 2452 950 2479 tamen
978 2452 1009 2479 et

267 2510 435 2542 quousque
467 2499 498 2531 in
535 2499 603 2542 ipsa
638 2499 848 2533 universitate
873 2511 890 2532 a
916 2510 1009 2543 prae-

267 2553 330 2586 sato
357 2552 509 2596 Philippo
536 2563 611 2595 rege
638 2559 672 2585 ut
696 2554 881 2595 praefertur
899 2556 1009 2586 crecta

1680 159 1746 192 ⁶205

1041 220 1072 247 et
1109 216 1241 248 fundata
1276 222 1309 249 et
1343 227 1361 249 a
1391 217 1485 250 nobis
1510 227 1570 260 per
1593 224 1785 261 praesentes

1041 267 1136 299 etiam
1176 273 1209 299 ut
1245 269 1429 310 praefertur
1460 269 1642 313 approbata
1673 270 1785 302 cathe-

1041 320 1115 352 dras
1155 320 1354 354 moderando
1394 328 1447 354 aut
1484 322 1599 355 studiis
1639 323 1785 355 vacando

1040 383 1162 405 moram
1197 373 1356 411 fecerint,
1382 374 1421 406 ad
1457 374 1665 407 residentiam
1698 376 1783 418 apud

1041 426 1172 459 easdem
1198 427 1352 459 ecclesias
1387 428 1513 461 ratione
1549 428 1784 462 beneficiorum

1041 478 1272 521 praefatorum,
1290 490 1349 522 per
1373 490 1428 512 eos
1453 487 1487 512 ut
1511 482 1704 523 praefertur,
1728 481 1786 514 ob-

1042 535 1204 564 tentorum
1223 532 1414 574 faciendam,
1433 544 1449 565 a
1469 544 1631 577 quoquam
1649 535 1784 567 minime

1041 584 1193 626 compelli
1220 584 1360 627 possint.

1084 636 1098 679 ἓ
1124 636 1155 669 8.
1183 636 1221 668 Et
1257 637 1295 669 ad
1334 637 1560 677 excitandum,
1586 650 1651 671 non
1677 641 1783 672 solum

1043 700 1100 732 per
1127 690 1338 733 temporalia,
1369 700 1479 722 verum
1514 691 1611 724 etiam
1637 703 1695 734 per
1720 693 1786 736 spi-

1044 742 1171 775 ritualia
1209 742 1401 785 privilegha,
1428 743 1490 775 iter
1522 744 1561 775 ad
1595 745 1783 778 earumdem

1043 796 1252 827 scientiarum
1278 795 1457 838 appetitum
1474 823 1481 836 ‚
1509 798 1633 830 eisdem
1659 799 1787 831 univer-

1044 849 1147 880 sitatis
1165 859 1181 880 a
1196 849 1344 891 praefato
1370 848 1526 892 Philippo
1545 860 1622 892 rege
1643 856 1678 881 ut
1694 861 1790 893 prae-

1045 902 1147 933 fertur
1183 907 1311 934 erectae
1347 908 1379 934 et
1407 901 1560 935 fundatae
1599 909 1631 935 et
1654 914 1671 935 a
1695 904 1790 936 nobis

1045 965 1104 997 per
1129 960 1319 997 praesentes
1342 955 1440 987 etiam
1466 961 1502 987 ut
1532 956 1717 998 praefertur
1733 968 1791 1000 ap-

1047 1008 1204 1051 probatae
1229 1008 1417 1041 huiusmodi
1444 1009 1641 1042 scholastico
1657 1036 1665 1050 ,
1692 1010 1789 1043 scho-

1046 1061 1187 1100 laribus,
1215 1061 1412 1100 lectoribus,
1437 1062 1601 1103 magistris
1618 1088 1626 1101 ,
1654 1073 1790 1104 praeee-

1046 1114 1213 1157 ptoribuS,
1240 1114 1431 1147 doctoribus
1448 1142 1455 1154 ‚
1480 1115 1626 1153 bidellis,
1653 1115 1791 1158 aliisque

1046 1167 1201 1199 ministris
1226 1177 1313 1199 nunc
1338 1174 1370 1200 et
1394 1178 1453 1210 pro
1482 1174 1627 1211 tempore
1650 1168 1791 1202 existen—

1047 1221 1131 1253 tibus
1147 1221 1312 1263 praesatis,
1331 1227 1492 1254 eteorum
1511 1221 1655 1259 cuilibet,
1674 1227 1709 1254 ut
1727 1222 1788 1265 ipsi

1047 1275 1076 1306 in
1093 1286 1204 1307 eorum
1217 1274 1433 1308 universitatis
1449 1286 1465 1307 a
1479 1275 1624 1318 praefato
1639 1275 1790 1319 Philippo

1047 1338 1122 1370 rege
1148 1334 1182 1360 ut
1207 1328 1391 1370 praefertur
1416 1334 1543 1361 erectae
1569 1334 1599 1361 et
1634 1329 1789 1361 fundatae

1046 1392 1082 1413 ac
1102 1392 1119 1413 a
1137 1381 1231 1413 nobis
1248 1391 1309 1424 per
1326 1386 1517 1424 praesentes
1534 1381 1630 1414 etiam
1650 1387 1684 1413 ut
1702 1391 1793 1424 prae—

1047 1435 1149 1467 fertur
1183 1434 1382 1478 approbatae
1418 1434 1602 1467 huiusmodi
1636 1435 1789 1478 capella,

1045 1499 1102 1521 seu
1128 1488 1283 1528 oratorio,
1310 1497 1415 1520 annuo
1440 1493 1616 1531 praecepto
1642 1488 1789 1531 paschali

1046 1542 1233 1574 satisfacere
1267 1542 1358 1582 (cum
1384 1541 1448 1573 hoc
1474 1546 1581 1573 tamen
1608 1541 1695 1583 quod
1722 1541 1791 1572 sin-

1047 1595 1130 1637 gulis
1149 1594 1242 1628 annis
1258 1593 1401 1626 omniun]
1420 1598 1451 1625 et
1468 1593 1672 1635 singulorum
1698 1594 1794 1626 seho-

1047 1649 1162 1687 lastiei,
1187 1648 1397 1687 scholarium,
1424 1648 1595 1687 lectorum,
1622 1648 1794 1689 magistro-

1047 1712 1127 1741 rum,
1155 1706 1417 1744 praeceptorum,
1444 1701 1627 1741 doctorum,
1654 1701 1795 1734 bidello-

1048 1766 1131 1794 rum,
1152 1755 1354 1797 aliorumque
1378 1754 1602 1787 ministrorum
1627 1755 1794 1797 praefato-

1048 1820 1138 1848 rum,
1165 1809 1217 1851 qui
1253 1808 1284 1840 in
1316 1808 1442 1850 capella
1476 1817 1532 1840 seu
1560 1808 1705 1841 oratorio
1731 1808 1794 1840 hu-

1049 1861 1187 1893 iusmodi
1206 1866 1385 1904 praecepto
1404 1861 1548 1902 praei'ato
1563 1860 1792 1900 satisfecerint,

1049 1915 1172 1954 notula,
1193 1925 1208 1945 a
1234 1913 1428 1946 scholastico
1454 1923 1539 1946 nunc
1565 1919 1596 1946 et
1621 1924 1681 1956 pro
1709 1919 1792 1946 tem-

1048 1978 1129 2011 pore
1151 1967 1308 2000 existente
1334 1967 1494 2009 praesato,
1519 1977 1575 1999 seu
1601 1967 1640 1999 ab
1666 1966 1730 1999 alio
1751 1967 1792 1999 ad

1050 2021 1080 2053 id
1102 2021 1142 2052 ab
1169 2020 1286 2052 eodem
1312 2020 1509 2052 scholastico
1531 2020 1696 2062 deputato,
1719 2020 1794 2052 sub—

1049 2074 1182 2116 scripta,
1210 2072 1385 2115 unicuique
1416 2072 1672 2115 uniuscuiusque
1697 2083 1792 2115 paro-

1049 2126 1165 2159 chialis
1191 2125 1370 2165 ecclesiae,
1406 2125 1439 2157 in
1473 2124 1565 2157 cuius
1591 2124 1792 2167 parochialis

1050 2180 1208 2212 ecclesiae
1239 2178 1395 2212 limitibus
1430 2178 1673 2220 parochialibus
1698 2177 1795 2210 selio-

1050 2234 1148 2271 lares,
1174 2234 1323 2271 lectores,
1350 2231 1512 2273 magistri,
1539 2236 1790 2273 praeceptores,

1051 2286 1209 2325 doctores,
1236 2285 1359 2323 bidelli‚
1387 2284 1507 2326 aliique
1534 2283 1672 2316 ministri
1700 2293 1793 2325 prae-

1052 2340 1125 2379 sati,
1157 2347 1188 2372 et
1213 2350 1324 2371 eorum
1350 2338 1488 2381 quilibet
1512 2337 1688 2380 respective
1714 2336 1795 2369 exti-

1053 2393 1162 2433 terint,
1186 2393 1367 2436 respective
1388 2390 1504 2424 rectori
1527 2391 1732 2433 exhibeatur)
1750 2390 1794 2422 si-

1052 2447 1171 2479 militer
1190 2446 1292 2478 libere
1307 2450 1338 2476 et
1356 2444 1441 2476 licite
1460 2443 1589 2486 possint
1607 2449 1638 2475 et
1656 2443 1794 2483 valeant,

1051 2500 1163 2531 eadem
1195 2498 1375 2540 apostoliea
1396 2497 1587 2529 auctoritate
1610 2496 1705 2529 etiam
1724 2507 1792 2540 per-

1051 2559 1149 2597 petuo
1171 2552 1378 2584 ‹-=›;1‹:=:dinnis
1405 2556 1437 2583 et
1462 2550 1680 2592 indulgemus.

1794 170 1844 196 An.
1864 169 1894 196 C.
1913 169 1980 196 ¹730

1837 650 1872 670 Eis
1892 656 1962 676 prae-1.

1795 679 1831 701 pto
1884 677 1948 702 pasch
1958 677 1979 696 ι1ι

1797 705 1815 723 in
1831 704 1913 728 «apella
1929 710 1978 723 :ww

1796 731 1879 750 <tannae
1898 730 1982 749 -;ι“ι«1“ν,-

1796 764 1845 777 cere
1862 763 1880 776 ιιι
1891 757 1963 780 bugu.
