2182 3137
190 177 240 203 An.
255 176 284 202 c.
307 176 374 202 17:³0
421 168 462 199 δι’

205 237 325 258 Mandatum
336 242 373 262 pm
425 233 453 253 ιι.
479 223 643 252 Mandatum
668 220 883 250 commissionis
912 220 1032 249 traditae
1057 220 1127 249 visi·

191 263 373 315 ζὲῗξῖζῗῗξῖᾞεῗ
386 272 528 302 tatoribus
551 269 739 308 generalibus
762 269 800 298 sit
821 269 1018 308 subscriptum
1043 277 1056 298 a
1077 278 1126 308 pa-

191 316 310 362 ffss'ssffigffduj
327 315 429 349 ⁵⁰¹¹·trse
452 318 580 357 generali
614 322 642 347 et
671 317 706 346 ab
739 317 875 346 omnibus
897 316 1103 346 definitoribus
1117 339 1124 353 ,

386 371 592 405 remaneatque
625 370 653 395 ct
686 369 876 394 conservetur
908 365 983 404 apud
1012 369 1124 403 patrem

384 415 547 453 generalem
563 437 570 449 ‚
594 422 745 453 quousque
760 437 767 450 ‚
799 417 929 452 tempore
951 413 1126 442 visitationis

385 463 570 497 adveniente,
593 462 678 491 dictis
701 461 901 491 visitatoribus
933 471 998 491 cuin
1021 461 1126 499 sigillis

385 511 419 540 ab
442 511 504 549 ipso
522 510 724 548 consignetur.

424 568 463 588 ιιι.
483 560 541 587 Sex
557 559 703 596 eligantur
719 557 886 587 visitatores
903 557 1056 595 generales
1072 555 1125 585 sub

385 608 437 637 hac
468 608 579 643 forma,
604 606 766 636 nimirum:
800 605 858 635 duo
890 614 941 644 pro
975 605 1126 635 visitandis

384 654 569 685 monasteriis
593 655 621 684 in
646 654 745 692 regnis
767 653 907 683 Castellae
933 658 961 682 et
992 653 1128 691 Legionis

384 703 574 736 constituti&
609 702 666 731 (luo
698 702 747 731 alii
781 710 832 740 pro
866 700 1062 731 existentibus
1096 700 1125 729 in

385 752 535 790 provincia
553 751 686 780 Baeticae
702 750 866 787 visitandis,
881 749 968 779 simul
984 758 1049 778 cum
1066 758 1127 778 mo-

385 799 521 828 nasteriis
553 798 585 828 13.
610 798 718 827 Mariae
750 798 785 827 de
807 797 979 835 Guadalupe
994 821 1001 834 ,
1025 797 1054 826 S.
1078 796 1127 826 Ca-

387 846 519 875 tliarinae
541 845 756 875 Talabricensis
789 849 817 874 et
849 844 879 873 S.
901 843 1070 883 Hieronymi
1092 844 1127 873 de

385 895 479 932 lusto,
503 899 590 933 prout
612 894 764 932 hucusque
786 893 978 932 practicatum
1002 892 1075 928 suit,
1100 897 1129 921 et

386 943 442 973 (luo
465 952 517 982 pro
541 943 729 972 monasteriis
761 950 919 979 regnorum
951 941 1126 978 Aragoniae,

388 993 445 1021 nna
469 1001 534 1020 cum
558 990 735 1020 monasterio
758 991 792 1020 de
808 990 834 1019 ta
851 990 924 1019 Nora
942 993 969 1018 et
985 989 1127 1018 Caravaca

387 1039 560 1076 visitandis3
578 1048 701 1078 quorum
724 1038 798 1068 alter
821 1038 1066 1067 monasteriorum
1085 1037 1128 1066 di-

387 1092 501 1117 ctorum
525 1087 687 1124 Aragoniae
709 1095 867 1124 regnorum
896 1085 1043 1124 professus
1066 1093 1129 1114 esse

387 1136 501 1166 debeat.

427 1194 465 1214 iv.
490 1184 617 1214 Persona
642 1184 731 1223 patris
755 1183 902 1221 generalis
935 1192 950 1211 a
973 1182 1131 1212 visitatori-

389 1233 443 1262 bus
461 1232 648 1271 generalibus
671 1232 810 1262 Castellae
833 1230 1010 1269 generaliter
1033 1230 1132 1259 visite-

389 1286 436 1311 tur
465 1281 582 1310 interim
614 1290 670 1319 quo
700 1280 866 1309 celebratur
893 1279 1054 1318 capitulum
1083 1287 1132 1316 ge·

389 1331 506 1365 nerale,
530 1333 559 1359 et
591 1329 732 1368 quidquid
764 1328 952 1358 resultaverit
985 1337 1022 1357 ex
1052 1327 1132 1357 dicta,

391 1379 557 1408 visitatione
573 1382 673 1407 contra
690 1386 844 1416 personam
861 1376 952 1416 patris
974 1375 1131 1414 generalis,

390 1427 580 1465 consignetur
602 1425 806 1455 definitoribus
836 1425 886 1464 qui
908 1425 981 1454 illud
1004 1434 1133 1463 pronun-

391 1476 468 1505 cient
490 1476 519 1504 in
542 1474 734 1509 definiti0ne3
769 1473 846 1512 quod
869 1473 1042 1502 auctoritate
1064 1481 1133 1511 apo-

391 1524 494 1553 stolica
516 1523 722 1553 confirmatum
744 1525 798 1551 est.

214 1582 349 1612 visitatorum
361 1582 381 1602 in
432 1581 460 1600 r.
485 1572 571 1601 Pater
599 1570 744 1608 generalis
767 1568 969 1598 visitatoribus
991 1568 1135 1606 generali-

200 1611 447 1660 {ssiiffifflepaifgbus
479 1619 596 1658 aliquod
629 1617 836 1647 monasterium
873 1621 922 1646 aut
957 1616 1132 1646 monasteria

203 575 305 595 Numerus
325 579 372 593 visi-

191 603 289 621 tat-trum.

209 1200 238 1220 De
254 1199 375 1219 visitatione

195 1232 298 1252 porsena-³
312 1228 376 1251 patris

198 1253 310 1276 irenei-alis.

201 1661 302 1686 generati.
394 1677 462 1698 suae
485 1667 660 1697 visitationis
683 1670 732 1695 aut
754 1665 964 1704 designationis
982 1674 1039 1694 non
1056 1665 1135 1694 ause-

395 1721 451 1752 rat,
476 1725 570 1755 neque
592 1715 679 1745 etiam
696 1715 725 1744 in
741 1714 812 1753 ipsis
835 1713 1020 1743 monasteriis
1035 1722 1134 1743 casum

397 1769 446 1795 aut
468 1773 552 1794 casus
574 1763 687 1802 aliquos
710 1762 909 1792 visitatoribus
932 1761 1057 1799 limitet,
1081 1769 1135 1790 nec

397 1821 551 1851 personam
576 1816 626 1841 aut
648 1821 786 1850 personas
808 1810 844 1840 ab
873 1819 971 1840 eorum
1005 1809 1136 1848 generali

397 1861 564 1890 visitatione
586 1864 728 1890 reservet.

203 1916 386 1963 gergftsmffig:
437 1919 476 1939 vi.
500 1910 602 1939 Patres
625 1908 790 1938 visitatores
813 1907 965 1945 generales
993 1906 1073 1944 signa
1096 1906 1138 1935 sa-

205 1968 270 1989 ribus.
314 1958 319 1962 “
398 1959 477 1989 ciant
506 1961 644 1987 consueta
677 1956 828 1986 monachis
860 1964 924 1984 sero
953 1955 1138 1984 venientibus

399 2008 434 2037 ad
448 2008 581 2044 chorum,
594 2014 753 2044 eorumque
765 2004 970 2034 excusationes
982 2004 1137 2042 recipiant,

401 2055 592 2093 licentiusque
605 2053 765 2083 concedant
777 2052 844 2082 inde
856 2052 1018 2090 egressuris
1029 2061 1036 2088 3
1050 2052 1140 2081 idem-

401 2112 457 2143 que
479 2102 600 2132 omnino
616 2101 667 2130 fiat
689 2100 771 2130 tarde
793 2100 827 2129 ad
849 2099 1036 2129 refectorium
1059 2108 1140 2129 acce-

400 2150 538 2181 dentibus
552 2174 559 2188 ,
583 2150 639 2179 alia
661 2153 756 2178 tamen
781 2148 863 2186 signa
886 2148 993 2178 faciant
1015 2148 1138 2186 priores.

401 2199 499 2234 Quoad
522 2207 591 2228 vero
613 2198 708 2227 locum
725 2197 755 2226 in
778 2197 866 2226 choro
881 2197 925 2226 vel
941 2196 971 2225 in
987 2196 1141 2225 refectorio

401 2247 515 2287 priores
537 2255 655 2285 semper
678 2245 854 2284 praecedant
871 2244 1083 2281 visitatoribus,
1099 2249 1142 2274 at-

401 2304 457 2335 que
479 2295 518 2324 ita
540 2294 576 2324 ad
595 2294 704 2332 gratias
726 2297 869 2324 servetur.

207 2357 391 2388 osnmummna.
443 2353 490 2374 vn.
515 2344 579 2383 Ipso
601 2343 698 2379 facto,
720 2342 797 2382 quod
828 2342 962 2371 visitator
995 2340 1142 2379 generalis

207 2385 391 2435 ’ζῖὲξρῖξῆζζξζξ
402 2396 533 2431 acceptat
554 2392 680 2430 aliquem
695 2391 869 2430 prioratum,
886 2390 996 2429 absque
1018 2390 1077 2419 alia
1096 2399 1142 2419 re-

209 2438 322 2462 ¹'¹'¹⁰‘³'¹¹“
403 2441 592 2471 nunciatione
624 2444 707 2469 vacet
735 2439 865 2469 officium
893 2438 1071 2469 visitationis
1092 2447 1142 2476 ge-

403 2489 524 2520 neralis.

212 2540 337 2560 Vi⁵i¹³20r⁰⁸
352 2544 393 2560 ⁰0¹¹
443 2547 503 2568 viu.
516 2537 688 2567 Visitatores
704 2537 857 2576 generales
872 2545 930 2566 non
947 2535 1060 2575 possint
1075 2534 1143 2573 eligi

963 172 1143 196 BULLARlUM
1168 172 1322 195 ROMANt'M

1918 262 1956 276 nisi
1979 261 1999 276 in
2014 260 2101 281 proprio

1918 281 2055 307 professionis
2061 286 2105 302 mo-

1919 311 2020 328 namatio.

1168 267 1276 297 neralis
1299 268 1326 296 in
1352 267 1536 296 monasteriis
1559 267 1603 296 sui
1627 266 1781 303 territorii,
1799 266 1854 295 nisi
1877 266 1906 295 in

1169 315 1288 354 proprio
1309 324 1377 344 suae
1401 315 1602 353 professionis.

1208 373 1247 392 ix.
1261 363 1435 393 Visitatores
1451 364 1621 401 generales,
1640 363 1744 392 nedum
1763 366 1910 392 monaste—

1169 411 1210 442 ria
1228 421 1296 441 suae
1316 411 1504 450 professionis
1527 412 1646 441 visitare
1663 420 1718 441 non
1737 410 1860 450 possint,
1878 414 1909 439 ut

1169 461 1341 490 constitutio
1363 461 1511 499 disponit,
1536 470 1637 489 verum
1663 469 1715 490 nec
1745 469 1776 489 ea
1807 458 1855 488 ubi
1878 458 1907 487 in

1170 508 1297 538 triennio
1318 517 1388 538 suae
1418 509 1594 538 visitationis
1624 513 1769 546 tamquam
1803 506 1909 536 subditi

1170 561 1218 586 aut
1243 557 1408 595 superiores
1432 557 1569 586 vixerint.

1210 614 1238 634 x.
1263 605 1395 643 Eligendi
1428 605 1457 634 in
1489 604 1655 634 visitatores
1683 605 1834 643 generales
1863 604 1911 633 de-

1170 652 1259 682 beant
1283 653 1413 692 praecise
1435 653 1604 682 definitores
1627 653 1787 690 generales,
1804 652 1848 681 vel
1865 661 1912 681 ca-

1171 701 1255 739 pituli
1278 701 1384 739 privati
1405 701 1547 739 deputati,
1567 704 1615 729 aut
1633 700 1744 738 priores
1767 703 1910 729 monaste-

1170 749 1280 778 riorum
1304 749 1456 779 electionis
1479 753 1506 778 et
1529 749 1732 786 collegiorum,
1753 748 1798 777 vel
1822 748 1911 777 lecto-

1170 806 1217 826 res
1241 797 1367 834 iubilati,
1392 801 1441 827 aut
1465 797 1680 836 praedicatores
1704 797 1800 835 regiae
1823 796 1912 825 maie-

1171 845 1253 874 statis
1278 845 1307 874 in
1329 845 1472 874 exercitio
1495 845 1636 874 extitisse.

1212 902 1250 922 xi.
1276 893 1445 922 Visitatores
1474 893 1626 930 generales
1656 893 1766 931 possint
1799 893 1827 921 in
1861 894 1912 921 sua

1172 940 1339 970 visitatione
1372 950 1587 979 quemcumque
1620 941 1767 978 priorem,
1797 944 1914 978 propter

1172 989 1234 1018 eius
1266 989 1433 1018 diuturnam
1468 988 1668 1018 infirmitatem
1703 988 1846 1017 actualem
1869 988 1913 1017 vel

1172 1037 1372 1071 habitualem,
1397 1037 1485 1066 vitani
1514 1045 1697 1066 communem
1729 1036 1812 1075 sequi
1845 1036 1916 1065 acti-

1172 1086 1284 1124 busque
1317 1084 1536 1114 communitatis
1571 1084 1746 1122 regulariter
1778 1084 1915 1113 assistere

1173 1133 1363 1172 impotentem
1379 1157 1386 1169 ,
1410 1142 1424 1162 a
1448 1142 1500 1162 suo
1523 1132 1650 1171 prioratu
1674 1131 1834 1161 absolvere.
1922 1125 1926 1129 ’

1214 1190 1264 1210 xii.
1289 1181 1423 1210 Visitatio
1445 1180 1591 1218 generalis
1614 1180 1677 1209 fieri
1705 1189 1763 1209 non
1787 1179 1878 1218 possit
1900 1190 2026 1221 a,visitatio
2048 1206 2111 1226 gm-

1174 1234 1256 1269 patre
1292 1229 1442 1267 generali,
1942 1253 1993 1274 ossii
2015 1259 2029 1273 a
2066 1255 2110 1273 aire

1174 1277 1360 1315 generalibus
1376 1278 1405 1306 in
1422 1277 1549 1316 capitulo
1573 1276 1702 1313 generali
1718 1275 1914 1311 nominandis,
1926 1259 2032 1305 'generali-
2050 1258 2063 1278 p

1175 1327 1257 1355 utin
1280 1325 1490 1355 constitutione
1519 1324 1684 1363 disponitur
1717 1328 1745 1353 et
1776 1324 1916 1353 hactenus

1175 1374 1362 1404 observatum
1393 1373 1445 1402 suit
1461 1397 1468 1408 ,
1493 1373 1568 1402 sicut
1599 1372 1759 1411 capitulum
1781 1371 1931 1410 generale,

1175 1431 1307 1452 MDCXCVI
1322 1421 1442 1451 resolvit
1457 1430 1493 1450 ex
1509 1420 1716 1450 commissione
1731 1428 1832 1449 sacrae
1847 1419 1919 1449 Con-

1176 1469 1354 1508 gregationis
1378 1470 1581 1508 episcoporum
1603 1472 1630 1497 et
1653 1468 1842 1505 regularium.

1923 642 1973 665 »ligi
1992 641 2013 661 iu
2033 641 2106 660 visita-

1924 671 1988 688 tures.

1409 1544 1602 1573 Coxs'rrrrrto
1626 1542 1685 1571 ΧΠ.

1216 1613 1277 1642 Non
1293 1618 1371 1642 emeat
1385 1616 1465 1651 pater
1478 1612 1616 1650 generalis
1632 1616 1710 1640 extra
1727 1612 1919 1640 monasterium
1948 1632 1977 1653 De
1994 1631 2116 1652 assistentia

1176 1661 1205 1691 S.
1230 1662 1392 1699 Hieronymi
1413 1672 1430 1689 a
1452 1661 1513 1689 Iesu
1542 1661 1574 1689 de
1601 1660 1701 1697 Abala,
1726 1660 1771 1688 ubi
1793 1663 1830 1687 est
1852 1658 2116 1705 ⁰⁵⁸5·{'„³¹‘'1⁵„3325⁹2¹'0³2'j⁵{

1175 1715 1258 1748 gnata
1279 1711 1339 1740 eius
1360 1710 1511 1739 residentia
1534 1720 1550 1738 a
1572 1709 1706 1746 reliqz'onc
1721 1713 1746 1737 et
1761 1708 1922 1747 confirmata
1936 1712 1966 1758 εἰ]
1983 1710 2116 1758 'Hieronymi

1178 1770 1194 1788 α
1219 1758 1368 1788 venerabili
1392 1758 1547 1787 Innocentio
1562 1757 1603 1786 XI
1624 1758 1666 1787 dic
1688 1765 1746 1786 xxn
1768 1757 1921 1786 novembris
1937 1739 1950 1759 A
1969 1743 2044 1758 ΗΜ

1179 1817 1251 1836 anno
1273 1815 1473 1840 iinCLxxxvnt,
1492 1807 1527 1834 ad
1542 1805 1630 1834 locam
1646 1815 1692 1833 seu
1705 1809 1798 1844 partes
1814 1804 1921 1843 aliquas

1181 1855 1254 1883 ultra
1277 1856 1397 1893 quinque
1420 1854 1510 1883 leucas
1532 1854 1563 1882 ab
1585 1854 1676 1882 eodem
1697 1853 1848 1886 distantes,
1874 1862 1922 1882 nec

1180 1904 1260 1931 eliam
1285 1904 1359 1931 intra
1381 1902 1487 1931 easdem
1501 1902 1536 1930 ad
1552 1901 1646 1930 villam
1661 1901 1780 1939 aliquam
1801 1901 1921 1938 accedat,

1180 1952 1235 1980 nisi
1251 1952 1277 1980 in
1301 1960 1365 1979 casu
1387 1950 1505 1979 multum
1527 1951 1689 1983 necessario,
1707 1950 1737 1978 in
1752 1959 1814 1987 quo,
1831 1950 1854 1977 si
1870 1958 1924 1977 non

1182 2002 1244 2034 iret,
1270 2000 1421 2028 marimum
1443 1999 1570 2027 damnum
1593 1998 1723 2036 reliyz'oni
1750 1998 1780 2025 in
1799 1998 1924 2035 personis

1181 2048 1224 2078 vel
1251 2049 1282 2076 in
1309 2047 1389 2077 rebus
1416 2047 1606 2076 verisimiliter
1636 2047 1801 2075 immineret.
1838 2044 1924 2079 Quem

1183 2097 1277 2135 ntique
1290 2100 1398 2134 patrem
1411 2095 1567 2133 generalem
1583 2095 1724 2123 hortamur
1746 2095 1774 2122 in
1797 2092 1922 2125 Domino,

1183 2155 1216 2173 ne
1238 2145 1321 2173 eliam
1347 2145 1426 2182 infra
1457 2143 1542 2172 dictas
1574 2144 1694 2181 quinque
1725 2141 1815 2170 leucas
1846 2144 1924 2169 extra

1183 2194 1286 2222 dictum
1307 2193 1515 2228 monasterium,
1531 2191 1562 2219 in
1583 2194 1715 2229 quantum
1734 2190 1834 2228 poterit
1855 2198 1926 2217 com-

1182 2242 1268 2276 mode,
1291 2241 1368 2270 exire
1389 2242 1555 2279 frequentet,
1580 2243 1609 2267 u!
1630 2239 1659 2267 in
1682 2238 1844 2267 monasterio
1874 2246 1925 2275 pro

1182 2290 1360 2328 expediendis
1394 2288 1512 2326 negociis
1541 2285 1655 2317 Ordinis
1692 2285 1805 2324 facilius
1837 2285 1926 2314 valeat

1183 2347 1315 2368 znvemrz.

1425 2419 1685 2442 EXTRAVAGANTES.

1225 2494 1244 2515 ι.
1268 2484 1349 2514 Iusta
1370 2483 1457 2513 etiam
1488 2483 1578 2513 causa
1606 2481 1819 2511 interveniente
1842 2484 1924 2519 pater
1947 2501 1993 2521 aon
2003 2503 2064 2521 exeat
2077 2499 2120 2521 nisi

1913 170 1965 194 An.
1983 168 2011 195 C.
2035 168 2103 196 1730

1168 219 1197 248 in
1222 219 1333 258 priores
1355 228 1407 248 nec
1432 219 1459 248 in
1483 223 1687 257 procuratores
1716 218 1835 256 capituli
1858 227 2101 259 ge-eugendipnores
2135 226 2150 257 ᾗ.

1971 614 2009 638 qui
2025 614 2105 640 possint
2139 615 2141 617 ’

1468 1229 1516 1258 sed
1550 1228 1634 1257 unice
1667 1238 1681 1256 a
1715 1227 1915 1257 visitatoribus
1928 1228 1976 1248 ‘³¹⁶⁵
1997 1226 2043 1248 *³⁹³³
2069 1232 2110 1246 ⁰⁰¹¹
2152 1219 2160 1234 ³

2164 2238 2179 2301 :2⁴5
2164 2200 2182 2230 j<¹
2164 2135 2182 2189 ane:—
2157 2107 2178 2122 ᾧ.

2166 2505 2172 2514 ο
2167 2495 2170 2497 ’
2162 2465 2179 2486 922
2164 2357 2182 2459 καλιᾷ]
2167 2334 2177 2343 ι
2163 2315 2176 2322 ι’

1184 2532 1331 2572 generalis
1346 2541 1403 2561 non
1419 2535 1504 2561 exeat
1525 2540 1541 2560 a
1564 2528 1740 2560 monasterio
1758 2537 1828 2558 suae
1848 2527 1921 2557 resi·
1936 2526 2121 2548 ‘¹⁹00121ssi0du0*
