2182 3137
136 236 170 259 Λιι
200 235 226 258 ιζ,
252 234 315 258 1754·

170 712 213 731 Nun
231 712 310 730 taleam

141 745 285 757 ιιιιιιιιιιιιιιιιιιι
289 747 297 756 s

130 772 161 783 aa«
183 771 255 786 arunt.
271 770 308 783 nm

131 791 204 810 litteris
226 790 309 815 expett·-

131 820 162 838 tis.

157 1130 184 1150 De
199 1131 308 1156 impetran-

129 1157 183 1176 imus
209 1157 307 1176 bunt-tima

129 1189 165 1208 per
181 1183 258 1201 ubitam
280 1184 297 1202 sa

129 1210 239 1229 miliarium
264 1215 308 1229 eat·-

129 1235 236 1256 :liii-nimiu.

367 226 401 255 10

323 281 480 319 cautibus,
500 280 529 311 in
552 284 644 311 antea
671 277 792 315 fecerit,
815 276 933 308 nullius
960 274 1053 306 robo-

324 333 364 364 ris
390 334 436 365 vel
464 331 614 364 momenti
642 330 716 369 siut,
745 329 812 367 nisi,
836 333 908 370 post
929 327 1052 359 obitum

322 392 394 417 aute
424 391 453 417 et
490 385 593 415 datam
631 382 802 423 gratiarum
842 379 1050 417 huiusmodi,

323 443 441 470 tautum
469 443 593 478 tempus
619 434 794 473 ellluxerit,
816 433 900 475 quod
923 431 1052 464 interint

322 489 500 521 vacationes
522 488 608 530 ipsae
630 487 667 519 de
686 486 771 525 locis,
794 486 825 517 in
844 485 959 528 quibus
981 493 1052 526 per-

323 552 418 574 sonae
444 539 625 583 praedictae
652 537 877 576 decesserint,
904 536 943 569 ad
969 535 1052 568 noti-

323 594 394 625 tiam
426 592 568 625 eiusdem
591 589 780 623 sanctissimi
809 588 928 621 domini
951 587 1051 620 nostri

322 645 538 678 verisimiliter
563 642 726 686 potuerint
750 641 930 684 pervenire.

366 709 452 731 xxxi.
480 697 555 729 ltem
593 695 678 738 quod
715 705 825 728 omnes
852 699 882 727 et
906 693 1052 735 singulae

322 750 565 784 commissiones
591 757 768 786 causarum,
796 756 875 790 quas
901 746 932 778 in
958 751 1052 778 antea

322 803 390 835 fieri
417 801 597 844 contigerit,
623 800 785 840 obtentae,
806 799 854 832 vel
880 798 1051 832 occasione

321 855 568 888 concessionum
606 853 766 885 dumtaxat
798 852 1050 895 apostolicarum

321 909 359 941 ‹le
378 907 541 940 benefieiis
561 905 783 939 ecelesiasticis
802 905 984 947 gratiarum,
1005 914 1052 936 su-

321 971 378 1003 per
395 960 509 1003 quibus
528 959 653 992 litterae
669 957 864 1001 apostolicae
884 956 1050 989 confectae

320 1023 383 1046 nou
411 1012 549 1051 fuerint,
576 1022 611 1044 ae
637 1021 803 1054 processus
830 1010 969 1052 desuper
995 1009 1051 1041 ha-

320 1066 427 1105 bendi,
447 1065 565 1098 nullius
582 1065 644 1096 sint
663 1063 788 1096 roboris
814 1063 863 1096 vel
884 1061 1050 1095 momenti.

362 1128 453 1151 xxxu.
483 1118 558 1150 ltem
576 1117 683 1157 voluit,
701 1116 787 1159 quod
806 1115 982 1158 impetrans
999 1115 1052 1147 be-

320 1170 465 1202 neficium
492 1180 602 1202 vacans
637 1180 694 1213 per
726 1169 848 1201 obitum
887 1168 1050 1201 familiaris

320 1223 451 1255 alieuius
476 1222 644 1255 cardinalis
661 1248 668 1262 ‚
692 1227 841 1254 teneatur
866 1221 1051 1263 exprimere

319 1286 437 1309 nomen
464 1281 494 1308 et
521 1276 645 1308 titulum
678 1275 777 1318 ipsius
803 1273 1000 1313 cardinalis,
1025 1273 1050 1307 si

319 1329 372 1361 ille
398 1328 430 1360 in
455 1328 547 1360 Curta
572 1328 688 1366 fuerit,
710 1326 810 1370 ipsius
840 1327 877 1359 ad
904 1326 936 1359 id
962 1336 1052 1359 acce-

318 1382 369 1413 dat
393 1391 540 1414 assensus
557 1408 564 1421 ‚
588 1380 666 1413 alias
702 1381 842 1423 desuper
875 1380 977 1422 gratia
1008 1379 1051 1412 sit

319 1435 419 1474 nulla,
446 1440 476 1467 et
500 1435 583 1467 idem
609 1434 728 1466 servari
754 1433 871 1473 voluit,
897 1433 921 1465 si
948 1433 1051 1465 cardi-

319 1488 424 1527 nales,
450 1487 696 1530 quomodolibet
721 1486 758 1518 ab
785 1486 854 1530 ipsa
877 1485 969 1518 Curia
995 1486 1051 1519 ab·

319 1545 425 1572 sentes
450 1543 480 1572 et
504 1539 641 1572 ubilibet
676 1539 771 1571 etiam
805 1539 837 1571 in
863 1539 942 1572 loeis
968 1539 1051 1571 infra

319 1592 397 1624 duas
423 1592 523 1624 dietas
549 1591 658 1624 vicinis
684 1592 851 1634 degentes,
882 1591 1051 1624 familiam-

319 1654 381 1687 que
407 1649 438 1676 et
462 1645 544 1676 lares
565 1644 594 1676 in
614 1644 727 1677 eadem
746 1644 839 1677 Curia
861 1644 1050 1685 retinentes,

320 1697 359 1728 ab
385 1696 453 1738 ipsa
476 1696 568 1729 Curia
592 1697 809 1737 recesserint,
841 1697 878 1729 ad
905 1698 1050 1731 eamdem

321 1748 406 1781 illico
433 1749 610 1788 reversuri,
640 1755 671 1781 et
694 1749 776 1782 infra
801 1750 911 1782 decem
937 1746 1049 1784 vet‘ad

320 1811 480 1833 summum
505 1801 688 1844 quindecim
714 1801 782 1834 dics
805 1812 876 1835 rere
896 1808 926 1835 et
943 1813 1051 1846 perso-

322 1854 438 1886 naliter
463 1854 581 1887 rcversi
609 1855 747 1895 fuerint,
775 1855 815 1888 ita
839 1856 924 1898 quod
950 1856 1052 1889 cardi-

322 1906 458 1945 nalibus,
473 1907 548 1939 alias
565 1916 660 1950 quani
676 1913 707 1940 ut
720 1908 910 1951 praefertur,
927 1919 963 1942 ex
979 1919 1052 1952 qua-

322 1969 459 2002 cumque
484 1962 577 1992 causa
605 1960 840 2002 quantumlibet
872 1962 1051 1994 neccssaria

323 2017 353 2044 ct
372 2011 423 2043 liic
449 2013 630 2044 necessario
656 2013 881 2055 exprimenda,
910 2014 1052 2047 absenti-

322 2064 392 2102 bus,
413 2063 544 2095 facultas
571 2065 753 2106 praestandi
775 2076 968 2098 eonsensum
994 2067 1053 2099 liu-

322 2115 457 2147 iusmodi
484 2125 547 2147 non
584 2122 764 2158 competat,
802 2118 858 2150 sed
895 2118 1051 2152 beneficia

323 2167 502 2200 liuiusmodi
522 2168 560 2200 ad
579 2169 712 2201 liberam
729 2169 908 2203 Sanctitatis
922 2170 1002 2204 Suae
1022 2178 1052 2205 et

323 2220 413 2253 Sedis
433 2220 633 2263 Apostolicae
659 2222 875 2263 provisionem
893 2229 924 2256 ct
945 2224 1052 2267 dispo-

323 2272 471 2305 sitionem
497 2272 691 2314 pertineant.
723 2273 893 2308 Declarans
921 2278 1051 2318 regulas

323 2332 353 2357 et
382 2325 625 2359 constitutiones
661 2337 793 2359 suorum
825 2329 1054 2370 praedeeesso-

325 2389 392 2409 rum
425 2379 517 2410 etiam
554 2390 571 2411 a
608 2379 658 2412 die
693 2390 801 2412 earum
838 2381 990 2415 editionis
1023 2391 1053 2418 et

322 2430 550 2473 publicationis
574 2443 671 2475 super
695 2443 827 2465 assensu
867 2434 1051 2468 huiusmodi

323 2483 515 2524 praestando
541 2483 584 2516 sic
609 2484 788 2518 intellectas
814 2491 845 2518 et
870 2486 1053 2529 intelligen-

324 2535 380 2567 das
405 2534 516 2575 fuisse;
543 2535 744 2579 irritumque,
779 2543 852 2579 etc.‚
877 2541 1050 2582 attentari,

324 2586 514 2620 decernens.
541 2586 695 2632 Quodque
726 2589 749 2622 si
781 2591 936 2633 praedicti
964 2592 1053 2626 fami—

896 227 1071 251 sst't.L.xntt'.tt
1098 225 1250 248 nmirxxttst

1098 273 1202 310 liares,
1222 271 1409 304 eorumdem
1430 270 1641 303 cardinalium
1660 259 1833 304 familiares

1097 334 1168 356 esse
1194 323 1360 362 desierint,
1383 333 1439 355 seu
1465 323 1503 355 ad
1528 323 1663 356 aliorum
1689 323 1835 358 cardina-

1097 376 1174 409 lium
1203 375 1450 408 familiaritatem
1472 376 1609 409 similem
1637 376 1834 416 transierint,

1097 427 1202 470 quoad
1217 426 1385 468 beneficia,
1401 438 1483 470 quae
1503 428 1718 462 familiaritate
1732 428 1833 472 priori

1097 480 1234 512 durante
1256 480 1467 521 obtinuerint,
1486 486 1517 513 et
1535 481 1566 513 in
1592 481 1708 524 quibus
1725 482 1773 515 vel
1793 483 1833 516 ad

1096 542 1189 575 quae,
1216 531 1317 574 priori
1345 532 1414 575 ipsa
1440 533 1658 567 familiaritate
1685 535 1833 576 durante,

1096 584 1144 617 ius
1168 584 1213 617 eis
1231 584 1450 628 competierit,
1479 586 1671 626 cardinales,
1697 597 1833 630 quorum

1096 638 1184 681 prius
1210 637 1385 670 familiares
1410 638 1550 680 fuerint,
1576 649 1669 672 suum
1694 640 1836 674 habeant

1095 690 1251 723 adhibere
1277 701 1484 724 consensum.
1513 692 1708 732 Declarans,
1741 704 1835 736 prae-

1095 748 1219 776 sentem
1253 743 1517 777 eonstitutionem
1550 745 1655 777 locum
1688 756 1753 778 non
1779 746 1836 778 lia-

1095 796 1171 830 bere
1197 796 1228 829 in
1254 796 1317 830 illis
1346 796 1524 839 beneficiis,
1549 809 1633 841 quae
1660 799 1834 832 familiares

1095 849 1155 892 ipsi
1184 855 1331 892 tempore
1359 849 1465 883 obitus
1491 861 1602 883 eorum
1622 851 1653 884 in
1675 851 1759 884 dicta
1776 851 1836 885 Cu-

1096 902 1142 935 ria
1163 904 1211 936 vel
1238 908 1328 936 extra
1353 914 1422 936 eam
1444 903 1640 944 obtinerent,
1666 909 1719 936 aut
1739 909 1834 938 antea

1095 955 1331 997 obtinuissent,
1358 961 1389 988 et
1413 956 1538 989 ratione
1571 957 1750 990 officiorum
1776 968 1835 1000 per

1096 1018 1150 1040 eos
1177 1008 1384 1041 obtentorum
1417 1007 1521 1041 dietae
1548 1009 1754 1052 dispositioni
1779 1021 1835 1053 ge-

1095 1061 1251 1093 neraliter
1276 1066 1438 1093 reservata
1455 1062 1503 1094 vel
1530 1061 1641 1094 affecta
1662 1062 1760 1096 fuisse
1777 1073 1835 1106 ap-

1095 1119 1266 1156 parerent;
1292 1124 1420 1147 necnon
1446 1115 1520 1147 illos
1553 1114 1660 1157 quoad
1685 1114 1835 1148 effectum

1095 1166 1198 1200 dictae
1234 1167 1476 1200 constitutionis
1509 1167 1682 1201 familiares
1707 1178 1836 1202 eorum-

1096 1220 1166 1252 dem
1193 1220 1406 1254 cardinalium
1433 1220 1582 1262 censeri,
1609 1220 1663 1264 qui
1689 1221 1836 1264 ipsorum

1095 1273 1305 1306 cardinalium
1325 1273 1498 1307 familiares
1512 1273 1658 1306 continui
1673 1283 1836 1307 commen-

1095 1327 1180 1359 sales
1214 1327 1253 1359 ad
1278 1327 1384 1360 minus
1420 1337 1480 1370 per
1516 1332 1654 1370 quatuor
1685 1337 1835 1368 menses,

1095 1384 1283 1422 computato
1310 1379 1406 1412 etiam
1434 1384 1579 1423 tempore
1605 1384 1678 1412 ante
1702 1390 1836 1422 promo-

1097 1432 1216 1464 tionem
1249 1432 1287 1464 ad
1314 1432 1548 1465 cardinalatum
1565 1459 1572 1473 ,
1597 1432 1694 1466 fuisse
1718 1433 1836 1476 proba-

1095 1490 1216 1517 rentur.
1243 1484 1427 1517 Decernens
1452 1484 1589 1526 irritum,
1616 1490 1676 1519 ete.

1139 1547 1248 1570 xxxttt.
1275 1537 1352 1570 Item
1378 1537 1528 1571 dominus
1553 1543 1684 1578 noster,
1708 1538 1749 1572 ad
1771 1538 1837 1572 evi-

1096 1590 1207 1623 tandas
1244 1590 1315 1623 lites
1348 1595 1379 1624 et
1418 1591 1645 1624 contentiones
1678 1601 1761 1634 quae
1797 1602 1835 1625 cx

1095 1643 1304 1687 praecedenti
1344 1645 1400 1676 sua
1438 1644 1671 1678 constitutione
1715 1644 1835 1678 exoriri

1095 1702 1244 1739 possent,
1278 1696 1419 1739 vestigiis
1445 1697 1735 1740 praedecessorum
1760 1708 1836 1736 suo-v

1095 1760 1164 1782 rum
1190 1749 1406 1790 inhaerendo,
1428 1749 1540 1790 voluit,
1564 1750 1674 1783 statuit
1692 1755 1723 1783 et
1747 1750 1836 1784 ordi-

1096 1802 1191 1843 navit,
1217 1803 1316 1846 quod,
1335 1803 1360 1835 si
1387 1802 1557 1842 beneficia,
1575 1813 1657 1846 quae
1682 1813 1742 1846 per
1765 1803 1833 1837 obi-

1096 1860 1161 1888 tum
1199 1855 1404 1889 familiarium
1441 1855 1599 1888 continuo
1635 1866 1836 1890 commensa-

1095 1908 1174 1940 lium
1192 1907 1382 1941 eorumdem
1408 1908 1620 1941 cardinalium
1637 1908 1670 1941 in
1691 1908 1836 1943 futurum

1096 1960 1272 2001 vacabunt,
1295 1960 1498 1994 cessantibus
1521 1961 1708 2005 apostolicis
1732 1972 1836 1995 reser-

1095 2014 1289 2054 vationibus,
1313 2015 1352 2048 ad
1379 2015 1510 2048 alterius
1535 2015 1712 2048 cardinalis
1738 2016 1836 2049 colla-

1096 2067 1217 2100 tionem
1247 2068 1296 2100 vel
1334 2067 1429 2100 aliam
1467 2067 1712 2110 dispositionem
1738 2068 1836 2111 perti-

1095 2130 1172 2153 nere
1192 2120 1361 2160 deberent,
1380 2120 1410 2152 in
1430 2120 1514 2153 dicta
1532 2119 1742 2163 praecedenti
1760 2130 1836 2154 con·

1095 2173 1265 2206 stitutione
1291 2183 1356 2206 non
1379 2172 1702 2216 comprehendantur
1727 2173 1835 2216 quoad

1096 2226 1159 2259 lioc
1185 2231 1218 2258 ut
1243 2226 1276 2258 in
1308 2225 1550 2269 provisionibus
1576 2225 1686 2258 talium
1711 2225 1835 2260 henefi-

1095 2279 1218 2311 ciorum
1245 2288 1343 2322 super
1367 2278 1575 2322 expeditione
1600 2277 1780 2311 litterarum
1799 2280 1835 2313 il-

1096 2331 1156 2364 lius
1171 2331 1355 2372 cardinalis,
1369 2332 1460 2364 cuius
1477 2331 1644 2365 familiaris
1662 2331 1834 2367 defunctus

1096 2384 1149 2418 ille
1175 2385 1295 2426 extitit,
1322 2394 1499 2419 consensus
1539 2385 1660 2428 requiri
1692 2385 1833 2427 debeat;

1095 2438 1152 2470 sed
1179 2437 1337 2472 beneficia
1358 2438 1543 2471 huiusmodi
1561 2438 1601 2471 ad
1626 2438 1834 2473 collationem

1097 2500 1151 2522 seu
1189 2490 1331 2533 quamvis
1372 2490 1622 2534 dispositionem
1661 2492 1834 2526 cardinalis

1097 2542 1253 2575 ordinarii
1279 2543 1446 2576 collatoris
1474 2549 1507 2577 ut
1531 2544 1711 2587 praefertur
1729 2545 1834 2578 libere

1097 2601 1243 2639 spectare
1265 2601 1479 2638 censeantur3
1501 2602 1533 2630 et
1557 2597 1581 2630 si
1608 2596 1695 2642 apud
1715 2596 1833 2632 Sedem

1845 223 1894 250 An.
1913 224 1940 251 C.
1963 225 2031 253 1730

1872 1550 1943 1575 super
1954 1549 2030 1572 eadem

1846 1577 1996 1599 familiaritate.

2161 2214 2182 3137 ww*
2161 2128 2182 2205 ’ν’-’ὠ
2164 2097 2182 2119 52
2180 2026 2182 2083 mm
