<?xml version="1.0" encoding="UTF-8"?>
<!DOCTYPE html PUBLIC "-//W3C//DTD XHTML 1.0 Transitional//EN"
    "http://www.w3.org/TR/xhtml1/DTD/xhtml1-transitional.dtd">
<html xmlns="http://www.w3.org/1999/xhtml" xml:lang="en" lang="en">
 <head>
  <title>
</title>
<meta http-equiv="Content-Type" content="text/html;charset=utf-8" />
  <meta name='ocr-system' content='tesseract 3.04.00' />
  <meta name='ocr-capabilities' content='ocr_page ocr_carea ocr_par ocr_line ocrx_word'/>
</head>
<body>
  <div class='ocr_page' id='page_1' title='image "./bullarumdiplomat23cath_0172.png"; bbox 0 0 2182 3137; ppageno 0'>
   <div class='ocr_carea' id='block_1_1' title="bbox 224 173 411 200">
    <p class='ocr_par' dir='ltr' id='par_1_1' title="bbox 224 173 411 200">
     <span class='ocr_line' id='line_1_1' title="bbox 224 173 411 200; baseline -0.005 0"><span class='ocrx_word' id='word_1_1' title='bbox 224 177 273 200; x_wconf 80' lang='grc' dir='ltr'>Ᾰη.</span> <span class='ocrx_word' id='word_1_2' title='bbox 290 175 318 199; x_wconf 67' lang='lat'>⁴2.</span> <span class='ocrx_word' id='word_1_3' title='bbox 342 173 411 200; x_wconf 66' lang='lat'>{730</span> 
     </span>
    </p>
   </div>
   <div class='ocr_carea' id='block_1_2' title="bbox 219 1980 405 2190">
    <p class='ocr_par' dir='ltr' id='par_1_2' title="bbox 219 1980 405 2190">
     <span class='ocr_line' id='line_1_2' title="bbox 246 1980 404 2002; baseline -0.019 0"><span class='ocrx_word' id='word_1_4' title='bbox 246 1980 352 2002; x_wconf 76' lang='lat' dir='ltr'><strong>Nonnulla</strong></span> <span class='ocrx_word' id='word_1_5' title='bbox 367 1984 404 1999; x_wconf 86' lang='lat' dir='ltr'>eo-</span> 
     </span>
     <span class='ocr_line' id='line_1_3' title="bbox 221 2006 405 2031; baseline -0.022 -2"><span class='ocrx_word' id='word_1_6' title='bbox 221 2013 267 2029; x_wconf 84' lang='lat' dir='ltr'>rum</span> <span class='ocrx_word' id='word_1_7' title='bbox 278 2006 405 2031; x_wconf 74' lang='lat' dir='ltr'>consangni-</span> 
     </span>
     <span class='ocr_line' id='line_1_4' title="bbox 219 2033 404 2056; baseline -0.022 -1"><span class='ocrx_word' id='word_1_8' title='bbox 219 2040 316 2056; x_wconf 82' lang='lat' dir='ltr'>ueorum.</span> <span class='ocrx_word' id='word_1_9' title='bbox 327 2033 360 2053; x_wconf 86' lang='lat' dir='ltr'>vel</span> <span class='ocrx_word' id='word_1_10' title='bbox 371 2033 404 2053; x_wconf 83' lang='lat' dir='ltr'>liis</span> 
     </span>
     <span class='ocr_line' id='line_1_5' title="bbox 221 2059 404 2081; baseline -0.011 0"><span class='ocrx_word' id='word_1_11' title='bbox 221 2059 368 2081; x_wconf 76' lang='lat' dir='ltr'>deficientibus</span> <span class='ocrx_word' id='word_1_12' title='bbox 375 2060 404 2079; x_wconf 79' lang='lat' dir='ltr'>fa-</span> 
     </span>
     <span class='ocr_line' id='line_1_6' title="bbox 220 2086 404 2108; baseline -0.016 0"><span class='ocrx_word' id='word_1_13' title='bbox 220 2087 334 2108; x_wconf 77' lang='lat' dir='ltr'>miliarium</span> <span class='ocrx_word' id='word_1_14' title='bbox 345 2086 404 2106; x_wconf 76' lang='lat' dir='ltr'>faro-</span> 
     </span>
     <span class='ocr_line' id='line_1_7' title="bbox 220 2112 404 2135; baseline -0.016 -1"><span class='ocrx_word' id='word_1_15' title='bbox 220 2120 243 2134; x_wconf 87' lang='lat' dir='ltr'>re</span> <span class='ocrx_word' id='word_1_16' title='bbox 259 2113 342 2135; x_wconf 79' lang='lat' dir='ltr'>statuit.</span> <span class='ocrx_word' id='word_1_17' title='bbox 353 2113 370 2132; x_wconf 85' lang='lat' dir='ltr'>si</span> <span class='ocrx_word' id='word_1_18' title='bbox 382 2112 404 2131; x_wconf 86' lang='lat' dir='ltr'>il-</span> 
     </span>
     <span class='ocr_line' id='line_1_8' title="bbox 221 2140 403 2160; baseline -0.016 0"><span class='ocrx_word' id='word_1_19' title='bbox 221 2141 251 2160; x_wconf 87' lang='lat' dir='ltr'>los</span> <span class='ocrx_word' id='word_1_20' title='bbox 261 2140 288 2160; x_wconf 75' lang='lat' dir='ltr'>ab</span> <span class='ocrx_word' id='word_1_21' title='bbox 305 2140 403 2159; x_wconf 79' lang='lat' dir='ltr'>intestato</span> 
     </span>
     <span class='ocr_line' id='line_1_9' title="bbox 222 2166 405 2190; baseline -0.016 -3"><span class='ocrx_word' id='word_1_22' title='bbox 222 2166 281 2187; x_wconf 81' lang='lat' dir='ltr'>obire</span> <span class='ocrx_word' id='word_1_23' title='bbox 290 2167 405 2190; x_wconf 75' lang='lat' dir='ltr'>contingat.</span> 
     </span>
    </p>
   </div>
   <div class='ocr_carea' id='block_1_3' title="bbox 413 164 1159 2117">
    <p class='ocr_par' dir='ltr' id='par_1_3' title="bbox 413 164 1159 1952">
     <span class='ocr_line' id='line_1_10' title="bbox 458 164 522 197; baseline -0.047 -1"><span class='ocrx_word' id='word_1_24' title='bbox 458 164 522 197; x_wconf 59' lang='lat'>¹1:⁸10</span> 
     </span>
     <span class='ocr_line' id='line_1_11' title="bbox 418 221 1157 266; baseline -0.004 -11"><span class='ocrx_word' id='word_1_25' title='bbox 418 225 507 255; x_wconf 89' lang='lat' dir='ltr'>nium</span> <span class='ocrx_word' id='word_1_26' title='bbox 534 234 569 256; x_wconf 88' lang='lat' dir='ltr'>ac</span> <span class='ocrx_word' id='word_1_27' title='bbox 595 233 877 266; x_wconf 83' lang='lat' dir='ltr'>quorumcumque</span> <span class='ocrx_word' id='word_1_28' title='bbox 914 223 1062 255; x_wconf 90' lang='lat' dir='ltr'>locorum</span> <span class='ocrx_word' id='word_1_29' title='bbox 1088 221 1157 263; x_wconf 88' lang='lat' dir='ltr'>pio-</span> 
     </span>
     <span class='ocr_line' id='line_1_12' title="bbox 418 274 1159 316; baseline -0.004 -8"><span class='ocrx_word' id='word_1_30' title='bbox 418 287 490 308; x_wconf 92' lang='lat' dir='ltr'>rum</span> <span class='ocrx_word' id='word_1_31' title='bbox 516 277 659 308; x_wconf 87' lang='lat' dir='ltr'>favorem</span> <span class='ocrx_word' id='word_1_32' title='bbox 685 280 717 308; x_wconf 89' lang='lat' dir='ltr'>et</span> <span class='ocrx_word' id='word_1_33' title='bbox 742 286 845 314; x_wconf 89' lang='lat' dir='ltr'>usum,</span> <span class='ocrx_word' id='word_1_34' title='bbox 872 285 909 307; x_wconf 88' lang='lat' dir='ltr'>ac</span> <span class='ocrx_word' id='word_1_35' title='bbox 933 274 1012 307; x_wconf 77' lang='lat' dir='ltr'>alias</span> <span class='ocrx_word' id='word_1_36' title='bbox 1034 284 1094 316; x_wconf 88' lang='lat' dir='ltr'>pro</span> <span class='ocrx_word' id='word_1_37' title='bbox 1111 283 1159 305; x_wconf 86' lang='lat' dir='ltr'>ar-</span> 
     </span>
     <span class='ocr_line' id='line_1_13' title="bbox 416 327 1159 362; baseline -0.004 -1"><span class='ocrx_word' id='word_1_38' title='bbox 416 330 515 362; x_wconf 87' lang='lat' dir='ltr'>bitrio</span> <span class='ocrx_word' id='word_1_39' title='bbox 542 335 573 362; x_wconf 92' lang='lat' dir='ltr'>et</span> <span class='ocrx_word' id='word_1_40' title='bbox 597 330 765 361; x_wconf 90' lang='lat' dir='ltr'>voluntate</span> <span class='ocrx_word' id='word_1_41' title='bbox 789 329 907 361; x_wconf 87' lang='lat' dir='ltr'>vestris</span> <span class='ocrx_word' id='word_1_42' title='bbox 932 334 964 360; x_wconf 89' lang='lat' dir='ltr'>et</span> <span class='ocrx_word' id='word_1_43' title='bbox 988 327 1159 360; x_wconf 88' lang='lat' dir='ltr'>cuiuslibet</span> 
     </span>
     <span class='ocr_line' id='line_1_14' title="bbox 418 381 1157 421; baseline -0.004 -7"><span class='ocrx_word' id='word_1_44' title='bbox 418 386 561 414; x_wconf 89' lang='lat' dir='ltr'>vestrum</span> <span class='ocrx_word' id='word_1_45' title='bbox 577 382 745 421; x_wconf 76' lang='lat' dir='ltr'>absolutis,</span> <span class='ocrx_word' id='word_1_46' title='bbox 764 381 883 420; x_wconf 86' lang='lat' dir='ltr'>testari,</span> <span class='ocrx_word' id='word_1_47' title='bbox 903 386 934 413; x_wconf 92' lang='lat' dir='ltr'>et</span> <span class='ocrx_word' id='word_1_48' title='bbox 950 384 1157 418; x_wconf 82' lang='lat' dir='ltr'>testamento,</span> 
     </span>
     <span class='ocr_line' id='line_1_15' title="bbox 416 432 1159 475; baseline -0.005 -8"><span class='ocrx_word' id='word_1_49' title='bbox 416 434 589 472; x_wconf 75' lang='lat' dir='ltr'>codicillis,</span> <span class='ocrx_word' id='word_1_50' title='bbox 614 433 884 472; x_wconf 83' lang='lat' dir='ltr'>fideicommissis,</span> <span class='ocrx_word' id='word_1_51' title='bbox 911 433 1035 475; x_wconf 83' lang='lat' dir='ltr'>legatis,</span> <span class='ocrx_word' id='word_1_52' title='bbox 1063 432 1159 464; x_wconf 84' lang='lat' dir='ltr'>dona-</span> 
     </span>
     <span class='ocr_line' id='line_1_16' title="bbox 418 487 1159 529; baseline -0.004 -10"><span class='ocrx_word' id='word_1_53' title='bbox 418 487 564 520; x_wconf 89' lang='lat' dir='ltr'>tionibus</span> <span class='ocrx_word' id='word_1_54' title='bbox 603 492 666 519; x_wconf 87' lang='lat' dir='ltr'>tam</span> <span class='ocrx_word' id='word_1_55' title='bbox 704 487 788 520; x_wconf 89' lang='lat' dir='ltr'>inter</span> <span class='ocrx_word' id='word_1_56' title='bbox 818 487 907 519; x_wconf 91' lang='lat' dir='ltr'>vivos</span> <span class='ocrx_word' id='word_1_57' title='bbox 943 497 1038 529; x_wconf 86' lang='lat' dir='ltr'>quam</span> <span class='ocrx_word' id='word_1_58' title='bbox 1064 487 1159 517; x_wconf 75' lang='lat' dir='ltr'>causa</span> 
     </span>
     <span class='ocr_line' id='line_1_17' title="bbox 415 538 1159 583; baseline -0.005 -11"><span class='ocrx_word' id='word_1_59' title='bbox 415 540 531 572; x_wconf 88' lang='lat' dir='ltr'>mortis</span> <span class='ocrx_word' id='word_1_60' title='bbox 558 545 589 572; x_wconf 88' lang='lat' dir='ltr'>et</span> <span class='ocrx_word' id='word_1_61' title='bbox 614 539 686 572; x_wconf 87' lang='lat' dir='ltr'>aliis</span> <span class='ocrx_word' id='word_1_62' title='bbox 711 540 971 583; x_wconf 87' lang='lat' dir='ltr'>quibuscumque</span> <span class='ocrx_word' id='word_1_63' title='bbox 997 538 1103 570; x_wconf 88' lang='lat' dir='ltr'>modis</span> <span class='ocrx_word' id='word_1_64' title='bbox 1128 541 1159 569; x_wconf 91' lang='lat' dir='ltr'>et</span> 
     </span>
     <span class='ocr_line' id='line_1_18' title="bbox 415 590 1157 635; baseline -0.005 -10"><span class='ocrx_word' id='word_1_65' title='bbox 415 592 540 631; x_wconf 88' lang='lat' dir='ltr'>titulis,</span> <span class='ocrx_word' id='word_1_66' title='bbox 566 593 728 635; x_wconf 71' lang='lat' dir='ltr'>scriptura</span> <span class='ocrx_word' id='word_1_67' title='bbox 758 593 854 625; x_wconf 90' lang='lat' dir='ltr'>ctiam</span> <span class='ocrx_word' id='word_1_68' title='bbox 888 592 994 624; x_wconf 91' lang='lat' dir='ltr'>minus</span> <span class='ocrx_word' id='word_1_69' title='bbox 1019 590 1157 623; x_wconf 82' lang='lat' dir='ltr'>solemni</span> 
     </span>
     <span class='ocr_line' id='line_1_19' title="bbox 415 645 1159 679; baseline -0.005 -1"><span class='ocrx_word' id='word_1_70' title='bbox 415 656 526 678; x_wconf 85' lang='lat' dir='ltr'>coram</span> <span class='ocrx_word' id='word_1_71' title='bbox 553 646 681 679; x_wconf 87' lang='lat' dir='ltr'>duobus</span> <span class='ocrx_word' id='word_1_72' title='bbox 715 647 764 678; x_wconf 90' lang='lat' dir='ltr'>vel</span> <span class='ocrx_word' id='word_1_73' title='bbox 797 646 900 678; x_wconf 89' lang='lat' dir='ltr'>tribus</span> <span class='ocrx_word' id='word_1_74' title='bbox 933 645 1070 677; x_wconf 85' lang='lat' dir='ltr'>testibus</span> <span class='ocrx_word' id='word_1_75' title='bbox 1104 648 1159 675; x_wconf 86' lang='lat' dir='ltr'>aut</span> 
     </span>
     <span class='ocr_line' id='line_1_20' title="bbox 416 696 1159 738; baseline -0.005 -7"><span class='ocrx_word' id='word_1_76' title='bbox 416 699 512 732; x_wconf 85' lang='lat' dir='ltr'>etiam</span> <span class='ocrx_word' id='word_1_77' title='bbox 538 699 655 731; x_wconf 76' lang='lat' dir='ltr'>cedula</span> <span class='ocrx_word' id='word_1_78' title='bbox 679 700 748 732; x_wconf 74' lang='lat' dir='ltr'>sola</span> <span class='ocrx_word' id='word_1_79' title='bbox 777 709 872 731; x_wconf 87' lang='lat' dir='ltr'>manu</span> <span class='ocrx_word' id='word_1_80' title='bbox 899 699 1005 730; x_wconf 74' lang='lat' dir='ltr'>vestra</span> <span class='ocrx_word' id='word_1_81' title='bbox 1038 696 1159 738; x_wconf 72' lang='lat' dir='ltr'>scripta</span> 
     </span>
     <span class='ocr_line' id='line_1_21' title="bbox 415 750 1158 795; baseline -0.007 -11"><span class='ocrx_word' id='word_1_82' title='bbox 415 753 464 785; x_wconf 93' lang='lat' dir='ltr'>vel</span> <span class='ocrx_word' id='word_1_83' title='bbox 502 752 686 795; x_wconf 77' lang='lat' dir='ltr'>subscripta</span> <span class='ocrx_word' id='word_1_84' title='bbox 711 757 744 784; x_wconf 90' lang='lat' dir='ltr'>et</span> <span class='ocrx_word' id='word_1_85' title='bbox 768 752 847 784; x_wconf 75' lang='lat' dir='ltr'>alias</span> <span class='ocrx_word' id='word_1_86' title='bbox 877 751 909 783; x_wconf 93' lang='lat' dir='ltr'>in</span> <span class='ocrx_word' id='word_1_87' title='bbox 944 750 1093 783; x_wconf 89' lang='lat' dir='ltr'>omnibus</span> <span class='ocrx_word' id='word_1_88' title='bbox 1127 753 1158 780; x_wconf 93' lang='lat' dir='ltr'>et</span> 
     </span>
     <span class='ocr_line' id='line_1_22' title="bbox 415 802 1157 848; baseline -0.007 -10"><span class='ocrx_word' id='word_1_89' title='bbox 415 816 475 848; x_wconf 88' lang='lat' dir='ltr'>per</span> <span class='ocrx_word' id='word_1_90' title='bbox 501 805 610 838; x_wconf 86' lang='lat' dir='ltr'>omnia</span> <span class='ocrx_word' id='word_1_91' title='bbox 635 811 731 847; x_wconf 87' lang='lat' dir='ltr'>prout</span> <span class='ocrx_word' id='word_1_92' title='bbox 748 811 779 837; x_wconf 89' lang='lat' dir='ltr'>et</span> <span class='ocrx_word' id='word_1_93' title='bbox 796 803 1046 847; x_wconf 73' lang='lat' dir='ltr'>quomodolibet</span> <span class='ocrx_word' id='word_1_94' title='bbox 1067 802 1157 834; x_wconf 89' lang='lat' dir='ltr'>vobis</span> 
     </span>
     <span class='ocr_line' id='line_1_23' title="bbox 414 855 1156 901; baseline -0.005 -11"><span class='ocrx_word' id='word_1_95' title='bbox 414 859 585 897; x_wconf 89' lang='lat' dir='ltr'>videbitur,</span> <span class='ocrx_word' id='word_1_96' title='bbox 612 859 708 891; x_wconf 84' lang='lat' dir='ltr'>etiam</span> <span class='ocrx_word' id='word_1_97' title='bbox 745 859 778 890; x_wconf 91' lang='lat' dir='ltr'>in</span> <span class='ocrx_word' id='word_1_98' title='bbox 815 858 886 901; x_wconf 71' lang='lat' dir='ltr'>ipsa</span> <span class='ocrx_word' id='word_1_99' title='bbox 921 856 1015 889; x_wconf 77' lang='lat' dir='ltr'>Curia</span> <span class='ocrx_word' id='word_1_100' title='bbox 1056 860 1088 887; x_wconf 87' lang='lat' dir='ltr'>ct</span> <span class='ocrx_word' id='word_1_101' title='bbox 1124 855 1156 886; x_wconf 90' lang='lat' dir='ltr'>in</span> 
     </span>
     <span class='ocr_line' id='line_1_24' title="bbox 415 910 1158 950; baseline -0.008 -5"><span class='ocrx_word' id='word_1_102' title='bbox 415 912 528 945; x_wconf 89' lang='lat' dir='ltr'>mortis</span> <span class='ocrx_word' id='word_1_103' title='bbox 554 912 703 950; x_wconf 75' lang='lat' dir='ltr'>articulo,</span> <span class='ocrx_word' id='word_1_104' title='bbox 730 911 826 943; x_wconf 84' lang='lat' dir='ltr'>etiam</span> <span class='ocrx_word' id='word_1_105' title='bbox 852 911 941 942; x_wconf 73' lang='lat' dir='ltr'>nulla</span> <span class='ocrx_word' id='word_1_106' title='bbox 967 910 1047 941; x_wconf 77' lang='lat' dir='ltr'>facta</span> <span class='ocrx_word' id='word_1_107' title='bbox 1072 917 1158 940; x_wconf 89' lang='lat' dir='ltr'>men-</span> 
     </span>
     <span class='ocr_line' id='line_1_25' title="bbox 414 961 1157 1008; baseline -0.008 -10"><span class='ocrx_word' id='word_1_108' title='bbox 414 966 503 998; x_wconf 80' lang='lat' dir='ltr'>tione</span> <span class='ocrx_word' id='word_1_109' title='bbox 528 965 715 1008; x_wconf 84' lang='lat' dir='ltr'>praesentis</span> <span class='ocrx_word' id='word_1_110' title='bbox 743 965 792 996; x_wconf 93' lang='lat' dir='ltr'>vcl</span> <span class='ocrx_word' id='word_1_111' title='bbox 822 964 958 996; x_wconf 87' lang='lat' dir='ltr'>aliarum</span> <span class='ocrx_word' id='word_1_112' title='bbox 984 961 1072 994; x_wconf 90' lang='lat' dir='ltr'>vobis</span> <span class='ocrx_word' id='word_1_113' title='bbox 1097 971 1157 1003; x_wconf 93' lang='lat' dir='ltr'>pro</span> 
     </span>
     <span class='ocr_line' id='line_1_26' title="bbox 413 1014 1158 1061; baseline -0.008 -11"><span class='ocrx_word' id='word_1_114' title='bbox 413 1024 561 1061; x_wconf 87' lang='lat' dir='ltr'>tempore</span> <span class='ocrx_word' id='word_1_115' title='bbox 587 1027 816 1050; x_wconf 87' lang='lat' dir='ltr'>concessarum</span> <span class='ocrx_word' id='word_1_116' title='bbox 842 1016 998 1047; x_wconf 78' lang='lat' dir='ltr'>similium</span> <span class='ocrx_word' id='word_1_117' title='bbox 1025 1014 1158 1046; x_wconf 86' lang='lat' dir='ltr'>faculta-</span> 
     </span>
     <span class='ocr_line' id='line_1_27' title="bbox 414 1065 1156 1113; baseline -0.009 -10"><span class='ocrx_word' id='word_1_118' title='bbox 414 1077 480 1104; x_wconf 89' lang='lat' dir='ltr'>tum</span> <span class='ocrx_word' id='word_1_119' title='bbox 497 1098 504 1110; x_wconf 83' lang='lat'>,</span> <span class='ocrx_word' id='word_1_120' title='bbox 532 1075 585 1103; x_wconf 89' lang='lat' dir='ltr'>aut</span> <span class='ocrx_word' id='word_1_121' title='bbox 611 1071 698 1113; x_wconf 89' lang='lat' dir='ltr'>quod</span> <span class='ocrx_word' id='word_1_122' title='bbox 724 1070 757 1101; x_wconf 91' lang='lat' dir='ltr'>in</span> <span class='ocrx_word' id='word_1_123' title='bbox 782 1070 844 1101; x_wconf 92' lang='lat' dir='ltr'>vim</span> <span class='ocrx_word' id='word_1_124' title='bbox 880 1068 1008 1101; x_wconf 84' lang='lat' dir='ltr'>illarum</span> <span class='ocrx_word' id='word_1_125' title='bbox 1047 1065 1156 1098; x_wconf 86' lang='lat' dir='ltr'>testari</span> 
     </span>
     <span class='ocr_line' id='line_1_28' title="bbox 416 1119 1158 1166; baseline -0.009 -10"><span class='ocrx_word' id='word_1_126' title='bbox 416 1134 473 1156; x_wconf 90' lang='lat' dir='ltr'>seu</span> <span class='ocrx_word' id='word_1_127' title='bbox 501 1123 679 1166; x_wconf 76' lang='lat' dir='ltr'>disponere</span> <span class='ocrx_word' id='word_1_128' title='bbox 704 1122 809 1155; x_wconf 89' lang='lat' dir='ltr'>velitis</span> <span class='ocrx_word' id='word_1_129' title='bbox 834 1127 866 1154; x_wconf 91' lang='lat' dir='ltr'>et</span> <span class='ocrx_word' id='word_1_130' title='bbox 890 1119 1081 1157; x_wconf 83' lang='lat' dir='ltr'>intendatis,</span> <span class='ocrx_word' id='word_1_131' title='bbox 1109 1128 1158 1150; x_wconf 90' lang='lat' dir='ltr'>se-</span> 
     </span>
     <span class='ocr_line' id='line_1_29' title="bbox 416 1173 1156 1218; baseline -0.008 -10"><span class='ocrx_word' id='word_1_132' title='bbox 416 1177 481 1208; x_wconf 90' lang='lat' dir='ltr'>mel</span> <span class='ocrx_word' id='word_1_133' title='bbox 508 1181 604 1218; x_wconf 89' lang='lat' dir='ltr'>atquc</span> <span class='ocrx_word' id='word_1_134' title='bbox 632 1176 749 1207; x_wconf 89' lang='lat' dir='ltr'>iterum</span> <span class='ocrx_word' id='word_1_135' title='bbox 768 1180 821 1206; x_wconf 88' lang='lat' dir='ltr'>aut</span> <span class='ocrx_word' id='word_1_136' title='bbox 837 1174 961 1217; x_wconf 89' lang='lat' dir='ltr'>pluries</span> <span class='ocrx_word' id='word_1_137' title='bbox 980 1173 1156 1214; x_wconf 81' lang='lat' dir='ltr'>disponere</span> 
     </span>
     <span class='ocr_line' id='line_1_30' title="bbox 414 1225 1156 1268; baseline -0.007 -6"><span class='ocrx_word' id='word_1_138' title='bbox 414 1235 562 1262; x_wconf 75' lang='lat' dir='ltr'>statuere</span> <span class='ocrx_word' id='word_1_139' title='bbox 603 1234 634 1261; x_wconf 92' lang='lat' dir='ltr'>ct</span> <span class='ocrx_word' id='word_1_140' title='bbox 669 1229 840 1267; x_wconf 84' lang='lat' dir='ltr'>ordinare,</span> <span class='ocrx_word' id='word_1_141' title='bbox 879 1228 961 1259; x_wconf 87' lang='lat' dir='ltr'>itaut</span> <span class='ocrx_word' id='word_1_142' title='bbox 999 1225 1156 1268; x_wconf 87' lang='lat' dir='ltr'>quidquid</span> 
     </span>
     <span class='ocr_line' id='line_1_31' title="bbox 414 1280 1157 1324; baseline -0.008 -10"><span class='ocrx_word' id='word_1_143' title='bbox 414 1287 588 1322; x_wconf 86' lang='lat' dir='ltr'>testatum,</span> <span class='ocrx_word' id='word_1_144' title='bbox 620 1287 744 1324; x_wconf 80' lang='lat' dir='ltr'>gestum</span> <span class='ocrx_word' id='word_1_145' title='bbox 777 1285 833 1313; x_wconf 79' lang='lat' dir='ltr'>aut</span> <span class='ocrx_word' id='word_1_146' title='bbox 863 1280 1069 1317; x_wconf 80' lang='lat' dir='ltr'>ordinatum,</span> <span class='ocrx_word' id='word_1_147' title='bbox 1100 1288 1157 1309; x_wconf 83' lang='lat' dir='ltr'>seu</span> 
     </span>
     <span class='ocr_line' id='line_1_32' title="bbox 413 1330 1157 1378; baseline -0.007 -11"><span class='ocrx_word' id='word_1_148' title='bbox 413 1335 492 1367; x_wconf 74' lang='lat' dir='ltr'>alias</span> <span class='ocrx_word' id='word_1_149' title='bbox 518 1335 710 1378; x_wconf 90' lang='lat' dir='ltr'>dispositum</span> <span class='ocrx_word' id='word_1_150' title='bbox 728 1345 746 1366; x_wconf 87' lang='lat' dir='ltr'>a</span> <span class='ocrx_word' id='word_1_151' title='bbox 766 1333 857 1366; x_wconf 88' lang='lat' dir='ltr'>vobis</span> <span class='ocrx_word' id='word_1_152' title='bbox 882 1332 988 1371; x_wconf 86' lang='lat' dir='ltr'>fuerit,</span> <span class='ocrx_word' id='word_1_153' title='bbox 1008 1332 1105 1364; x_wconf 86' lang='lat' dir='ltr'>ctiam</span> <span class='ocrx_word' id='word_1_154' title='bbox 1125 1330 1157 1361; x_wconf 91' lang='lat' dir='ltr'>in</span> 
     </span>
     <span class='ocr_line' id='line_1_33' title="bbox 414 1384 1158 1431; baseline -0.005 -12"><span class='ocrx_word' id='word_1_155' title='bbox 414 1389 477 1420; x_wconf 89' lang='lat' dir='ltr'>vim</span> <span class='ocrx_word' id='word_1_156' title='bbox 516 1388 673 1431; x_wconf 87' lang='lat' dir='ltr'>simplicis</span> <span class='ocrx_word' id='word_1_157' title='bbox 710 1386 974 1424; x_wconf 80' lang='lat' dir='ltr'>distributionis,</span> <span class='ocrx_word' id='word_1_158' title='bbox 1007 1396 1043 1417; x_wconf 89' lang='lat' dir='ltr'>ac</span> <span class='ocrx_word' id='word_1_159' title='bbox 1079 1384 1158 1416; x_wconf 75' lang='lat' dir='ltr'>alias</span> 
     </span>
     <span class='ocr_line' id='line_1_34' title="bbox 415 1440 1159 1474; baseline -0.007 0"><span class='ocrx_word' id='word_1_160' title='bbox 415 1441 505 1474; x_wconf 90' lang='lat' dir='ltr'>omni</span> <span class='ocrx_word' id='word_1_161' title='bbox 532 1441 596 1474; x_wconf 89' lang='lat' dir='ltr'>alio</span> <span class='ocrx_word' id='word_1_162' title='bbox 622 1441 748 1474; x_wconf 90' lang='lat' dir='ltr'>meliori</span> <span class='ocrx_word' id='word_1_163' title='bbox 774 1441 871 1473; x_wconf 85' lang='lat' dir='ltr'>modo</span> <span class='ocrx_word' id='word_1_164' title='bbox 897 1440 1001 1472; x_wconf 83' lang='lat' dir='ltr'>valeat</span> <span class='ocrx_word' id='word_1_165' title='bbox 1027 1444 1058 1471; x_wconf 86' lang='lat' dir='ltr'>et</span> <span class='ocrx_word' id='word_1_166' title='bbox 1092 1448 1159 1470; x_wconf 87' lang='lat' dir='ltr'>ser-</span> 
     </span>
     <span class='ocr_line' id='line_1_35' title="bbox 418 1491 1159 1536; baseline -0.007 -9"><span class='ocrx_word' id='word_1_167' title='bbox 418 1495 486 1527; x_wconf 86' lang='lat' dir='ltr'>vari</span> <span class='ocrx_word' id='word_1_168' title='bbox 513 1494 652 1534; x_wconf 87' lang='lat' dir='ltr'>debeat·,</span> <span class='ocrx_word' id='word_1_169' title='bbox 679 1494 816 1536; x_wconf 85' lang='lat' dir='ltr'>ipsaque</span> <span class='ocrx_word' id='word_1_170' title='bbox 841 1497 1046 1530; x_wconf 84' lang='lat' dir='ltr'>testamenta,</span> <span class='ocrx_word' id='word_1_171' title='bbox 1070 1491 1159 1523; x_wconf 88' lang='lat' dir='ltr'>codi-</span> 
     </span>
     <span class='ocr_line' id='line_1_36' title="bbox 415 1545 1159 1589; baseline -0.004 -10"><span class='ocrx_word' id='word_1_172' title='bbox 415 1547 509 1580; x_wconf 92' lang='lat' dir='ltr'>cillos</span> <span class='ocrx_word' id='word_1_173' title='bbox 537 1552 570 1579; x_wconf 89' lang='lat' dir='ltr'>et</span> <span class='ocrx_word' id='word_1_174' title='bbox 595 1547 839 1589; x_wconf 86' lang='lat' dir='ltr'>dispositiones,</span> <span class='ocrx_word' id='word_1_175' title='bbox 859 1545 1093 1583; x_wconf 89' lang='lat' dir='ltr'>ordinationes,</span> <span class='ocrx_word' id='word_1_176' title='bbox 1114 1545 1159 1576; x_wconf 88' lang='lat' dir='ltr'>le·</span> 
     </span>
     <span class='ocr_line' id='line_1_37' title="bbox 414 1598 1156 1643; baseline -0.004 -11"><span class='ocrx_word' id='word_1_177' title='bbox 414 1605 489 1642; x_wconf 81' lang='lat' dir='ltr'>gata</span> <span class='ocrx_word' id='word_1_178' title='bbox 515 1605 547 1633; x_wconf 87' lang='lat' dir='ltr'>et</span> <span class='ocrx_word' id='word_1_179' title='bbox 571 1604 688 1632; x_wconf 84' lang='lat' dir='ltr'>statuta</span> <span class='ocrx_word' id='word_1_180' title='bbox 706 1600 841 1643; x_wconf 89' lang='lat' dir='ltr'>pluries,</span> <span class='ocrx_word' id='word_1_181' title='bbox 861 1610 897 1631; x_wconf 86' lang='lat' dir='ltr'>ac</span> <span class='ocrx_word' id='word_1_182' title='bbox 914 1598 1010 1630; x_wconf 87' lang='lat' dir='ltr'>toties</span> <span class='ocrx_word' id='word_1_183' title='bbox 1030 1598 1156 1641; x_wconf 82' lang='lat' dir='ltr'>quoties</span> 
     </span>
     <span class='ocr_line' id='line_1_38' title="bbox 414 1652 1157 1694; baseline -0.003 -9"><span class='ocrx_word' id='word_1_184' title='bbox 414 1654 506 1686; x_wconf 90' lang='lat' dir='ltr'>vobis</span> <span class='ocrx_word' id='word_1_185' title='bbox 533 1653 710 1694; x_wconf 83' lang='lat' dir='ltr'>videbitur,</span> <span class='ocrx_word' id='word_1_186' title='bbox 737 1653 916 1691; x_wconf 84' lang='lat' dir='ltr'>moderari,</span> <span class='ocrx_word' id='word_1_187' title='bbox 944 1652 1096 1691; x_wconf 88' lang='lat' dir='ltr'>limitare,</span> <span class='ocrx_word' id='word_1_188' title='bbox 1122 1662 1157 1683; x_wconf 90' lang='lat' dir='ltr'>ac</span> 
     </span>
     <span class='ocr_line' id='line_1_39' title="bbox 415 1706 1156 1739; baseline -0.003 0"><span class='ocrx_word' id='word_1_189' title='bbox 415 1707 511 1739; x_wconf 86' lang='lat' dir='ltr'>etiam</span> <span class='ocrx_word' id='word_1_190' title='bbox 537 1707 570 1739; x_wconf 92' lang='lat' dir='ltr'>in</span> <span class='ocrx_word' id='word_1_191' title='bbox 598 1713 696 1739; x_wconf 89' lang='lat' dir='ltr'>totum</span> <span class='ocrx_word' id='word_1_192' title='bbox 711 1716 863 1739; x_wconf 84' lang='lat' dir='ltr'>revocare</span> <span class='ocrx_word' id='word_1_193' title='bbox 885 1712 915 1738; x_wconf 90' lang='lat' dir='ltr'>et</span> <span class='ocrx_word' id='word_1_194' title='bbox 932 1706 994 1738; x_wconf 87' lang='lat' dir='ltr'>alia</span> <span class='ocrx_word' id='word_1_195' title='bbox 1013 1706 1051 1737; x_wconf 89' lang='lat' dir='ltr'>de</span> <span class='ocrx_word' id='word_1_196' title='bbox 1073 1716 1156 1737; x_wconf 85' lang='lat' dir='ltr'>novo</span> 
     </span>
     <span class='ocr_line' id='line_1_40' title="bbox 415 1759 1158 1799; baseline -0.004 -6"><span class='ocrx_word' id='word_1_197' title='bbox 415 1761 569 1799; x_wconf 87' lang='lat' dir='ltr'>condere,</span> <span class='ocrx_word' id='word_1_198' title='bbox 595 1760 698 1792; x_wconf 90' lang='lat' dir='ltr'>libere</span> <span class='ocrx_word' id='word_1_199' title='bbox 716 1765 747 1791; x_wconf 90' lang='lat' dir='ltr'>et</span> <span class='ocrx_word' id='word_1_200' title='bbox 767 1759 853 1791; x_wconf 89' lang='lat' dir='ltr'>licite</span> <span class='ocrx_word' id='word_1_201' title='bbox 879 1759 1022 1797; x_wconf 86' lang='lat' dir='ltr'>valeatis,</span> <span class='ocrx_word' id='word_1_202' title='bbox 1051 1764 1158 1791; x_wconf 89' lang='lat' dir='ltr'>aucto-</span> 
     </span>
     <span class='ocr_line' id='line_1_41' title="bbox 414 1811 1158 1855; baseline -0.004 -10"><span class='ocrx_word' id='word_1_203' title='bbox 414 1812 510 1845; x_wconf 82' lang='lat' dir='ltr'>ritate</span> <span class='ocrx_word' id='word_1_204' title='bbox 530 1812 708 1855; x_wconf 73' lang='lat' dir='ltr'>apostolica</span> <span class='ocrx_word' id='word_1_205' title='bbox 726 1811 912 1844; x_wconf 85' lang='lat' dir='ltr'>earumdem</span> <span class='ocrx_word' id='word_1_206' title='bbox 931 1816 1044 1843; x_wconf 89' lang='lat' dir='ltr'>tenore</span> <span class='ocrx_word' id='word_1_207' title='bbox 1062 1821 1158 1853; x_wconf 90' lang='lat' dir='ltr'>prae-</span> 
     </span>
     <span class='ocr_line' id='line_1_42' title="bbox 415 1864 1157 1908; baseline -0.003 -10"><span class='ocrx_word' id='word_1_208' title='bbox 415 1866 557 1898; x_wconf 88' lang='lat' dir='ltr'>sentium</span> <span class='ocrx_word' id='word_1_209' title='bbox 583 1866 715 1908; x_wconf 86' lang='lat' dir='ltr'>plenam</span> <span class='ocrx_word' id='word_1_210' title='bbox 738 1870 769 1896; x_wconf 86' lang='lat' dir='ltr'>et</span> <span class='ocrx_word' id='word_1_211' title='bbox 786 1864 922 1897; x_wconf 80' lang='lat' dir='ltr'>liberam</span> <span class='ocrx_word' id='word_1_212' title='bbox 949 1864 1157 1897; x_wconf 81' lang='lat' dir='ltr'>concedimus</span> 
     </span>
     <span class='ocr_line' id='line_1_43' title="bbox 414 1919 613 1952; baseline -0.005 -1"><span class='ocrx_word' id='word_1_213' title='bbox 414 1919 613 1952; x_wconf 90' lang='lat' dir='ltr'>facultatem.</span> 
     </span>
    </p>

    <p class='ocr_par' dir='ltr' id='par_1_4' title="bbox 414 1971 1158 2117">
     <span class='ocr_line' id='line_1_44' title="bbox 459 1971 1158 2016; baseline -0.003 -11"><span class='ocrx_word' id='word_1_214' title='bbox 459 1974 474 2016; x_wconf 72' lang='lat'>§</span> <span class='ocrx_word' id='word_1_215' title='bbox 500 1972 528 2005; x_wconf 94' lang='lat'>7.</span> <span class='ocrx_word' id='word_1_216' title='bbox 553 1972 591 2004; x_wconf 86' lang='lat' dir='ltr'>Et</span> <span class='ocrx_word' id='word_1_217' title='bbox 616 1972 751 2014; x_wconf 86' lang='lat' dir='ltr'>insuper</span> <span class='ocrx_word' id='word_1_218' title='bbox 775 1971 945 2004; x_wconf 80' lang='lat' dir='ltr'>statuimus</span> <span class='ocrx_word' id='word_1_219' title='bbox 972 1977 1004 2004; x_wconf 88' lang='lat' dir='ltr'>et</span> <span class='ocrx_word' id='word_1_220' title='bbox 1028 1971 1158 2003; x_wconf 85' lang='lat' dir='ltr'>ordina-</span> 
     </span>
     <span class='ocr_line' id='line_1_45' title="bbox 414 2025 1156 2068; baseline -0.003 -11"><span class='ocrx_word' id='word_1_221' title='bbox 414 2036 496 2065; x_wconf 88' lang='lat' dir='ltr'>mus,</span> <span class='ocrx_word' id='word_1_222' title='bbox 515 2026 676 2068; x_wconf 84' lang='lat' dir='ltr'>vobisque</span> <span class='ocrx_word' id='word_1_223' title='bbox 699 2025 917 2067; x_wconf 74' lang='lat' dir='ltr'>indulgemus,</span> <span class='ocrx_word' id='word_1_224' title='bbox 935 2025 1035 2067; x_wconf 85' lang='lat' dir='ltr'>quod,</span> <span class='ocrx_word' id='word_1_225' title='bbox 1053 2025 1079 2056; x_wconf 86' lang='lat' dir='ltr'>si</span> <span class='ocrx_word' id='word_1_226' title='bbox 1101 2035 1156 2057; x_wconf 81' lang='lat' dir='ltr'>vos</span> 
     </span>
     <span class='ocr_line' id='line_1_46' title="bbox 416 2078 1158 2117; baseline -0.003 -6"><span class='ocrx_word' id='word_1_227' title='bbox 416 2080 455 2112; x_wconf 91' lang='lat' dir='ltr'>ab</span> <span class='ocrx_word' id='word_1_228' title='bbox 482 2079 637 2112; x_wconf 89' lang='lat' dir='ltr'>intestato</span> <span class='ocrx_word' id='word_1_229' title='bbox 664 2083 696 2110; x_wconf 90' lang='lat' dir='ltr'>et</span> <span class='ocrx_word' id='word_1_230' title='bbox 721 2079 792 2110; x_wconf 85' lang='lat' dir='ltr'>sine</span> <span class='ocrx_word' id='word_1_231' title='bbox 818 2078 901 2117; x_wconf 72' lang='lat' dir='ltr'>ulla,</span> <span class='ocrx_word' id='word_1_232' title='bbox 928 2079 977 2110; x_wconf 88' lang='lat' dir='ltr'>vel</span> <span class='ocrx_word' id='word_1_233' title='bbox 1002 2088 1074 2110; x_wconf 89' lang='lat' dir='ltr'>cum</span> <span class='ocrx_word' id='word_1_234' title='bbox 1099 2078 1158 2110; x_wconf 90' lang='lat' dir='ltr'>mi-</span> 
     </span>
    </p>
   </div>
   <div class='ocr_carea' id='block_1_4' title="bbox 415 2132 1179 2165">
    <p class='ocr_par' dir='ltr' id='par_1_5' title="bbox 415 2132 1179 2165">
     <span class='ocr_line' id='line_1_47' title="bbox 415 2132 1179 2165; baseline -0.003 0"><span class='ocrx_word' id='word_1_235' title='bbox 415 2143 474 2165; x_wconf 91' lang='lat' dir='ltr'>nus</span> <span class='ocrx_word' id='word_1_236' title='bbox 499 2133 605 2165; x_wconf 78' lang='lat' dir='ltr'>valida</span> <span class='ocrx_word' id='word_1_237' title='bbox 630 2132 793 2165; x_wconf 84' lang='lat' dir='ltr'>bonorum</span> <span class='ocrx_word' id='word_1_238' title='bbox 820 2137 852 2164; x_wconf 91' lang='lat' dir='ltr'>et</span> <span class='ocrx_word' id='word_1_239' title='bbox 884 2142 990 2164; x_wconf 89' lang='lat' dir='ltr'>rerum</span> <span class='ocrx_word' id='word_1_240' title='bbox 1016 2143 1053 2164; x_wconf 86' lang='lat' dir='ltr'>ac</span> <span class='ocrx_word' id='word_1_241' title='bbox 1090 2132 1179 2164; x_wconf 47' lang='grc' dir='ltr'>Γνη-ι</span> 
     </span>
    </p>
   </div>
   <div class='ocr_carea' id='block_1_5' title="bbox 416 2186 1160 2596">
    <p class='ocr_par' dir='ltr' id='par_1_6' title="bbox 416 2186 1160 2596">
     <span class='ocr_line' id='line_1_48' title="bbox 416 2186 1158 2228; baseline -0.001 -10"><span class='ocrx_word' id='word_1_242' title='bbox 416 2192 537 2223; x_wconf 89' lang='lat' dir='ltr'>ctuum,</span> <span class='ocrx_word' id='word_1_243' title='bbox 558 2186 745 2219; x_wconf 86' lang='lat' dir='ltr'>reddituum</span> <span class='ocrx_word' id='word_1_244' title='bbox 771 2191 803 2218; x_wconf 90' lang='lat' dir='ltr'>et</span> <span class='ocrx_word' id='word_1_245' title='bbox 827 2191 1043 2228; x_wconf 85' lang='lat' dir='ltr'>proventuum</span> <span class='ocrx_word' id='word_1_246' title='bbox 1065 2196 1158 2228; x_wconf 91' lang='lat' dir='ltr'>prae-</span> 
     </span>
     <span class='ocr_line' id='line_1_49' title="bbox 416 2238 1157 2281; baseline -0.003 -10"><span class='ocrx_word' id='word_1_247' title='bbox 416 2239 576 2271; x_wconf 89' lang='lat' dir='ltr'>dictorum</span> <span class='ocrx_word' id='word_1_248' title='bbox 603 2238 816 2281; x_wconf 86' lang='lat' dir='ltr'>dispositione</span> <span class='ocrx_word' id='word_1_249' title='bbox 835 2239 867 2270; x_wconf 88' lang='lat' dir='ltr'>in</span> <span class='ocrx_word' id='word_1_250' title='bbox 886 2238 971 2270; x_wconf 72' lang='lat' dir='ltr'>dicta</span> <span class='ocrx_word' id='word_1_251' title='bbox 995 2238 1087 2270; x_wconf 73' lang='lat' dir='ltr'>Curia</span> <span class='ocrx_word' id='word_1_252' title='bbox 1107 2239 1157 2270; x_wconf 91' lang='lat' dir='ltr'>vel</span> 
     </span>
     <span class='ocr_line' id='line_1_50' title="bbox 417 2291 1158 2334; baseline -0.001 -11"><span class='ocrx_word' id='word_1_253' title='bbox 417 2297 507 2324; x_wconf 78' lang='lat' dir='ltr'>extra</span> <span class='ocrx_word' id='word_1_254' title='bbox 532 2302 614 2330; x_wconf 86' lang='lat' dir='ltr'>eam,</span> <span class='ocrx_word' id='word_1_255' title='bbox 639 2296 702 2324; x_wconf 89' lang='lat' dir='ltr'>tam</span> <span class='ocrx_word' id='word_1_256' title='bbox 732 2291 887 2324; x_wconf 74' lang='lat' dir='ltr'>continua</span> <span class='ocrx_word' id='word_1_257' title='bbox 924 2302 1019 2334; x_wconf 88' lang='lat' dir='ltr'>quam</span> <span class='ocrx_word' id='word_1_258' title='bbox 1058 2292 1158 2323; x_wconf 87' lang='lat' dir='ltr'>inter-</span> 
     </span>
     <span class='ocr_line' id='line_1_51' title="bbox 417 2344 1158 2387; baseline 0 -10"><span class='ocrx_word' id='word_1_259' title='bbox 417 2346 527 2387; x_wconf 76' lang='lat' dir='ltr'>polata</span> <span class='ocrx_word' id='word_1_260' title='bbox 562 2344 643 2377; x_wconf 89' lang='lat' dir='ltr'>inibi</span> <span class='ocrx_word' id='word_1_261' title='bbox 669 2345 848 2378; x_wconf 84' lang='lat' dir='ltr'>cuiuslibet</span> <span class='ocrx_word' id='word_1_262' title='bbox 880 2351 1020 2378; x_wconf 88' lang='lat' dir='ltr'>vestrum</span> <span class='ocrx_word' id='word_1_263' title='bbox 1045 2355 1158 2387; x_wconf 90' lang='lat' dir='ltr'>respe-</span> 
     </span>
     <span class='ocr_line' id='line_1_52' title="bbox 418 2397 1160 2437; baseline 0.001 -8"><span class='ocrx_word' id='word_1_264' title='bbox 418 2397 500 2430; x_wconf 85' lang='lat' dir='ltr'>ctive</span> <span class='ocrx_word' id='word_1_265' title='bbox 526 2398 709 2437; x_wconf 82' lang='lat' dir='ltr'>mansione,</span> <span class='ocrx_word' id='word_1_266' title='bbox 741 2408 778 2430; x_wconf 88' lang='lat' dir='ltr'>ac</span> <span class='ocrx_word' id='word_1_267' title='bbox 803 2397 898 2430; x_wconf 88' lang='lat' dir='ltr'>etiam</span> <span class='ocrx_word' id='word_1_268' title='bbox 924 2403 1013 2430; x_wconf 77' lang='lat' dir='ltr'>extra</span> <span class='ocrx_word' id='word_1_269' title='bbox 1038 2397 1160 2430; x_wconf 77' lang='lat' dir='ltr'>benefi-</span> 
     </span>
     <span class='ocr_line' id='line_1_53' title="bbox 418 2449 1159 2483; baseline 0 -1"><span class='ocrx_word' id='word_1_270' title='bbox 418 2449 467 2482; x_wconf 86' lang='lat' dir='ltr'>cia</span> <span class='ocrx_word' id='word_1_271' title='bbox 491 2455 597 2482; x_wconf 86' lang='lat' dir='ltr'>vestra</span> <span class='ocrx_word' id='word_1_272' title='bbox 620 2451 669 2482; x_wconf 91' lang='lat' dir='ltr'>vel</span> <span class='ocrx_word' id='word_1_273' title='bbox 695 2451 757 2483; x_wconf 84' lang='lat' dir='ltr'>alia</span> <span class='ocrx_word' id='word_1_274' title='bbox 781 2451 854 2483; x_wconf 89' lang='lat' dir='ltr'>loca</span> <span class='ocrx_word' id='word_1_275' title='bbox 878 2450 1005 2483; x_wconf 78' lang='lat' dir='ltr'>debitae</span> <span class='ocrx_word' id='word_1_276' title='bbox 1026 2461 1043 2483; x_wconf 86' lang='lat' dir='ltr'>a</span> <span class='ocrx_word' id='word_1_277' title='bbox 1067 2450 1159 2482; x_wconf 89' lang='lat' dir='ltr'>vobis</span> 
     </span>
     <span class='ocr_line' id='line_1_54' title="bbox 418 2502 1160 2545; baseline 0.003 -12"><span class='ocrx_word' id='word_1_278' title='bbox 418 2502 617 2535; x_wconf 84' lang='lat' dir='ltr'>residentiae</span> <span class='ocrx_word' id='word_1_279' title='bbox 643 2504 837 2545; x_wconf 85' lang='lat' dir='ltr'>personalis,</span> <span class='ocrx_word' id='word_1_280' title='bbox 856 2503 952 2536; x_wconf 85' lang='lat' dir='ltr'>etiam</span> <span class='ocrx_word' id='word_1_281' title='bbox 978 2504 1068 2536; x_wconf 77' lang='lat' dir='ltr'>nulla</span> <span class='ocrx_word' id='word_1_282' title='bbox 1085 2504 1160 2536; x_wconf 86' lang='lat' dir='ltr'>sub-</span> 
     </span>
     <span class='ocr_line' id='line_1_55' title="bbox 420 2555 1157 2596; baseline 0.001 -9"><span class='ocrx_word' id='word_1_283' title='bbox 420 2555 553 2587; x_wconf 85' lang='lat' dir='ltr'>sistente</span> <span class='ocrx_word' id='word_1_284' title='bbox 587 2558 701 2594; x_wconf 77' lang='lat' dir='ltr'>causa,</span> <span class='ocrx_word' id='word_1_285' title='bbox 729 2556 769 2588; x_wconf 88' lang='lat' dir='ltr'>ab</span> <span class='ocrx_word' id='word_1_286' title='bbox 795 2556 945 2588; x_wconf 85' lang='lat' dir='ltr'>humanis</span> <span class='ocrx_word' id='word_1_287' title='bbox 972 2556 1157 2596; x_wconf 79' lang='lat' dir='ltr'>decedatis,</span> 
     </span>
    </p>
   </div>
   <div class='ocr_carea' id='block_1_6' title="bbox 1181 495 1183 2588">
    <p class='ocr_par' dir='ltr' id='par_1_7' title="bbox 1181 495 1183 2588">
     <span class='ocr_line' id='line_1_56' title="bbox 1181 495 1183 2588; baseline 0 0"><span class='ocrx_word' id='word_1_288' title='bbox 1181 495 1183 2588; x_wconf 95' lang='lat' dir='ltr'> </span> 
     </span>
    </p>
   </div>
   <div class='ocr_carea' id='block_1_7' title="bbox 1024 171 1385 196">
    <p class='ocr_par' dir='ltr' id='par_1_8' title="bbox 1024 171 1385 196">
     <span class='ocr_line' id='line_1_57' title="bbox 1024 171 1385 196; baseline 0.003 -1"><span class='ocrx_word' id='word_1_289' title='bbox 1024 171 1207 196; x_wconf 78' lang='lat' dir='ltr'>BULLARIUM</span> <span class='ocrx_word' id='word_1_290' title='bbox 1232 173 1385 196; x_wconf 74' lang='lat' dir='ltr'>nonlANun</span> 
     </span>
    </p>
   </div>
   <div class='ocr_carea' id='block_1_8' title="bbox 1200 220 1945 1954">
    <p class='ocr_par' dir='ltr' id='par_1_9' title="bbox 1200 220 1945 1954">
     <span class='ocr_line' id='line_1_58' title="bbox 1203 220 1943 264; baseline -0.003 -10"><span class='ocrx_word' id='word_1_291' title='bbox 1203 222 1311 254; x_wconf 87' lang='lat' dir='ltr'>omnia</span> <span class='ocrx_word' id='word_1_292' title='bbox 1330 228 1362 254; x_wconf 88' lang='lat' dir='ltr'>ct</span> <span class='ocrx_word' id='word_1_293' title='bbox 1378 223 1505 264; x_wconf 76' lang='lat' dir='ltr'>singula</span> <span class='ocrx_word' id='word_1_294' title='bbox 1520 223 1618 260; x_wconf 82' lang='lat' dir='ltr'>bona,</span> <span class='ocrx_word' id='word_1_295' title='bbox 1639 232 1691 254; x_wconf 84' lang='lat' dir='ltr'>res</span> <span class='ocrx_word' id='word_1_296' title='bbox 1706 227 1738 253; x_wconf 89' lang='lat' dir='ltr'>et</span> <span class='ocrx_word' id='word_1_297' title='bbox 1750 222 1830 260; x_wconf 84' lang='lat' dir='ltr'>iura,</span> <span class='ocrx_word' id='word_1_298' title='bbox 1846 220 1943 253; x_wconf 87' lang='lat' dir='ltr'>etiam</span> 
     </span>
     <span class='ocr_line' id='line_1_59' title="bbox 1203 273 1944 317; baseline -0.001 -11"><span class='ocrx_word' id='word_1_299' title='bbox 1203 280 1236 306; x_wconf 89' lang='lat' dir='ltr'>ut</span> <span class='ocrx_word' id='word_1_300' title='bbox 1261 276 1444 317; x_wconf 83' lang='lat' dir='ltr'>praefertur</span> <span class='ocrx_word' id='word_1_301' title='bbox 1469 274 1665 317; x_wconf 70' lang='lat' dir='ltr'>qualismata,</span> <span class='ocrx_word' id='word_1_302' title='bbox 1693 284 1822 306; x_wconf 85' lang='lat' dir='ltr'>necnon</span> <span class='ocrx_word' id='word_1_303' title='bbox 1840 273 1944 316; x_wconf 85' lang='lat' dir='ltr'>spolia</span> 
     </span>
     <span class='ocr_line' id='line_1_60' title="bbox 1202 320 1944 370; baseline -0.003 -10"><span class='ocrx_word' id='word_1_304' title='bbox 1202 328 1434 370; x_wconf 84' lang='lat' dir='ltr'>cuiuscumque</span> <span class='ocrx_word' id='word_1_305' title='bbox 1463 327 1652 370; x_wconf 78' lang='lat' dir='ltr'>quantitatis</span> <span class='ocrx_word' id='word_1_306' title='bbox 1679 320 1714 359; x_wconf 80' lang='lat' dir='ltr'>et</span> <span class='ocrx_word' id='word_1_307' title='bbox 1735 326 1854 359; x_wconf 80' lang='lat' dir='ltr'>valoris</span> <span class='ocrx_word' id='word_1_308' title='bbox 1880 327 1944 359; x_wconf 80' lang='lat' dir='ltr'>exi-</span> 
     </span>
     <span class='ocr_line' id='line_1_61' title="bbox 1202 379 1944 423; baseline -0.004 -10"><span class='ocrx_word' id='word_1_309' title='bbox 1202 381 1331 420; x_wconf 81' lang='lat' dir='ltr'>stentia,</span> <span class='ocrx_word' id='word_1_310' title='bbox 1347 381 1441 413; x_wconf 85' lang='lat' dir='ltr'>etiam</span> <span class='ocrx_word' id='word_1_311' title='bbox 1458 392 1493 413; x_wconf 88' lang='lat' dir='ltr'>ex</span> <span class='ocrx_word' id='word_1_312' title='bbox 1509 380 1685 423; x_wconf 89' lang='lat' dir='ltr'>praedictis</span> <span class='ocrx_word' id='word_1_313' title='bbox 1700 385 1732 412; x_wconf 87' lang='lat' dir='ltr'>et</span> <span class='ocrx_word' id='word_1_314' title='bbox 1747 380 1825 412; x_wconf 72' lang='lat' dir='ltr'>alias</span> <span class='ocrx_word' id='word_1_315' title='bbox 1840 379 1944 411; x_wconf 90' lang='lat' dir='ltr'>unde-</span> 
     </span>
     <span class='ocr_line' id='line_1_62' title="bbox 1202 432 1945 477; baseline -0.004 -11"><span class='ocrx_word' id='word_1_316' title='bbox 1202 444 1340 477; x_wconf 87' lang='lat' dir='ltr'>cumque</span> <span class='ocrx_word' id='word_1_317' title='bbox 1350 433 1583 476; x_wconf 85' lang='lat' dir='ltr'>provenientia,</span> <span class='ocrx_word' id='word_1_318' title='bbox 1593 432 1945 474; x_wconf 77' lang='lat' dir='ltr'>adCameramAposto·</span> 
     </span>
     <span class='ocr_line' id='line_1_63' title="bbox 1203 486 1943 520; baseline -0.004 -1"><span class='ocrx_word' id='word_1_319' title='bbox 1203 487 1295 520; x_wconf 86' lang='lat' dir='ltr'>licam</span> <span class='ocrx_word' id='word_1_320' title='bbox 1313 497 1368 519; x_wconf 91' lang='lat' dir='ltr'>seu</span> <span class='ocrx_word' id='word_1_321' title='bbox 1387 487 1419 518; x_wconf 90' lang='lat' dir='ltr'>in</span> <span class='ocrx_word' id='word_1_322' title='bbox 1438 486 1532 519; x_wconf 89' lang='lat' dir='ltr'>dictis</span> <span class='ocrx_word' id='word_1_323' title='bbox 1544 486 1716 518; x_wconf 87' lang='lat' dir='ltr'>beneficiis</span> <span class='ocrx_word' id='word_1_324' title='bbox 1736 494 1943 517; x_wconf 79' lang='lat' dir='ltr'>successores</span> 
     </span>
     <span class='ocr_line' id='line_1_64' title="bbox 1202 536 1943 583; baseline -0.004 -11"><span class='ocrx_word' id='word_1_325' title='bbox 1202 551 1266 573; x_wconf 90' lang='lat' dir='ltr'>nou</span> <span class='ocrx_word' id='word_1_326' title='bbox 1292 539 1496 583; x_wconf 88' lang='lat' dir='ltr'>pertineant,</span> <span class='ocrx_word' id='word_1_327' title='bbox 1522 539 1579 571; x_wconf 91' lang='lat' dir='ltr'>sed</span> <span class='ocrx_word' id='word_1_328' title='bbox 1601 539 1640 572; x_wconf 88' lang='lat' dir='ltr'>ad</span> <span class='ocrx_word' id='word_1_329' title='bbox 1660 538 1818 571; x_wconf 86' lang='lat' dir='ltr'>haeredes</span> <span class='ocrx_word' id='word_1_330' title='bbox 1844 536 1943 570; x_wconf 86' lang='lat' dir='ltr'>vestri</span> 
     </span>
     <span class='ocr_line' id='line_1_65' title="bbox 1202 589 1944 635; baseline -0.005 -9"><span class='ocrx_word' id='word_1_331' title='bbox 1202 593 1368 635; x_wconf 83' lang='lat' dir='ltr'>sanguinis</span> <span class='ocrx_word' id='word_1_332' title='bbox 1388 594 1515 635; x_wconf 80' lang='lat' dir='ltr'>integre</span> <span class='ocrx_word' id='word_1_333' title='bbox 1532 592 1725 631; x_wconf 86' lang='lat' dir='ltr'>deveniant;</span> <span class='ocrx_word' id='word_1_334' title='bbox 1741 597 1772 623; x_wconf 91' lang='lat' dir='ltr'>et</span> <span class='ocrx_word' id='word_1_335' title='bbox 1787 590 1852 623; x_wconf 89' lang='lat' dir='ltr'>illis</span> <span class='ocrx_word' id='word_1_336' title='bbox 1866 589 1944 622; x_wconf 81' lang='lat' dir='ltr'>defi-</span> 
     </span>
     <span class='ocr_line' id='line_1_66' title="bbox 1202 641 1944 686; baseline -0.005 -8"><span class='ocrx_word' id='word_1_337' title='bbox 1202 647 1377 686; x_wconf 82' lang='lat' dir='ltr'>cientibus,</span> <span class='ocrx_word' id='word_1_338' title='bbox 1397 646 1483 678; x_wconf 89' lang='lat' dir='ltr'>intcr</span> <span class='ocrx_word' id='word_1_339' title='bbox 1504 645 1680 677; x_wconf 82' lang='lat' dir='ltr'>familiares</span> <span class='ocrx_word' id='word_1_340' title='bbox 1705 650 1841 682; x_wconf 84' lang='lat' dir='ltr'>vestros,</span> <span class='ocrx_word' id='word_1_341' title='bbox 1864 641 1944 675; x_wconf 85' lang='lat' dir='ltr'>arbi-</span> 
     </span>
     <span class='ocr_line' id='line_1_67' title="bbox 1203 695 1944 742; baseline -0.005 -10"><span class='ocrx_word' id='word_1_342' title='bbox 1203 701 1266 733; x_wconf 90' lang='lat' dir='ltr'>trio</span> <span class='ocrx_word' id='word_1_343' title='bbox 1292 710 1453 742; x_wconf 80' lang='lat' dir='ltr'>personae</span> <span class='ocrx_word' id='word_1_344' title='bbox 1479 709 1535 731; x_wconf 89' lang='lat' dir='ltr'>seu</span> <span class='ocrx_word' id='word_1_345' title='bbox 1557 707 1770 741; x_wconf 86' lang='lat' dir='ltr'>personarum</span> <span class='ocrx_word' id='word_1_346' title='bbox 1796 706 1877 739; x_wconf 87' lang='lat' dir='ltr'>quas</span> <span class='ocrx_word' id='word_1_347' title='bbox 1903 695 1944 728; x_wconf 87' lang='lat' dir='ltr'>ad</span> 
     </span>
     <span class='ocr_line' id='line_1_68' title="bbox 1202 751 1944 796; baseline -0.008 -10"><span class='ocrx_word' id='word_1_348' title='bbox 1202 753 1232 785; x_wconf 89' lang='lat' dir='ltr'>id</span> <span class='ocrx_word' id='word_1_349' title='bbox 1259 754 1380 796; x_wconf 87' lang='lat' dir='ltr'>scripto</span> <span class='ocrx_word' id='word_1_350' title='bbox 1406 752 1663 790; x_wconf 82' lang='lat' dir='ltr'>nominaveritis,</span> <span class='ocrx_word' id='word_1_351' title='bbox 1690 751 1944 788; x_wconf 86' lang='lat' dir='ltr'>distribuantur,</span> 
     </span>
     <span class='ocr_line' id='line_1_69' title="bbox 1201 802 1942 848; baseline -0.007 -9"><span class='ocrx_word' id='word_1_352' title='bbox 1201 807 1263 839; x_wconf 90' lang='lat' dir='ltr'>nisi</span> <span class='ocrx_word' id='word_1_353' title='bbox 1289 807 1328 839; x_wconf 87' lang='lat' dir='ltr'>de</span> <span class='ocrx_word' id='word_1_354' title='bbox 1353 807 1414 839; x_wconf 79' lang='lat' dir='ltr'>alia</span> <span class='ocrx_word' id='word_1_355' title='bbox 1441 805 1656 848; x_wconf 88' lang='lat' dir='ltr'>dispositione</span> <span class='ocrx_word' id='word_1_356' title='bbox 1684 805 1734 835; x_wconf 91' lang='lat' dir='ltr'>vel</span> <span class='ocrx_word' id='word_1_357' title='bbox 1760 802 1942 836; x_wconf 85' lang='lat' dir='ltr'>intentione</span> 
     </span>
     <span class='ocr_line' id='line_1_70' title="bbox 1202 856 1943 902; baseline -0.008 -9"><span class='ocrx_word' id='word_1_358' title='bbox 1202 863 1307 893; x_wconf 75' lang='lat' dir='ltr'>vestra</span> <span class='ocrx_word' id='word_1_359' title='bbox 1331 860 1493 902; x_wconf 74' lang='lat' dir='ltr'>scriptura</span> <span class='ocrx_word' id='word_1_360' title='bbox 1530 859 1626 890; x_wconf 90' lang='lat' dir='ltr'>etiam</span> <span class='ocrx_word' id='word_1_361' title='bbox 1662 858 1768 890; x_wconf 86' lang='lat' dir='ltr'>minus</span> <span class='ocrx_word' id='word_1_362' title='bbox 1804 856 1943 889; x_wconf 87' lang='lat' dir='ltr'>solemni</span> 
     </span>
     <span class='ocr_line' id='line_1_71' title="bbox 1202 908 1943 955; baseline -0.008 -9"><span class='ocrx_word' id='word_1_363' title='bbox 1202 924 1294 947; x_wconf 86' lang='lat' dir='ltr'>secus</span> <span class='ocrx_word' id='word_1_364' title='bbox 1321 917 1511 955; x_wconf 80' lang='lat' dir='ltr'>appareret,</span> <span class='ocrx_word' id='word_1_365' title='bbox 1539 922 1635 955; x_wconf 82' lang='lat' dir='ltr'>quam</span> <span class='ocrx_word' id='word_1_366' title='bbox 1663 916 1738 943; x_wconf 85' lang='lat' dir='ltr'>tunc</span> <span class='ocrx_word' id='word_1_367' title='bbox 1763 911 1851 942; x_wconf 87' lang='lat' dir='ltr'>velut</span> <span class='ocrx_word' id='word_1_368' title='bbox 1876 908 1943 942; x_wconf 86' lang='lat' dir='ltr'>effi-</span> 
     </span>
     <span class='ocr_line' id='line_1_72' title="bbox 1201 962 1944 1009; baseline -0.007 -10"><span class='ocrx_word' id='word_1_369' title='bbox 1201 978 1311 1000; x_wconf 86' lang='lat' dir='ltr'>cacem</span> <span class='ocrx_word' id='word_1_370' title='bbox 1337 967 1428 1009; x_wconf 85' lang='lat' dir='ltr'>ipsae</span> <span class='ocrx_word' id='word_1_371' title='bbox 1460 975 1622 1007; x_wconf 86' lang='lat' dir='ltr'>personae</span> <span class='ocrx_word' id='word_1_372' title='bbox 1647 965 1697 996; x_wconf 92' lang='lat' dir='ltr'>vel</span> <span class='ocrx_word' id='word_1_373' title='bbox 1730 963 1784 996; x_wconf 91' lang='lat' dir='ltr'>alii</span> <span class='ocrx_word' id='word_1_374' title='bbox 1818 962 1944 995; x_wconf 86' lang='lat' dir='ltr'>iudices</span> 
     </span>
     <span class='ocr_line' id='line_1_73' title="bbox 1202 1015 1943 1059; baseline -0.007 -7"><span class='ocrx_word' id='word_1_375' title='bbox 1202 1031 1258 1052; x_wconf 85' lang='lat' dir='ltr'>seu</span> <span class='ocrx_word' id='word_1_376' title='bbox 1285 1025 1477 1052; x_wconf 79' lang='lat' dir='ltr'>executores</span> <span class='ocrx_word' id='word_1_377' title='bbox 1503 1018 1638 1050; x_wconf 90' lang='lat' dir='ltr'>omnino</span> <span class='ocrx_word' id='word_1_378' title='bbox 1657 1016 1772 1059; x_wconf 85' lang='lat' dir='ltr'>exequi</span> <span class='ocrx_word' id='word_1_379' title='bbox 1791 1021 1824 1048; x_wconf 89' lang='lat' dir='ltr'>et</span> <span class='ocrx_word' id='word_1_380' title='bbox 1840 1015 1943 1048; x_wconf 85' lang='lat' dir='ltr'>adim-</span> 
     </span>
     <span class='ocr_line' id='line_1_74' title="bbox 1202 1068 1944 1115; baseline -0.007 -10"><span class='ocrx_word' id='word_1_381' title='bbox 1202 1073 1292 1115; x_wconf 89' lang='lat' dir='ltr'>plere</span> <span class='ocrx_word' id='word_1_382' title='bbox 1328 1072 1442 1114; x_wconf 85' lang='lat' dir='ltr'>illique</span> <span class='ocrx_word' id='word_1_383' title='bbox 1479 1082 1512 1103; x_wconf 90' lang='lat' dir='ltr'>se</span> <span class='ocrx_word' id='word_1_384' title='bbox 1538 1071 1745 1103; x_wconf 85' lang='lat' dir='ltr'>conformare</span> <span class='ocrx_word' id='word_1_385' title='bbox 1776 1069 1808 1100; x_wconf 92' lang='lat' dir='ltr'>in</span> <span class='ocrx_word' id='word_1_386' title='bbox 1841 1068 1944 1101; x_wconf 89' lang='lat' dir='ltr'>omni-</span> 
     </span>
     <span class='ocr_line' id='line_1_75' title="bbox 1200 1121 1943 1168; baseline -0.007 -10"><span class='ocrx_word' id='word_1_387' title='bbox 1200 1127 1261 1159; x_wconf 90' lang='lat' dir='ltr'>bus</span> <span class='ocrx_word' id='word_1_388' title='bbox 1273 1132 1304 1158; x_wconf 90' lang='lat' dir='ltr'>et</span> <span class='ocrx_word' id='word_1_389' title='bbox 1318 1125 1498 1168; x_wconf 85' lang='lat' dir='ltr'>pcromnia</span> <span class='ocrx_word' id='word_1_390' title='bbox 1512 1125 1662 1157; x_wconf 83' lang='lat' dir='ltr'>debeant.</span> <span class='ocrx_word' id='word_1_391' title='bbox 1679 1123 1716 1155; x_wconf 88' lang='lat' dir='ltr'>Et</span> <span class='ocrx_word' id='word_1_392' title='bbox 1728 1121 1943 1154; x_wconf 87' lang='lat' dir='ltr'>nihilominus</span> 
     </span>
     <span class='ocr_line' id='line_1_76' title="bbox 1202 1176 1944 1223; baseline -0.005 -11"><span class='ocrx_word' id='word_1_393' title='bbox 1202 1189 1426 1223; x_wconf 84' lang='lat' dir='ltr'>quaecumque</span> <span class='ocrx_word' id='word_1_394' title='bbox 1452 1177 1640 1209; x_wconf 82' lang='lat' dir='ltr'>huiusmodi</span> <span class='ocrx_word' id='word_1_395' title='bbox 1668 1181 1872 1215; x_wconf 84' lang='lat' dir='ltr'>testamenta,</span> <span class='ocrx_word' id='word_1_396' title='bbox 1898 1176 1944 1208; x_wconf 89' lang='lat' dir='ltr'>le-</span> 
     </span>
     <span class='ocr_line' id='line_1_77' title="bbox 1201 1229 1941 1274; baseline -0.007 -9"><span class='ocrx_word' id='word_1_397' title='bbox 1201 1238 1290 1274; x_wconf 79' lang='lat' dir='ltr'>gata,</span> <span class='ocrx_word' id='word_1_398' title='bbox 1317 1231 1529 1269; x_wconf 86' lang='lat' dir='ltr'>donationes,</span> <span class='ocrx_word' id='word_1_399' title='bbox 1556 1229 1787 1273; x_wconf 85' lang='lat' dir='ltr'>dispositioncs</span> <span class='ocrx_word' id='word_1_400' title='bbox 1813 1234 1844 1261; x_wconf 89' lang='lat' dir='ltr'>et</span> <span class='ocrx_word' id='word_1_401' title='bbox 1868 1229 1941 1267; x_wconf 84' lang='lat' dir='ltr'>alia,</span> 
     </span>
     <span class='ocr_line' id='line_1_78' title="bbox 1202 1282 1941 1322; baseline -0.005 -5"><span class='ocrx_word' id='word_1_402' title='bbox 1202 1286 1312 1318; x_wconf 87' lang='lat' dir='ltr'>forsan</span> <span class='ocrx_word' id='word_1_403' title='bbox 1337 1296 1354 1317; x_wconf 89' lang='lat' dir='ltr'>a</span> <span class='ocrx_word' id='word_1_404' title='bbox 1379 1284 1469 1317; x_wconf 90' lang='lat' dir='ltr'>vobis</span> <span class='ocrx_word' id='word_1_405' title='bbox 1485 1310 1492 1322; x_wconf 90' lang='lat'>‚</span> <span class='ocrx_word' id='word_1_406' title='bbox 1524 1283 1620 1316; x_wconf 88' lang='lat' dir='ltr'>etiam</span> <span class='ocrx_word' id='word_1_407' title='bbox 1646 1284 1735 1315; x_wconf 75' lang='lat' dir='ltr'>nulla</span> <span class='ocrx_word' id='word_1_408' title='bbox 1760 1283 1810 1315; x_wconf 89' lang='lat' dir='ltr'>vel</span> <span class='ocrx_word' id='word_1_409' title='bbox 1833 1282 1941 1314; x_wconf 87' lang='lat' dir='ltr'>minus</span> 
     </span>
     <span class='ocr_line' id='line_1_79' title="bbox 1201 1335 1944 1375; baseline -0.005 -5"><span class='ocrx_word' id='word_1_410' title='bbox 1201 1338 1373 1370; x_wconf 80' lang='lat' dir='ltr'>sufficienti</span> <span class='ocrx_word' id='word_1_411' title='bbox 1401 1338 1551 1370; x_wconf 85' lang='lat' dir='ltr'>facultate</span> <span class='ocrx_word' id='word_1_412' title='bbox 1576 1335 1713 1368; x_wconf 78' lang='lat' dir='ltr'>suffultis</span> <span class='ocrx_word' id='word_1_413' title='bbox 1729 1363 1737 1375; x_wconf 92' lang='lat'><em>‚</em></span> <span class='ocrx_word' id='word_1_414' title='bbox 1764 1336 1804 1368; x_wconf 87' lang='lat' dir='ltr'>de</span> <span class='ocrx_word' id='word_1_415' title='bbox 1830 1335 1944 1367; x_wconf 87' lang='lat' dir='ltr'>huius-</span> 
     </span>
     <span class='ocr_line' id='line_1_80' title="bbox 1201 1389 1944 1430; baseline -0.005 -6"><span class='ocrx_word' id='word_1_416' title='bbox 1201 1392 1288 1424; x_wconf 88' lang='lat' dir='ltr'>modi</span> <span class='ocrx_word' id='word_1_417' title='bbox 1313 1391 1425 1430; x_wconf 82' lang='lat' dir='ltr'>bonis,</span> <span class='ocrx_word' id='word_1_418' title='bbox 1453 1391 1578 1423; x_wconf 86' lang='lat' dir='ltr'>iuribus</span> <span class='ocrx_word' id='word_1_419' title='bbox 1603 1394 1635 1422; x_wconf 88' lang='lat' dir='ltr'>ct</span> <span class='ocrx_word' id='word_1_420' title='bbox 1655 1389 1857 1429; x_wconf 82' lang='lat' dir='ltr'>actionibus,</span> <span class='ocrx_word' id='word_1_421' title='bbox 1879 1389 1944 1421; x_wconf 83' lang='lat' dir='ltr'>fru-</span> 
     </span>
     <span class='ocr_line' id='line_1_81' title="bbox 1201 1441 1943 1487; baseline -0.004 -11"><span class='ocrx_word' id='word_1_422' title='bbox 1201 1444 1317 1483; x_wconf 88' lang='lat' dir='ltr'>ctibus,</span> <span class='ocrx_word' id='word_1_423' title='bbox 1342 1443 1501 1487; x_wconf 89' lang='lat' dir='ltr'>pecuniis,</span> <span class='ocrx_word' id='word_1_424' title='bbox 1533 1442 1702 1479; x_wconf 87' lang='lat' dir='ltr'>iocalibus,</span> <span class='ocrx_word' id='word_1_425' title='bbox 1733 1441 1869 1484; x_wconf 88' lang='lat' dir='ltr'>aliisque</span> <span class='ocrx_word' id='word_1_426' title='bbox 1894 1451 1943 1473; x_wconf 90' lang='lat' dir='ltr'>re-</span> 
     </span>
     <span class='ocr_line' id='line_1_82' title="bbox 1200 1496 1943 1540; baseline -0.003 -11"><span class='ocrx_word' id='word_1_427' title='bbox 1200 1497 1262 1529; x_wconf 90' lang='lat' dir='ltr'>bus</span> <span class='ocrx_word' id='word_1_428' title='bbox 1286 1497 1496 1540; x_wconf 83' lang='lat' dir='ltr'>supradictis,</span> <span class='ocrx_word' id='word_1_429' title='bbox 1521 1496 1617 1529; x_wconf 85' lang='lat' dir='ltr'>etiam</span> <span class='ocrx_word' id='word_1_430' title='bbox 1643 1496 1675 1528; x_wconf 90' lang='lat' dir='ltr'>in</span> <span class='ocrx_word' id='word_1_431' title='bbox 1700 1496 1840 1528; x_wconf 88' lang='lat' dir='ltr'>favorem</span> <span class='ocrx_word' id='word_1_432' title='bbox 1867 1505 1943 1527; x_wconf 88' lang='lat' dir='ltr'>con-</span> 
     </span>
     <span class='ocr_line' id='line_1_83' title="bbox 1201 1548 1942 1593; baseline -0.004 -10"><span class='ocrx_word' id='word_1_433' title='bbox 1201 1551 1456 1593; x_wconf 81' lang='lat' dir='ltr'>sanguineorum</span> <span class='ocrx_word' id='word_1_434' title='bbox 1476 1555 1507 1582; x_wconf 90' lang='lat' dir='ltr'>et</span> <span class='ocrx_word' id='word_1_435' title='bbox 1528 1548 1672 1582; x_wconf 85' lang='lat' dir='ltr'>affinium</span> <span class='ocrx_word' id='word_1_436' title='bbox 1688 1549 1942 1591; x_wconf 84' lang='lat' dir='ltr'>praedictorum,</span> 
     </span>
     <span class='ocr_line' id='line_1_84' title="bbox 1201 1601 1942 1646; baseline -0.004 -10"><span class='ocrx_word' id='word_1_437' title='bbox 1201 1610 1233 1636; x_wconf 90' lang='lat' dir='ltr'>ct</span> <span class='ocrx_word' id='word_1_438' title='bbox 1245 1604 1323 1636; x_wconf 75' lang='lat' dir='ltr'>alias</span> <span class='ocrx_word' id='word_1_439' title='bbox 1333 1602 1584 1646; x_wconf 83' lang='lat' dir='ltr'>quomodolibet</span> <span class='ocrx_word' id='word_1_440' title='bbox 1594 1603 1688 1641; x_wconf 87' lang='lat' dir='ltr'>facta,</span> <span class='ocrx_word' id='word_1_441' title='bbox 1705 1612 1776 1634; x_wconf 82' lang='lat' dir='ltr'>curn</span> <span class='ocrx_word' id='word_1_442' title='bbox 1791 1601 1942 1634; x_wconf 88' lang='lat' dir='ltr'>omnibus</span> 
     </span>
     <span class='ocr_line' id='line_1_85' title="bbox 1201 1653 1942 1697; baseline -0.004 -9"><span class='ocrx_word' id='word_1_443' title='bbox 1201 1657 1277 1689; x_wconf 91' lang='lat' dir='ltr'>inde</span> <span class='ocrx_word' id='word_1_444' title='bbox 1294 1657 1423 1695; x_wconf 80' lang='lat' dir='ltr'>secutiS,</span> <span class='ocrx_word' id='word_1_445' title='bbox 1439 1666 1475 1688; x_wconf 87' lang='lat' dir='ltr'>ac</span> <span class='ocrx_word' id='word_1_446' title='bbox 1489 1656 1587 1688; x_wconf 86' lang='lat' dir='ltr'>etiam</span> <span class='ocrx_word' id='word_1_447' title='bbox 1603 1665 1651 1694; x_wconf 84' lang='lat' dir='ltr'>ea,</span> <span class='ocrx_word' id='word_1_448' title='bbox 1665 1665 1748 1697; x_wconf 89' lang='lat' dir='ltr'>quae</span> <span class='ocrx_word' id='word_1_449' title='bbox 1764 1665 1821 1697; x_wconf 89' lang='lat' dir='ltr'>per</span> <span class='ocrx_word' id='word_1_450' title='bbox 1838 1664 1893 1686; x_wconf 92' lang='lat' dir='ltr'>vos</span> <span class='ocrx_word' id='word_1_451' title='bbox 1908 1653 1942 1685; x_wconf 88' lang='lat' dir='ltr'>in</span> 
     </span>
     <span class='ocr_line' id='line_1_86' title="bbox 1203 1708 1942 1750; baseline -0.004 -10"><span class='ocrx_word' id='word_1_452' title='bbox 1203 1709 1344 1741; x_wconf 80' lang='lat' dir='ltr'>[uturum</span> <span class='ocrx_word' id='word_1_453' title='bbox 1372 1708 1458 1747; x_wconf 84' lang='lat' dir='ltr'>sient,</span> <span class='ocrx_word' id='word_1_454' title='bbox 1486 1718 1523 1740; x_wconf 78' lang='lat' dir='ltr'>ex</span> <span class='ocrx_word' id='word_1_455' title='bbox 1542 1717 1627 1739; x_wconf 86' lang='lat' dir='ltr'>nunc</span> <span class='ocrx_word' id='word_1_456' title='bbox 1645 1712 1744 1750; x_wconf 87' lang='lat' dir='ltr'>prout</span> <span class='ocrx_word' id='word_1_457' title='bbox 1760 1717 1796 1739; x_wconf 82' lang='lat' dir='ltr'>ex</span> <span class='ocrx_word' id='word_1_458' title='bbox 1817 1712 1892 1738; x_wconf 86' lang='lat' dir='ltr'>tunc</span> <span class='ocrx_word' id='word_1_459' title='bbox 1910 1711 1942 1738; x_wconf 88' lang='lat' dir='ltr'>et</span> 
     </span>
     <span class='ocr_line' id='line_1_87' title="bbox 1201 1759 1945 1804; baseline -0.004 -10"><span class='ocrx_word' id='word_1_460' title='bbox 1201 1773 1217 1794; x_wconf 92' lang='lat' dir='ltr'>e</span> <span class='ocrx_word' id='word_1_461' title='bbox 1243 1768 1369 1800; x_wconf 89' lang='lat' dir='ltr'>contra,</span> <span class='ocrx_word' id='word_1_462' title='bbox 1396 1772 1456 1804; x_wconf 90' lang='lat' dir='ltr'>pro</span> <span class='ocrx_word' id='word_1_463' title='bbox 1482 1761 1567 1793; x_wconf 75' lang='lat' dir='ltr'>dicta</span> <span class='ocrx_word' id='word_1_464' title='bbox 1583 1763 1706 1793; x_wconf 80' lang='lat' dir='ltr'>summa</span> <span class='ocrx_word' id='word_1_465' title='bbox 1723 1771 1776 1793; x_wconf 76' lang='lat' dir='ltr'>sex</span> <span class='ocrx_word' id='word_1_466' title='bbox 1803 1759 1945 1792; x_wconf 84' lang='lat' dir='ltr'>millium</span> 
     </span>
     <span class='ocr_line' id='line_1_88' title="bbox 1200 1812 1941 1856; baseline -0.004 -9"><span class='ocrx_word' id='word_1_467' title='bbox 1200 1815 1390 1847; x_wconf 82' lang='lat' dir='ltr'>ducatorum</span> <span class='ocrx_word' id='word_1_468' title='bbox 1416 1814 1633 1856; x_wconf 83' lang='lat' dir='ltr'>approbamus</span> <span class='ocrx_word' id='word_1_469' title='bbox 1650 1818 1682 1846; x_wconf 90' lang='lat' dir='ltr'>et</span> <span class='ocrx_word' id='word_1_470' title='bbox 1700 1812 1941 1852; x_wconf 80' lang='lat' dir='ltr'>confirmamus,</span> 
     </span>
     <span class='ocr_line' id='line_1_89' title="bbox 1200 1866 1942 1910; baseline -0.001 -10"><span class='ocrx_word' id='word_1_471' title='bbox 1200 1878 1378 1910; x_wconf 89' lang='lat' dir='ltr'>omnesque</span> <span class='ocrx_word' id='word_1_472' title='bbox 1405 1873 1436 1900; x_wconf 91' lang='lat' dir='ltr'>et</span> <span class='ocrx_word' id='word_1_473' title='bbox 1461 1867 1607 1908; x_wconf 73' lang='lat' dir='ltr'>singulos</span> <span class='ocrx_word' id='word_1_474' title='bbox 1629 1866 1708 1898; x_wconf 90' lang='lat' dir='ltr'>iuris</span> <span class='ocrx_word' id='word_1_475' title='bbox 1735 1873 1766 1899; x_wconf 91' lang='lat' dir='ltr'>et</span> <span class='ocrx_word' id='word_1_476' title='bbox 1792 1867 1874 1905; x_wconf 86' lang='lat' dir='ltr'>facti,</span> <span class='ocrx_word' id='word_1_477' title='bbox 1904 1876 1942 1899; x_wconf 83' lang='lat' dir='ltr'>ac</span> 
     </span>
     <span class='ocr_line' id='line_1_90' title="bbox 1200 1920 1944 1954; baseline 0 0"><span class='ocrx_word' id='word_1_478' title='bbox 1200 1921 1439 1954; x_wconf 82' lang='lat' dir='ltr'>solemnitatum</span> <span class='ocrx_word' id='word_1_479' title='bbox 1465 1920 1657 1953; x_wconf 85' lang='lat' dir='ltr'>omissarum</span> <span class='ocrx_word' id='word_1_480' title='bbox 1693 1927 1725 1953; x_wconf 89' lang='lat' dir='ltr'>ct</span> <span class='ocrx_word' id='word_1_481' title='bbox 1749 1921 1944 1954; x_wconf 87' lang='lat' dir='ltr'>omittenda-</span> 
     </span>
    </p>
   </div>
   <div class='ocr_carea' id='block_1_9' title="bbox 1177 1973 1942 2017">
    <p class='ocr_par' dir='ltr' id='par_1_10' title="bbox 1177 1973 1942 2017">
     <span class='ocr_line' id='line_1_91' title="bbox 1177 1973 1942 2017; baseline 0.003 -11"><span class='ocrx_word' id='word_1_482' title='bbox 1177 1991 1179 2006; x_wconf 67' lang='grc' dir='ltr'>ι</span> <span class='ocrx_word' id='word_1_483' title='bbox 1200 1985 1280 2013; x_wconf 82' lang='lat' dir='ltr'>rum,</span> <span class='ocrx_word' id='word_1_484' title='bbox 1305 1984 1434 2006; x_wconf 84' lang='lat' dir='ltr'>necnon</span> <span class='ocrx_word' id='word_1_485' title='bbox 1459 1973 1690 2006; x_wconf 87' lang='lat' dir='ltr'>substantiales</span> <span class='ocrx_word' id='word_1_486' title='bbox 1715 1974 1860 2017; x_wconf 85' lang='lat' dir='ltr'>aliosque</span> <span class='ocrx_word' id='word_1_487' title='bbox 1887 1976 1942 2008; x_wconf 90' lang='lat' dir='ltr'>de-</span> 
     </span>
    </p>
   </div>
   <div class='ocr_carea' id='block_1_10' title="bbox 1199 2027 1945 2595">
    <p class='ocr_par' dir='ltr' id='par_1_11' title="bbox 1199 2027 1945 2595">
     <span class='ocr_line' id='line_1_92' title="bbox 1201 2027 1943 2070; baseline 0.003 -11"><span class='ocrx_word' id='word_1_488' title='bbox 1201 2029 1301 2060; x_wconf 87' lang='lat' dir='ltr'>fectus</span> <span class='ocrx_word' id='word_1_489' title='bbox 1327 2037 1559 2070; x_wconf 82' lang='lat' dir='ltr'>quoscumque,</span> <span class='ocrx_word' id='word_1_490' title='bbox 1585 2027 1609 2059; x_wconf 91' lang='lat' dir='ltr'>si</span> <span class='ocrx_word' id='word_1_491' title='bbox 1631 2027 1685 2069; x_wconf 90' lang='lat' dir='ltr'>qui</span> <span class='ocrx_word' id='word_1_492' title='bbox 1708 2027 1943 2061; x_wconf 85' lang='lat' dir='ltr'>intervenerint</span> 
     </span>
     <span class='ocr_line' id='line_1_93' title="bbox 1200 2079 1941 2119; baseline 0 -7"><span class='ocrx_word' id='word_1_493' title='bbox 1200 2086 1254 2112; x_wconf 82' lang='lat' dir='ltr'>aut</span> <span class='ocrx_word' id='word_1_494' title='bbox 1284 2080 1534 2112; x_wconf 84' lang='lat' dir='ltr'>intervenerunt</span> <span class='ocrx_word' id='word_1_495' title='bbox 1569 2079 1601 2111; x_wconf 87' lang='lat' dir='ltr'>iu</span> <span class='ocrx_word' id='word_1_496' title='bbox 1638 2079 1778 2119; x_wconf 76' lang='lat' dir='ltr'>eisdem,</span> <span class='ocrx_word' id='word_1_497' title='bbox 1815 2081 1941 2112; x_wconf 87' lang='lat' dir='ltr'>etiamsi</span> 
     </span>
     <span class='ocr_line' id='line_1_94' title="bbox 1202 2132 1941 2176; baseline 0.001 -11"><span class='ocrx_word' id='word_1_498' title='bbox 1202 2134 1280 2166; x_wconf 89' lang='lat' dir='ltr'>tales</span> <span class='ocrx_word' id='word_1_499' title='bbox 1313 2133 1379 2164; x_wconf 88' lang='lat' dir='ltr'>sint</span> <span class='ocrx_word' id='word_1_500' title='bbox 1416 2133 1465 2164; x_wconf 91' lang='lat' dir='ltr'>vel</span> <span class='ocrx_word' id='word_1_501' title='bbox 1503 2132 1623 2164; x_wconf 87' lang='lat' dir='ltr'>fuerint</span> <span class='ocrx_word' id='word_1_502' title='bbox 1659 2133 1748 2175; x_wconf 89' lang='lat' dir='ltr'>quod</span> <span class='ocrx_word' id='word_1_503' title='bbox 1789 2133 1941 2176; x_wconf 84' lang='lat' dir='ltr'>specialis</span> 
     </span>
     <span class='ocr_line' id='line_1_95' title="bbox 1199 2185 1940 2229; baseline 0 -11"><span class='ocrx_word' id='word_1_504' title='bbox 1199 2186 1351 2229; x_wconf 78' lang='lat' dir='ltr'>specifica</span> <span class='ocrx_word' id='word_1_505' title='bbox 1388 2191 1421 2218; x_wconf 89' lang='lat' dir='ltr'>et</span> <span class='ocrx_word' id='word_1_506' title='bbox 1457 2196 1609 2228; x_wconf 79' lang='lat' dir='ltr'>expressa</span> <span class='ocrx_word' id='word_1_507' title='bbox 1641 2186 1680 2217; x_wconf 88' lang='lat' dir='ltr'>dc</span> <span class='ocrx_word' id='word_1_508' title='bbox 1717 2185 1783 2218; x_wconf 89' lang='lat' dir='ltr'>illis</span> <span class='ocrx_word' id='word_1_509' title='bbox 1816 2187 1940 2219; x_wconf 87' lang='lat' dir='ltr'>mentio</span> 
     </span>
     <span class='ocr_line' id='line_1_96' title="bbox 1200 2238 1939 2282; baseline 0.003 -12"><span class='ocrx_word' id='word_1_510' title='bbox 1200 2239 1428 2281; x_wconf 88' lang='lat' dir='ltr'>praesentibus</span> <span class='ocrx_word' id='word_1_511' title='bbox 1448 2238 1598 2270; x_wconf 83' lang='lat' dir='ltr'>habenda</span> <span class='ocrx_word' id='word_1_512' title='bbox 1616 2243 1711 2278; x_wconf 85' lang='lat' dir='ltr'>esset,</span> <span class='ocrx_word' id='word_1_513' title='bbox 1732 2240 1939 2282; x_wconf 88' lang='lat' dir='ltr'>supplemus.</span> 
     </span>
     <span class='ocr_line' id='line_1_97' title="bbox 1199 2291 1941 2333; baseline 0.001 -9"><span class='ocrx_word' id='word_1_514' title='bbox 1199 2292 1383 2324; x_wconf 88' lang='lat' dir='ltr'>Districtius</span> <span class='ocrx_word' id='word_1_515' title='bbox 1408 2291 1591 2324; x_wconf 89' lang='lat' dir='ltr'>inhibentes</span> <span class='ocrx_word' id='word_1_516' title='bbox 1618 2291 1784 2333; x_wconf 83' lang='lat' dir='ltr'>quibusvis</span> <span class='ocrx_word' id='word_1_517' title='bbox 1815 2292 1941 2325; x_wconf 88' lang='lat' dir='ltr'>archie-</span> 
     </span>
     <span class='ocr_line' id='line_1_98' title="bbox 1200 2344 1945 2387; baseline 0.003 -11"><span class='ocrx_word' id='word_1_518' title='bbox 1200 2344 1355 2387; x_wconf 85' lang='lat' dir='ltr'>piscopis,</span> <span class='ocrx_word' id='word_1_519' title='bbox 1383 2344 1545 2387; x_wconf 86' lang='lat' dir='ltr'>episcopis</span> <span class='ocrx_word' id='word_1_520' title='bbox 1565 2349 1619 2376; x_wconf 86' lang='lat' dir='ltr'>aut</span> <span class='ocrx_word' id='word_1_521' title='bbox 1636 2344 1709 2377; x_wconf 87' lang='lat' dir='ltr'>aliis</span> <span class='ocrx_word' id='word_1_522' title='bbox 1728 2345 1945 2378; x_wconf 81' lang='lat' dir='ltr'>ecclesiarum</span> 
     </span>
     <span class='ocr_line' id='line_1_99' title="bbox 1201 2397 1941 2440; baseline 0.001 -11"><span class='ocrx_word' id='word_1_523' title='bbox 1201 2397 1354 2440; x_wconf 82' lang='lat' dir='ltr'>praelatis</span> <span class='ocrx_word' id='word_1_524' title='bbox 1398 2407 1525 2429; x_wconf 88' lang='lat' dir='ltr'>necnon</span> <span class='ocrx_word' id='word_1_525' title='bbox 1566 2397 1717 2430; x_wconf 81' lang='lat' dir='ltr'>Gamerae</span> <span class='ocrx_word' id='word_1_526' title='bbox 1755 2398 1941 2440; x_wconf 84' lang='lat' dir='ltr'>praedictae</span> 
     </span>
     <span class='ocr_line' id='line_1_100' title="bbox 1201 2451 1944 2493; baseline 0 -10"><span class='ocrx_word' id='word_1_527' title='bbox 1201 2451 1466 2493; x_wconf 87' lang='lat' dir='ltr'>praesidentibus</span> <span class='ocrx_word' id='word_1_528' title='bbox 1490 2451 1634 2491; x_wconf 90' lang='lat' dir='ltr'>clericis,</span> <span class='ocrx_word' id='word_1_529' title='bbox 1662 2461 1698 2482; x_wconf 88' lang='lat' dir='ltr'>ac</span> <span class='ocrx_word' id='word_1_530' title='bbox 1723 2461 1844 2490; x_wconf 86' lang='lat' dir='ltr'>eorum,</span> <span class='ocrx_word' id='word_1_531' title='bbox 1870 2461 1944 2483; x_wconf 91' lang='lat' dir='ltr'>nec-</span> 
     </span>
     <span class='ocr_line' id='line_1_101' title="bbox 1202 2502 1941 2546; baseline 0 -10"><span class='ocrx_word' id='word_1_532' title='bbox 1202 2513 1266 2536; x_wconf 88' lang='lat' dir='ltr'>non</span> <span class='ocrx_word' id='word_1_533' title='bbox 1292 2503 1434 2535; x_wconf 83' lang='lat' dir='ltr'>fabricae</span> <span class='ocrx_word' id='word_1_534' title='bbox 1450 2503 1605 2536; x_wconf 86' lang='lat' dir='ltr'>basilicae</span> <span class='ocrx_word' id='word_1_535' title='bbox 1628 2502 1785 2546; x_wconf 83' lang='lat' dir='ltr'>Principis</span> <span class='ocrx_word' id='word_1_536' title='bbox 1803 2503 1941 2546; x_wconf 84' lang='lat' dir='ltr'>Aposto-</span> 
     </span>
     <span class='ocr_line' id='line_1_102' title="bbox 1202 2556 1942 2595; baseline -0.003 -6"><span class='ocrx_word' id='word_1_537' title='bbox 1202 2557 1307 2589; x_wconf 86' lang='lat' dir='ltr'>lorum</span> <span class='ocrx_word' id='word_1_538' title='bbox 1333 2557 1372 2588; x_wconf 89' lang='lat' dir='ltr'>de</span> <span class='ocrx_word' id='word_1_539' title='bbox 1398 2556 1483 2589; x_wconf 89' lang='lat' dir='ltr'>Urbe</span> <span class='ocrx_word' id='word_1_540' title='bbox 1510 2567 1546 2588; x_wconf 88' lang='lat' dir='ltr'>ac</span> <span class='ocrx_word' id='word_1_541' title='bbox 1570 2557 1732 2588; x_wconf 81' lang='lat' dir='ltr'>cruciatae</span> <span class='ocrx_word' id='word_1_542' title='bbox 1750 2561 1889 2595; x_wconf 83' lang='lat' dir='ltr'>sanctae,</span> <span class='ocrx_word' id='word_1_543' title='bbox 1911 2561 1942 2588; x_wconf 91' lang='lat' dir='ltr'>et</span> 
     </span>
    </p>
   </div>
   <div class='ocr_carea' id='block_1_11' title="bbox 1953 0 2182 480">
    <p class='ocr_par' dir='ltr' id='par_1_12' title="bbox 1953 0 2182 480">
     <span class='ocr_line' id='line_1_103' title="bbox 2163 0 2166 23; baseline 0 0"><span class='ocrx_word' id='word_1_544' title='bbox 2163 0 2166 23; x_wconf 79' lang='grc' dir='ltr'>ἰ</span> 
     </span>
     <span class='ocr_line' id='line_1_104' title="bbox 2164 31 2167 81; baseline 0 -5"><span class='ocrx_word' id='word_1_545' title='bbox 2164 31 2167 81; x_wconf 70' lang='lat' dir='ltr'>l</span> 
     </span>
     <span class='ocr_line' id='line_1_105' title="bbox 2164 87 2168 126; baseline 0 0"><span class='ocrx_word' id='word_1_546' title='bbox 2164 87 2168 126; x_wconf 67' lang='lat'>⁴.</span> 
     </span>
     <span class='ocr_line' id='line_1_106' title="bbox 1953 0 2182 230; baseline 0.017 -33"><span class='ocrx_word' id='word_1_547' title='bbox 1953 173 2003 198; x_wconf 65' lang='lat' dir='ltr'>An.</span> <span class='ocrx_word' id='word_1_548' title='bbox 2023 172 2054 200; x_wconf 82' lang='lat' dir='ltr'>c.</span> <span class='ocrx_word' id='word_1_549' title='bbox 2070 172 2141 201; x_wconf 74' lang='lat'>¹7³⁰</span> <span class='ocrx_word' id='word_1_550' title='bbox 2164 0 2182 230; x_wconf 57' lang='lat' dir='ltr'>‘i</span> 
     </span>
     <span class='ocr_line' id='line_1_107' title="bbox 2168 234 2182 331; baseline 0 0"><span class='ocrx_word' id='word_1_551' title='bbox 2168 234 2182 331; x_wconf 74' lang='lat' dir='ltr'>&#39;l</span> 
     </span>
     <span class='ocr_line' id='line_1_108' title="bbox 2169 322 2182 380; baseline 0 0"><span class='ocrx_word' id='word_1_552' title='bbox 2169 322 2182 380; x_wconf 64' lang='lat'>³12</span> 
     </span>
     <span class='ocr_line' id='line_1_109' title="bbox 2170 381 2182 480; baseline 0 0"><span class='ocrx_word' id='word_1_553' title='bbox 2170 381 2182 480; x_wconf 77' lang='lat' dir='ltr'>l</span> 
     </span>
    </p>
   </div>
   <div class='ocr_carea' id='block_1_12' title="bbox 2168 481 2182 1244">
    <p class='ocr_par' dir='ltr' id='par_1_13' title="bbox 2168 481 2182 1244">
     <span class='ocr_line' id='line_1_110' title="bbox 2168 481 2182 1244; baseline 0 -722"><span class='ocrx_word' id='word_1_554' title='bbox 2168 481 2182 1244; x_wconf 95' lang='lat' dir='ltr'>  </span> 
     </span>
    </p>
   </div>
  </div>
 </body>
</html>
