2182 3137
205 195 253 220 An.
271 193 297 220 C.
321 193 388 219 1730

435 183 475 205 aa

434 200 476 215 1)-

397 241 517 274 meritis
543 249 706 278 exornare,
732 237 782 269 ac*
810 238 939 269 eosdem
968 234 1131 277 dapiferos

397 301 424 326 et
445 304 554 326 corum
582 292 727 332 singulos
743 295 827 331 motu
847 287 990 331 proprio,
1011 296 1074 318 non
1091 284 1129 317 ad

398 348 536 390 ipsorum
573 344 789 386 dapiferorum
827 341 872 372 vel
911 339 1044 372 alterius
1071 348 1130 380 pro

397 399 473 441 ipsis
503 397 594 429 nobis
614 405 711 438 super
730 395 791 426 boc
817 393 944 425 oblatae
963 389 1130 434 petitionis

398 450 587 486 instantiam,
607 447 663 480 sed
679 448 717 479 dc
736 447 823 479 mera
841 444 1049 482 liberalitate,
1063 452 1130 475 cer-

399 506 490 547 taque
516 502 648 535 scientia
680 499 819 538 nostris,
847 498 950 541 deque
976 495 1131 539 apostoli-

396 568 449 588 cae
475 553 643 599 potcstatis
669 551 883 595 plenitudine,
904 550 933 581 in
954 558 1058 588 veros,
1083 547 1129 580 in-

397 608 557 641 dubitatos
583 611 614 639 et
645 616 709 638 non
743 603 831 636 fictos
858 601 1031 635 familiares
1057 611 1131 633 con-

399 662 504 693 tinuos
526 658 758 692 commensales
784 661 922 694 nostros,
942 659 973 687 et
992 664 1057 692 eos,
1077 652 1129 696 qui

398 726 432 747 cx
453 713 516 746 illis
536 711 643 744 clerici
670 710 819 748 existunt,
837 718 893 740 seu
912 706 1046 740 militiae
1067 706 1132 738 cle-

399 766 484 798 ricali
503 763 640 797 adscribi
660 762 859 801 desiderant,
881 758 1047 803 quosque²
1069 764 1131 791 tres

399 830 434 852 ex
471 817 623 862 praefatis
660 814 879 848 cardinalibus
916 813 947 845 in
985 811 1133 855 quolibet

399 871 513 904 ordine
538 868 739 912 antiquiores
764 866 879 909 gradu,
906 864 1074 897 nobilitate
1101 868 1132 896 et

399 925 468 957 aliis
493 923 614 956 meritis
641 922 756 965 dignos
787 920 841 953 tali
867 919 1025 962 dignitate
1051 917 1133 950 iudi·

399 977 561 1016 caverint,
585 976 615 1008 in
644 980 770 1008 nostros
796 979 827 1005 ct
854 971 1057 1016 Apostolicae
1082 970 1133 1003 Se-

400 1031 447 1064 dis
473 1031 625 1069 notarios,
646 1029 714 1061 sine
737 1034 840 1060 tamen
866 1025 1067 1070 praeiudicio
1087 1024 1134 1057 di-

400 1086 556 1117 lectorum
589 1082 726 1114 tiliorum
762 1081 799 1113 de
834 1089 970 1112 numero
1003 1077 1134 1121 partici-

399 1136 552 1180 pantium,
571 1141 681 1168 tenore
700 1133 922 1177 praesentium
943 1131 1134 1174 recipimus:

400 1195 432 1221 et
461 1194 522 1220 tam
548 1188 621 1220 illos
647 1197 741 1230 quam
766 1186 846 1218 alios
884 1184 1046 1228 dapiferos
1071 1183 1135 1216 sin-

401 1243 505 1283 gulos,
526 1240 578 1284 qui
605 1239 790 1282 singillatim
821 1239 861 1270 ab
887 1237 1006 1270 eisdem
1033 1236 1135 1269 tribus

400 1293 617 1327 ‹12:11·dina1ib113
636 1292 724 1335 dIgni
742 1292 795 1324 tali
815 1291 941 1324 honore
966 1289 1135 1333 approbati

402 1346 527 1386 fuerint,
547 1345 626 1378 sacri
647 1344 756 1387 palatii
776 1349 807 1377 et
834 1343 927 1376 aulae
947 1343 1136 1375 Lateranen·

401 1400 444 1431 sis
469 1399 599 1431 comites
615 1405 646 1431 et
660 1397 798 1430 milites:
815 1407 849 1429 ac
868 1402 930 1428 tam
950 1395 1023 1428 illos
1043 1405 1136 1438 quam

402 1453 482 1485 alios
507 1462 617 1485 omncs
643 1460 865 1494 quoscumque
902 1448 1067 1492 dapiferos
1093 1447 1138 1480 in-

404 1505 562 1544 distincte,
582 1505 634 1547 qui
662 1503 788 1537 nobiles
815 1513 877 1535 non
897 1507 983 1539 suut,
1001 1501 1137 1540 nobiles,

404 1558 554 1602 quoque³
573 1557 665 1590 Urbis
684 1563 715 1589 et
732 1556 863 1589 alicuius
889 1555 1020 1588 alterius
1041 1566 1076 1587 ex
1096 1554 1139 1587 ci-

404 1611 553 1644 vitatibus
581 1610 751 1653 temporali
778 1609 923 1642 domimo
950 1608 1053 1641 dictae
1078 1607 1140 1640 Ro-

406 1673 517 1696 manae
542 1663 702 1696 Erclesiac
721 1661 858 1695 mediate
877 1662 926 1694 vel
953 1660 1139 1694 immediate

406 1716 557 1749 ¹subiectis
583 1716 666 1748 cives
693 1726 762 1748 esse
789 1714 967 1753 voluerint,
994 1714 1139 1756 singulos

407 1769 436 1800 in
453 1771 489 1801 ea
507 1769 572 1812 ipsa
589 1768 724 1807 civitate,
739 1779 832 1811 quam
849 1766 1036 1810 singillatim
1055 1767 1141 1810 quis-

407 1833 467 1865 que
494 1833 603 1855 eorum
630 1822 771 1865 elegerit,
792 1827 823 1854 et
844 1822 881 1854 ad
908 1831 1003 1864 quam
1025 1820 1065 1853 ab
1083 1820 1142 1854 eis-

408 1875 478 1908 dem
504 1875 723 1908 cardinalibus
759 1885 794 1907 se
830 1874 952 1907 admitti
986 1873 1140 1916 petierit,

407 1938 499 1962 veros
524 1928 606 1960 cives
631 1928 670 1960 ad
692 1928 812 1966 instar,
841 1933 872 1960 et
896 1927 985 1960 nulla
1010 1936 1142 1970 prorsus

409 1980 589 2013 differentia
625 1980 710 2013 iuter
745 1991 800 2013 cos
834 1986 865 2013 et
890 1981 1037 2024 singulos
1062 1980 1142 2012 alios

409 2043 500 2066 veros
536 2033 731 2075 originarios
769 2039 799 2065 et
834 2033 1078 2077 antiquissimos
1113 2037 1144 2065 et

410 2085 536 2118 nobiles
561 2086 792 2129 participantes
819 2086 904 2119 cives
931 2086 1030 2130 ipsius
1052 2085 1145 2119 Urbis

410 2139 459 2171 vel
480 2138 625 2178 civitatis,
643 2138 722 2170 itaut
739 2138 842 2182 ipsum
861 2138 909 2171 ius
928 2138 1089 2171 civilitatis
1105 2138 1144 2171 ad

411 2201 630 2235 quoscumque
649 2201 759 2224 eorum
779 2191 934 2225 haeredes
953 2192 1066 2225 eodem
1085 2202 1145 2225 mo-

412 2245 451 2278 do
473 2249 627 2284 transeat,
642 2254 795 2284 creamus,
811 2244 1032 2278 constituimus
1047 2251 1078 2278 et
1095 2246 1147 2278 de-

412 2302 570 2340 putamus,
586 2308 621 2329 ac
635 2297 812 2330 nobilitatis
830 2302 862 2330 et
879 2297 1038 2330 civilitatis
1053 2298 1145 2330 titulo

413 2355 443 2383 ct
469 2350 595 2383 bonore
622 2355 652 2383 et
676 2349 823 2393 insigniis
844 2350 1048 2383 decoramus:
1072 2351 1147 2385 alio-

450 2439 459 2464 t
482 2438 622 2464 Coniunct.
643 2447 676 2464 ae
696 2439 828 2465 redundat
848 2441 885 2473 (tt⁴
901 2441 949 2470 Τ.).

448 2482 464 2508 2
484 2481 602 2508 Pessime
630 2482 694 2509 edit.
721 2482 800 2509 Μαίη.
830 2483 896 2517 legit
924 2492 1069 2518 quousque
1099 2492 1147 2519 pro

414 2532 538 2560 quosque
558 2527 595 2559 (n.
611 2527 659 2558 T.)-

447 2568 463 2595 3
483 2569 611 2604 Legerem
631 2570 738 2606 quique
759 2579 806 2607 pro
827 2580 937 2607 quoque
958 2572 998 2608 (u.
1013 2572 1064 2608 r).

969 185 1148 210 nrttattutftt
1174 184 1327 207 noitANtJM

1177 242 1310 274 rumque
1337 231 1538 264 familiarium
1565 233 1793 265 continuorum
1821 242 1908 264 com-

1175 284 1364 316 mensalium
1384 284 1477 317 nobis
1496 291 1566 317 actu
1594 285 1624 317 in
1650 284 1770 328 palatio
1796 289 1908 318 nostro

1173 337 1351 380 apostolico
1384 337 1618 375 servientium,
1644 344 1673 370 et
1707 337 1737 370 in
1764 337 1848 370 illius
1873 337 1910 369 ti-

1175 390 1261 422 nello
1278 390 1517 423 comedentium
1536 396 1565 423 et
1580 390 1773 428 bibentium,
1787 394 1911 422 nostro-

1175 452 1242 473 rum
1269 447 1302 473 et
1325 442 1417 474 Sedis
1450 442 1654 484 Apostolicae
1687 441 1909 480 notariorum,

1174 494 1352 538 palatiique
1378 499 1409 528 et
1443 496 1534 528 aulae
1559 495 1721 538 praefatae
1747 494 1912 533 comitum,

1174 547 1312 580 militum
1348 553 1378 580 et
1411 548 1569 581 nobilium
1603 554 1634 581 et
1658 548 1775 580 civium
1801 547 1911 580 liuius-

1175 600 1262 633 modi
1287 600 1537 643 originariorum
1571 611 1705 634 numero
1731 606 1762 634 et
1786 609 1912 633 consor-

1175 652 1219 685 tio
1246 652 1467 686 favorabiliter
1493 663 1720 697 aggregamus,
1740 658 1771 686 et
1790 663 1848 696 pro
1865 663 1913 685 vc—

1176 705 1219 738 ris
1245 705 1433 738 indubitatis
1452 712 1481 739 et
1503 717 1566 739 non
1591 706 1673 739 fictis
1699 705 1914 738 familiaribus

1175 758 1335 791 continuis
1355 759 1629 792 commensalibus
1650 769 1686 791 ac
1704 758 1837 791 notariis
1855 768 1915 790 no-

1175 811 1259 851 stris,
1278 811 1530 854 comitibusque,
1550 811 1716 850 militibus,
1738 810 1916 843 nobilibus-

1176 875 1238 908 que
1264 875 1299 897 ac
1324 865 1445 898 civibus
1478 865 1632 909 deinceps
1667 864 1782 898 baberi
1807 869 1839 898 et
1863 874 1915 897 re-

1176 917 1280 961 putari
1306 918 1453 951 volumus
1480 923 1511 951 et
1535 918 1736 950 mandamus.

1220 971 1234 1014 ξ
1259 970 1291 1004 ⁶2.
1320 971 1434 1014 Eisque
1466 972 1499 1003 in
1530 971 1792 1014 quibuscumque
1817 970 1917 1014 impe·

1914 182 1966 208 An.
1984 181 2012 208 C.
2037 181 2103 209 ¹730

1926 979 1954 1001 Ut
1967 984 1991 1000 sn
2005 977 2058 1000 tates
2072 983 2110 999 no·

1892 1023 1898 1028 .
1927 1008 2009 1028 minare
2021 1008 2109 1032 posunt,

1178 1025 1368 1057 [rationibus
1395 1036 1432 1058 ac
1456 1024 1724 1057 concessionibus
1746 1029 1778 1057 et
1801 1023 1917 1056 litteris

1179 1083 1241 1110 tam
1267 1078 1401 1120 gratiam
1428 1088 1523 1121 quam
1545 1077 1700 1110 iustitiam
1726 1076 1915 1120 separatim,

1178 1142 1234 1164 seu
1258 1137 1427 1174 utramque
1450 1130 1570 1163 mixtim
1589 1129 1860 1163 concernentibus
1883 1139 1917 1162 se

1180 1184 1353 1218 familiares
1387 1183 1559 1217 continuos
1595 1183 1829 1216 commensales
1861 1192 1918 1215 no-

1180 1243 1275 1278 strOS,
1286 1243 1318 1270 et
1332 1237 1477 1277 comites,
1489 1237 1618 1277 milites,
1633 1236 1768 1276 nobiles,
1784 1245 1819 1268 ac
1833 1235 1918 1268 cives

1180 1297 1211 1324 et
1233 1291 1428 1333 originarios
1451 1290 1610 1323 nominari
1621 1288 1640 1331 ¹,
1662 1299 1721 1322 nec
1746 1293 1919 1332 propterea

1181 1344 1425 1388 impetrationes
1442 1371 1450 1384 ,
1477 1342 1706 1376 concessiones
1735 1347 1767 1374 et
1791 1341 1919 1375 litterae

1181 1397 1268 1440 ipsae
1287 1396 1508 1440 subreptionis
1533 1395 1609 1428 vitio
1634 1395 1835 1435 subiaceant,
1860 1393 1919 1426 sed

1181 1450 1303 1484 validae
1325 1455 1357 1483 et
1375 1449 1516 1482 efficaces
1535 1448 1690 1487 existant,
1715 1458 1751 1480 ac
1775 1458 1811 1480 ex
1838 1456 1922 1479 nunc

1182 1503 1338 1546 deinceps
1363 1508 1394 1535 et
1419 1502 1449 1535 in
1476 1507 1674 1546 perpetuum
1712 1499 1864 1533 omnibus
1889 1505 1922 1533 et

1183 1556 1443 1600 quilmscumque
1465 1565 1596 1598 prorsus
1622 1553 1783 1587 similibus
1801 1553 1922 1586 antela-

1184 1609 1336 1649 tionibus,
1350 1607 1582 1641 antelationum
1600 1605 1842 1650 praerogativis,
1859 1604 1923 1649 pri-

1183 1661 1318 1705 vilegiis,
1344 1660 1559 1700 libertatibus,
1579 1659 1845 1699 immunitatibus,
1868 1668 1922 1691 ex-

1184 1714 1411 1759 emptionibus,
1430 1713 1566 1747 decretis
1585 1718 1615 1746 et
1635 1711 1921 1752 declarationibus,

1184 1767 1472 1811 derogationibus,
1496 1765 1673 1805 mandatis,
1700 1764 1922 1808 suspensioni-

1183 1823 1253 1861 bus,
1270 1820 1441 1859 favoribus,
1453 1819 1574 1862 gratiis,
1588 1818 1774 1862 privilegiis,
1789 1816 1923 1850 indultis

1184 1885 1220 1908 ac
1245 1874 1378 1914 iuribus,
1404 1873 1521 1917 quibus
1547 1871 1600 1905 alii
1625 1871 1725 1905 nostri
1748 1869 1922 1904 familiares

1186 1933 1332 1970 tempore
1357 1926 1462 1959 dictae
1482 1924 1712 1969 assumptionis
1729 1929 1860 1958 nostrae
1883 1922 1924 1956 ad

1186 1981 1302 2014 stunmi
1340 1979 1537 2023 apostolatus
1567 1979 1693 2022 apicem
1710 2004 1717 2018 ,
1744 1988 1781 2011 ac
1806 1976 1925 2021 quibus

1929 1034 2030 1059 indulget.

1187 2033 1239 2067 alii
1262 2033 1408 2067 eiusdem
1426 2031 1517 2065 Sedis
1543 2031 1672 2072 notarii,
1693 2031 1790 2064 etiam
1808 2030 1848 2063 de
1866 2040 1925 2062 nu·
1973 2064 1975 2066 ,

1188 2097 1279 2120 mero
1297 2084 1562 2130 participantium
1588 2084 1777 2124 existentes,
1799 2083 1925 2117 etiamsi

1189 2140 1334 2173 habitum
1349 2143 1380 2172 et
1391 2137 1593 2171 rocchettum
1608 2137 1806 2171 notariorum
1823 2136 1924 2180 ipsius

1187 2193 1279 2227 Sedis
1305 2202 1369 2225 non
1396 2191 1555 2231 deferant,
1582 2190 1758 2234 palatiique
1778 2194 1811 2223 et
1834 2190 1926 2223 aulae

1188 2246 1353 2290 praefatae
1377 2244 1510 2278 comites
1535 2248 1566 2276 et
1591 2242 1711 2276 milites
1737 2253 1773 2276 ac
1797 2242 1926 2276 nobiles

1190 2298 1356 2342 originarii
1376 2302 1407 2331 et
1429 2296 1644 2340 antiquissimi
1669 2296 1753 2330 cives
1779 2296 1927 2330 eiusdem

1189 2351 1304 2393 Urbis,
1329 2351 1380 2384 vel
1406 2349 1541 2383 civitatis
1567 2359 1662 2392 quam
1687 2355 1721 2382 ut
1745 2349 1928 2393 praefertur

1190 2403 1350 2448 eligerint,
1370 2402 1565 2447 quicumque
1583 2412 1619 2435 ex
1638 2407 1777 2446 utroque
1793 2406 1927 2447 parente

1191 2468 1265 2492 vere
1301 2455 1402 2490 nobili
1431 2465 1468 2488 ac
1493 2454 1562 2488 cive
1588 2455 1765 2498 originario
1790 2460 1821 2489 et
1845 2455 1927 2488 anti-

1190 2509 1347 2554 quissimo
1365 2507 1528 2552 procreati
1547 2507 1586 2541 de
1604 2508 1684 2550 iure,
1702 2512 1836 2550 statuto,
1854 2517 1928 2542 con-

1226 2575 1236 2600 1
1260 2571 1357 2608 Aptius
1376 2571 1436 2608 lege
1456 2571 1608 2601 nominare
1624 2571 1663 2607 (R.
1681 2571 1732 2606 τ.).
