2182 3137
162 162 259 189 Aac.
279 161 350 189 1730
395 151 460 184 176

358 209 425 238 dras
447 208 528 239 Sexti
551 212 579 238 et
602 207 850 238 Clementinarum
878 207 957 236 horis
980 207 1036 237 sibi
1059 217 1105 237 as-

357 258 519 298 signandi-s.

398 306 487 335 Porro
510 308 716 343 praeceptores
740 303 841 333 sedulo
875 303 1046 342 curabunt,
1074 308 1105 333 ut

358 354 432 384 iuris
469 353 625 392 utriusque
653 352 798 390 studiosi,
823 362 1027 392 quaecumque
1050 353 1105 382 hac

359 412 448 441 super
473 411 504 431 re
526 401 598 440 ipsis
613 401 744 430 iniuncta
762 405 790 430 et
810 406 963 440 praecepta
980 401 1103 440 fuerint,

359 451 586 489 diligentissime
620 454 776 489 praestent.
802 449 833 479 In
856 450 911 480 hoc
946 450 1021 480 idem
1047 460 1104 481 non

359 499 505 538 disparem
528 498 711 536 diligentiam
731 498 926 528 cancellarius
943 498 1103 537 adhibebit,

359 548 410 587 qui
427 548 587 577 lectionum
604 547 906 577 extraordinariarum
924 547 1107 577 distributio-

358 606 426 626 nem
449 597 484 625 ad
508 596 709 626 institutiones
741 596 844 626 civiles
867 597 1106 626 antimeridianis

359 645 439 674 horis
461 645 662 683 explicandas,
681 649 768 684 prout
784 646 845 684 ipse
864 645 965 675 utilius
984 655 1107 675 censue-

358 694 418 731 rit,
443 694 632 734 temperabit.

400 743 475 773 Iuris
497 743 593 773 civilis
616 743 760 781 studiosi,
784 743 808 772 si
831 743 904 773 iuris
937 742 1105 772 huiusmodi

361 792 554 831 quadriennio
576 801 708 821 annuum
731 791 806 821 iuris
829 791 964 820 canonici
986 800 1105 821 cursum

361 840 564 877 adiunxerint,
580 840 655 869 iuris
678 840 832 878 utriusque
850 840 1105 869 baccalaurcatun]

361 889 503 928 consequi
527 892 685 928 poterunt;
715 888 804 927 idque
828 887 954 917 vicissim
979 897 1030 926 pro
1060 897 1107 917 ca-

360 938 486 967 nonistis
508 938 613 966 valeat.

399 986 539 1024 Theologi
556 986 585 1015 in
603 985 831 1024 quadriennium
856 989 914 1014 tam
937 985 972 1014 ad
997 985 1105 1024 prima-

360 1035 433 1064 riam
450 1043 540 1073 quam
564 1034 599 1063 ad
623 1033 821 1072 vespertinam
845 1033 990 1070 eiusdem,
1018 1042 1105 1072 quam

360 1087 539 1122 sequuntur,
560 1082 723 1111 sententiae
740 1081 892 1111 cathedras
911 1082 1020 1111 assidui
1042 1091 1106 1112 esse

360 1135 527 1161 teneantur.
563 1130 706 1160 Scotistae
740 1135 837 1160 autem
867 1130 903 1160 ad
937 1130 1105 1169 primariam

361 1180 499 1219 propriae
523 1179 698 1216 sententiae,
723 1184 751 1208 et
774 1179 809 1208 ad
835 1179 1034 1218 vespertinam
1057 1179 1108 1209 do-

360 1229 450 1258 ctoris
472 1228 593 1258 Suarez.
618 1228 725 1257 Verum
753 1238 854 1257 omnes
888 1228 998 1266 pariter
1029 1237 1106 1257 anno

362 1279 458 1317 primo
482 1277 685 1316 philosophiae
709 1277 831 1313 morali,
856 1277 985 1306 secundo
1009 1278 1106 1307 cathe-

360 1327 429 1356 drae
452 1335 604 1356 sacrorum
623 1325 782 1355 bibliorum
807 1330 835 1355 et
858 1326 1024 1363 theologiae
1047 1336 1107 1356 mo-

361 1375 416 1404 rali
439 1384 555 1414 operam
580 1375 704 1404 dabunt.

400 1423 591 1453 Scholaribus
612 1433 626 1452 a
651 1424 843 1461 grammatica
871 1423 906 1452 ad
931 1424 1106 1462 theologiam

362 1473 482 1502 nonnisi
504 1473 594 1502 semel
617 1473 704 1502 liceat
727 1478 860 1502 exactum
884 1473 953 1502 anni
976 1474 1108 1503 curricu-

362 1522 422 1550 lum
445 1522 475 1551 in
508 1521 611 1551 eadem
641 1522 778 1551 facultate
812 1526 945 1560 repetere
960 1544 967 1557 ,
991 1522 1049 1551 nisi
1072 1522 1107 1552 ob

362 1570 495 1599 affectam
514 1570 710 1599 valetudinem
727 1579 811 1598 secus
834 1570 929 1599 facere
952 1575 1105 1607 cogantur.

207 1634 238 1654 Ad
252 1633 352 1654 licentiae
403 1617 457 1652 Qui
480 1617 611 1655 legitime
633 1626 752 1646 cursum
785 1618 820 1647 ad
852 1617 1107 1648 baccalaureatum

169 1660 267 1708 {222¹ss
277 1666 352 1706 „082ss
364 1665 511 1705 peregerit
525 1690 532 1704 ,
561 1670 592 1695 ut
615 1665 801 1704 postmodum
824 1665 859 1695 ad
882 1666 1020 1695 licentiae
1043 1675 1109 1704 gra-

169 1714 353 1761 ξξὲθῐὲθζὲῐῑὲᾞῗ
364 1714 432 1744 (111111
466 1718 693 1753 promoveatur,
718 1714 824 1743 iterum
857 1724 888 1743 se
910 1724 1056 1748 exercere,
1081 1720 1109 1744 et

170 1769 210 1787 tur.
363 1771 485 1799 novum,
504 1766 535 1791 ut
550 1762 579 1791 in
603 1762 706 1800 quavis
729 1762 866 1792 facultate
883 1763 1107 1801 praescribitur,

364 1811 410 1840 sui
432 1811 596 1850 periculum
620 1812 715 1840 facere
739 1810 896 1849 obligetur.

428 1887 490 1916 Tl‘r.
510 1886 605 1916 XXIV.
624 1904 663 1909 —-
681 1887 718 1915 De
734 1886 893 1925 chirurgiae
908 1888 1047 1917 studiosis,

173 1976 298 2002 chirurgiae
317 1982 354 1996 au·
405 1959 447 1988 Ad
477 1959 643 1996 chirurgiae
676 1958 805 1988 studium
836 1968 866 1988 se
896 1960 1030 1988 conferre
1063 1969 1111 1988 vo-

172 2004 251 2024 ditores
260 2009 298 2029 per
307 2008 354 2023 exa-

170 2036 218 2050 meu
242 2009 461 2050 amman-lentes
477 2031 484 2043 ,
509 2012 706 2045 congruenter
739 2008 768 2036 in
801 2008 893 2037 latino
926 2018 1061 2037 sermone
1084 2013 1111 2038 et

170 2057 200 2077 di·
366 2056 555 2095 philosophia
578 2056 686 2085 versati
708 2056 783 2093 sint3
808 2065 864 2094 qua
887 2056 921 2085 de
944 2065 996 2091 re,
1027 2060 1058 2085 ut
1081 2056 1110 2085 in

365 2105 515 2135 academia
538 2104 628 2134 moris
651 2108 706 2142 est,
730 2113 787 2133 non
804 2104 900 2140 aliter,
922 2114 1007 2143 quam
1028 2114 1112 2143 prae-

365 2155 410 2184 vio
443 2153 581 2183 examine
603 2156 632 2182 et
653 2152 881 2191 approbatione,
903 2153 1109 2182 admittantur.

365 2202 542 2240 Praecipuos
576 2202 664 2231 huius
696 2201 769 2231 artis
797 2205 939 2231 tractatus
962 2211 976 2231 a
1000 2202 1112 2241 praele-

365 2257 443 2281 ctore
478 2251 605 2281 triennio
638 2251 789 2289 excipient
822 2250 856 2280 de
890 2251 1013 2289 scripto.
1037 2250 1113 2286 Qua·

366 2301 536 2330 driennium
559 2300 681 2339 insuper
705 2299 918 2338 experimentis
936 2300 1113 2338 chirurgicis

366 2349 525 2386 diligenter
556 2348 728 2387 impendent
759 2348 789 2377 in
822 2348 876 2377 hac
899 2348 942 2377 vel
964 2348 1021 2377 alia
1044 2349 1113 2378 civi-

367 2402 437 2434 tate,
461 2397 490 2426 in
514 2406 570 2436 qua
593 2397 630 2426 sit
645 2396 804 2434 collegium
824 2397 1044 2434 chirurgorum,
1063 2397 1113 2427 do-

175 2451 421 2481 Quassondiuonenec
444 2445 605 2483 magisterii
628 2445 770 2474 honorem
793 2448 1003 2484 assequantur:
1025 2454 1112 2484 quem

174 2480 426 2524 'gffniifr'giiiuu‘iiss‘snon
457 2499 523 2523 ante
554 2493 747 2528 obtinebunt,
771 2503 859 2533 quam
894 2494 1051 2524 lectionem
1074 2504 1111 2523 ex

368 2541 509 2572 Guidonis
532 2545 657 2572 tractatu
679 2542 714 2572 de
738 2542 910 2572 vulneribus
925 2566 932 2580 ,
961 2542 1111 2573 ulceribus

948 160 1129 184 BULLARIUM
1153 161 1310 184 ROMANUM

1898 164 1949 188 An.
1967 163 1996 188 C.
2020 162 2092 190 1730

1146 212 1174 238 et
1197 209 1361 238 tumoribus
1384 213 1462 239 sorte
1484 209 1648 239 ducendam
1675 209 1705 238 in
1727 210 1892 240 semihorae

1146 257 1273 296 spatium
1295 257 1433 294 habeant,
1458 262 1487 287 et
1509 258 1538 287 in
1562 262 1620 287 tres
1636 258 1790 287 continuas
1806 258 1893 288 horas

1147 315 1161 334 a
1185 306 1349 336 medicinae
1371 310 1399 336 et
1421 306 1589 344 chirurgiae
1606 306 1822 345 professoribus
1843 316 1893 336 ex-

1147 354 1317 384 aminentur
1348 359 1376 384 et
1409 354 1628 394 approbentur;
1663 364 1716 384 nec
1749 364 1808 384 non
1842 354 1893 384 sti-

1148 402 1267 441 pendia,
1280 403 1427 441 quaeiure
1437 407 1465 432 et
1477 412 1511 432 ex
1528 403 1694 432 academiae
1714 402 1893 442 praescripto

1149 450 1236 489 pendi
1258 451 1373 489 solent,
1398 451 1581 490 persolvant,
1606 451 1726 489 triginta
1761 450 1894 480 videlicet

1148 499 1239 529 libras
1271 504 1405 529 monetae
1438 500 1606 529 catalanae:
1640 510 1679 529 ex
1711 499 1818 539 quibus
1850 499 1894 528 vi-

1148 547 1223 585 ginti
1245 552 1371 586 quatuor
1393 547 1608 577 distribuantur
1640 548 1719 577 inter
1744 547 1895 577 examina-

1149 600 1228 625 tores
1261 600 1289 625 et
1321 596 1552 631 cancellarium,
1590 597 1637 626 cui
1660 601 1759 626 tamen
1783 596 1894 635 duplex

1149 643 1244 682 portio
1266 644 1407 680 debetur3
1432 644 1579 683 reliquum
1603 645 1680 674 inter
1703 644 1893 674 secretarium

1149 696 1177 722 et
1199 692 1364 722 ministros.

1189 740 1315 770 Gradum
1349 740 1492 770 eiusmodi
1515 744 1737 780 consequutus,
1762 750 1814 780 pro
1836 745 1894 770 toto
1943 757 2002 781 Quae
2016 763 2089 778 eorum

1149 789 1315 819 Cataloniae
1352 789 1519 828 principatu
1554 790 1722 828 chirurgiae
1756 789 1895 827 magister
1910 784 1951 804 ⁵³⁰¹
1968 783 2090 810 ¹³“'¹¹⁶⁸‘³·

1149 842 1326 875 censeatur,
1361 847 1415 867 nec
1448 838 1534 867 aliam
1568 838 1629 867 sive
1661 837 1801 867 archiatri
1833 837 1894 866 sive

1149 886 1266 924 collegii
1290 885 1495 925 probationem
1529 890 1579 915 aut
1608 886 1756 916 licentiam
1779 885 1895 915 deside-

1150 939 1204 964 ret.

1189 983 1244 1018 Qui
1267 983 1436 1021 chirurgiae
1460 983 1621 1013 triennium
1644 983 1674 1013 in
1697 983 1752 1013 hac
1774 984 1894 1014 univer-

1149 1032 1235 1062 sitate
1267 1032 1397 1070 legitime
1428 1032 1607 1070 confecerit,
1632 1032 1667 1062 ad
1690 1033 1893 1070 magisterium

1151 1082 1194 1111 vel
1228 1090 1263 1111 ex
1297 1081 1421 1119 collegio
1452 1081 1686 1111 Barchinonensi
1709 1082 1754 1111 vel
1783 1091 1818 1111 ex
1847 1091 1894 1112 ar-

1149 1131 1263 1160 chiatro
1293 1129 1505 1167 obtinendum,
1536 1130 1690 1160 dimidium
1712 1130 1806 1160 solum
1830 1140 1895 1170 per-

1150 1179 1243 1209 solvat
1264 1179 1526 1214 distributionum,
1559 1188 1631 1217 quas
1664 1179 1755 1208 ceteri
1787 1179 1896 1218 depen-

1149 1228 1219 1257 dere
1243 1227 1422 1265 obligantur.
1448 1227 1487 1256 Eo
1511 1231 1662 1266 praeterea
1686 1228 1827 1267 peculiari
1845 1228 1894 1258 he-

1150 1277 1256 1306 neticio
1289 1280 1317 1305 et
1351 1276 1504 1315 privilegio
1537 1276 1682 1314 gaudeat,
1707 1281 1737 1306 ut
1761 1286 1812 1315 pro
1841 1287 1893 1307 suo

1151 1326 1213 1355 iure
1236 1326 1265 1354 in
1289 1325 1391 1364 quavis
1413 1325 1597 1364 principatus
1614 1330 1696 1363 parte
1715 1326 1894 1364 chirurgiam

1150 1376 1245 1404 facere
1269 1374 1371 1413 possit.
1396 1373 1556 1411 Collegium
1573 1383 1641 1403 vero
1657 1374 1895 1404 Barchinonense

1151 1423 1225 1453 nulli
1248 1422 1450 1460 magisterium
1467 1422 1644 1451 demandare
1660 1423 1767 1460 valeat,
1787 1423 1838 1462 qui
1854 1427 1896 1453 te—

1151 1473 1324 1502 stimonium
1358 1471 1525 1501 academiae
1559 1471 1712 1501 secretarii
1734 1481 1791 1501 non
1815 1472 1896 1502 exhi-

1151 1520 1259 1554 buerit,
1283 1530 1339 1559 quo
1362 1520 1493 1558 legitime
1515 1524 1641 1558 constet,
1665 1520 1809 1550 triennale
1829 1530 1895 1550 cur-

1152 1569 1278 1599 riculum
1302 1569 1358 1598 rite
1393 1573 1421 1598 et
1443 1578 1481 1597 ex
1503 1568 1670 1598 academiae
1693 1569 1894 1599 sanctionibus

1152 1618 1312 1657 peregisse.

1192 1667 1362 1704 Chirurgiae
1393 1667 1516 1697 studiosi
1549 1668 1592 1698 uti
1625 1671 1704 1697 veste
1727 1667 1895 1697 academica

1153 1726 1210 1745 non
1234 1716 1458 1754 astringantur,
1483 1717 1640 1746 dummodo
1663 1718 1802 1746 decenter
1823 1716 1895 1746 alio-

1153 1765 1225 1805 quin
1248 1765 1396 1795 incedant.

1153 1839 1215 1869 TIT.
1240 1839 1323 1868 XXV.
1348 1856 1387 1861 —
1410 1838 1449 1867 De
1480 1839 1642 1877 stipendiis,
1672 1840 1731 1868 sive
1761 1839 1896 1877 pecuniae

1193 1889 1441 1922 distributionibus,
1459 1889 1494 1917 ad
1507 1889 1610 1926 gradus
1631 1889 1819 1927 suscipiendos
1831 1898 1897 1928 per-

1194 1937 1336 1966 solvendis.

1194 2007 1249 2042 Qui
1285 2007 1408 2045 gradum
1445 2006 1705 2044 baccalaureatuS‚
1739 2006 1895 2042 licentiae,
1943 2022 2036 2043 eranum
2051 2023 2091 2044 an-

1909 2053 1971 2078 quem
1983 2051 2096 2076 susceptu·

1154 2057 1324 2086 doctoratus
1347 2056 1408 2085 sive
1438 2055 1599 2094 magisterii
1631 2056 1659 2084 in
1693 2055 1822 2094 qualibet
1853 2057 1926 2094 fa-,.¹
1953 2075 1980 2095 m,
2006 2081 2094 2098 examen

1154 2105 1262 2135 cultate
1291 2109 1481 2144 suscepturus
1514 2104 1573 2141 sit,
1598 2108 1768 2134 consuetam
1790 2105 1821 2134 in
1844 2105 1898 2135 hac
1909 2107 1949 2121 “⁰¹¹
1964 2102 2092 2124 ³¹³¹¹¹¹¹²⁰¹¹⁰i

1909 2128 1948 2148 nisi
1978 2131 2010 2148 ast
2036 2131 2055 2148 ·t

1155 2154 1348 2184 universitate
1383 2154 1460 2193 apud
1499 2153 1667 2183 academiae
1705 2129 2095 2184 secretarium⁵t³¹u⁹¹÷=mci¹²03=⁸¹¹3

1156 2204 1298 2242 pecuniae
1322 2212 1466 2233 summam
1489 2202 1632 2241 deponat3
1668 2202 1799 2242 alioquin
1831 2213 1898 2233 eum
1909 2186 1971 2201 mam.

1156 2261 1341 2291 nequaquam
1375 2251 1411 2280 ad
1434 2259 1556 2280 examen
1579 2250 1773 2280 cancellarius
1795 2251 1899 2282 admit-

1156 2305 1209 2330 tat.
1232 2299 1383 2329 Eiusmodi
1406 2308 1475 2328 vero
1498 2299 1623 2338 pecunia
1647 2299 1753 2338 partim
1784 2300 1813 2329 in
1835 2309 1899 2330 aca-

1155 2348 1268 2378 demiae
1290 2347 1498 2386 compendium
1521 2348 1614 2384 cedet,
1640 2348 1745 2387 partim
1768 2348 1798 2378 in
1816 2348 1900 2379 scho-

1156 2397 1302 2433 lasticum,
1327 2397 1464 2426 doctores
1487 2400 1515 2426 et
1538 2396 1700 2434 ministros,
1724 2397 1775 2436 qui
1797 2397 1899 2427 huius-

1155 2446 1232 2476 modi
1255 2446 1327 2475 actis
1349 2455 1383 2475 ex
1407 2445 1503 2475 officio
1521 2445 1721 2483 interfuerint,
1739 2446 1898 2476 distribue-

1155 2499 1218 2530 tur,
1243 2494 1393 2524 videlicet:

1194 2542 1249 2573 Pro
1268 2542 1494 2572 baccalaureatu
1513 2542 1726 2582 cuiuscumque
1750 2543 1896 2573 facultatis
1910 2549 1968 2573 Quae
1985 2554 2034 2570 vero
2054 2553 2092 2575 pm
