2182 3137
52 266 100 294 An.
116 265 144 292 C.
164 265 174 292 ί
184 264 235 292 733

93 647 155 668 filu-s
180 648 236 666 tran-

55 677 140 700 smnptis
155 673 234 694 danila.

56 2222 60 2228 Ι
98 2196 178 2219 Causae
199 2197 237 2219 liu-

56 2229 110 2245 nuce
150 2230 235 2246 conce-‘2-

57 2250 124 2272 sionis.

861 266 1000 290 CLEMENS
1025 267 1067 291 ΧΠ
1091 269 1138 292 ΡΡ.

247 312 406 356 expressis
424 322 461 346 ac
478 313 517 346 de
536 313 634 346 verbo
652 313 691 346 ad
711 313 840 346 verbum
859 314 989 347 insertis

247 366 420 407 habentes,
437 366 501 399 illis
526 365 604 399 alias
630 366 663 399 in
688 377 748 399 suo
774 366 894 400 robore
919 378 990 410 pcr-

246 419 414 460 mansuris,
430 420 469 453 ad
495 419 742 463 praemissorum
758 419 915 461 effectum,
929 420 989 453 hac

245 473 313 506 vice
338 473 519 515 dumtaxat,
545 473 731 516 specialiter
767 478 798 507 et
835 484 987 517 expresse

246 526 466 569 derogamus;
494 527 675 571 ceterisque
713 527 884 560 contrariis
922 527 987 570 qui-

245 580 459 625 buscumque.

290 634 353 677 §4
373 634 524 668 Volumus
544 639 651 668 autem
678 639 712 667 ut
736 634 877 678 ipsarum
894 645 988 678 prae-

247 687 388 720 sentium
409 687 588 720 litterarum
611 687 833 731 transumptis,
852 698 909 720 seu
935 698 989 721 ex-

247 740 372 783 emplis,
401 740 497 774 etiam
523 740 706 784 impressis,
731 751 828 773 manu
854 740 988 774 alicuius

246 793 365 827 notarii
403 794 526 837 publici
563 794 775 838 subscriptis,
813 800 844 828 et
879 794 988 838 sigillo

247 857 406 890 personae
431 847 465 880 in
491 847 711 881 ecclesiastica
736 848 892 891 dignitate
911 858 988 881 eon-

246 899 375 933 stitutae
411 900 568 941 munitis,
600 901 714 934 eadem
741 911 875 944 prorsus
908 900 988 934 sides

246 952 369 996 ubique
393 954 539 987 locorum
579 959 642 986 tam
675 953 707 987 in
734 953 855 987 iudicio
893 964 988 997 quam

247 1013 336 1042 extra
360 1009 442 1043 illud
467 1009 649 1049 habeatur,
676 1020 757 1052 quae
783 1009 862 1053 ipsis
896 1020 988 1052 prac-

245 1062 392 1097 sentibus
417 1063 598 1097 haberetur
626 1063 653 1096 si
680 1063 787 1097 forent
822 1063 987 1097 exhibitae

245 1116 295 1149 vel
320 1122 483 1150 ostensae.

289 1169 402 1202 Datum
426 1169 558 1210 Romae,
583 1170 668 1213 apud
694 1169 723 1203 S.
742 1170 873 1203 Mariam
891 1169 987 1203 Maio-

246 1232 325 1263 rem,
344 1223 404 1255 sub
422 1224 544 1256 annulo
563 1223 747 1263 Piscatori&
766 1223 819 1257 die
844 1233 887 1256 xli
911 1223 986 1256 maii

245 1284 443 1317 MDCCXxxm,
470 1276 677 1320 pontificatus
696 1277 798 1310 nostri
824 1288 910 1310 anno
936 1287 984 1311 111.

281 1338 341 1366 Dat.
367 1338 414 1367 die
436 1339 468 1366 12
489 1339 551 1366 maii
572 1338 653 1372 1733,
677 1339 778 1375 pontif.
801 1347 873 1366 anno
893 1346 933 1366 111.

536 1392 571 1425 F.
599 1393 688 1426 card.
716 1392 898 1427 Omvnnws.

565 1547 667 1580 XCIII.

246 1618 467 1653 Missionariis
492 1623 520 1652 et
545 1618 824 1652 concionatoribus
850 1617 987 1652 Ordinis

289 1673 452 1706 Minorum
488 1672 593 1705 sancti
626 1672 798 1705 Francisci
834 1672 988 1717 Capucci-

288 1737 407 1760 norum
431 1732 696 1770 nuncupatorum
716 1726 918 1770 indulqetur,
951 1730 988 1759 nt

289 1780 481 1814 missionum
506 1785 534 1814 et
555 1780 746 1814 concionum
773 1786 913 1824 tempore
936 1791 986 1813 sa-

287 1834 469 1867 cerdotibus
494 1838 563 1867 tum
591 1834 814 1867 saecularibus
840 1838 908 1867 tuin
931 1845 985 1868 re-

289 1887 464 1930 qnlaribns
481 1892 611 1932 peccata
633 1888 759 1931 possint
783 1887 929 1930 confiteri
953 1888 986 1920 in

290 1940 385 1979 locis,
412 1941 449 1973 in
483 1941 602 1985 quibus
628 1940 763 1975 Ordinis
798 1942 988 1984 confessarii

289 1993 426 2027 mininie
450 1995 671 2038 reperiuntur.

457 2074 592 2103 clemens
613 2075 692 2109 Papa
710 2075 774 2108 XII,

386 2119 423 2147 ad
442 2119 576 2147 futuram
594 2120 639 2148 rei
658 2120 840 2148 memoriam.

290 2191 305 2235 §
329 2190 362 2224 l.
389 2190 512 2235 Exponi
537 2191 631 2225 nobis
658 2202 763 2236 nuper
799 2191 875 2225 fecit
907 2190 985 2224 dile-

246 2250 316 2280 ctus
342 2244 428 2279 filius
459 2245 637 2279 Cherubini
664 2246 703 2280 de
727 2246 851 2286 Noves‚
884 2235 986 2280 'frater

246 2310 397 2343 expresse
433 2300 597 2343 professus
633 2305 664 2333 et
699 2300 854 2333 assistens
888 2311 986 2343 gene-

245 2354 323 2387 ralis
362 2352 486 2387 Galliae
523 2353 652 2387 Ordinis
689 2354 847 2388 Minorum
884 2354 984 2387 sancti

245 2407 407 2441 Francisci
432 2406 689 2451 Capuccinorum
714 2413 984 2451 nuncupatorum,

245 2461 334 2504 quod
359 2461 428 2504 ipse
454 2460 604 2495 fratribus
629 2462 842 2495 missionariis
867 2462 983 2502 Gallis,

244 2513 412 2555 Sabaudis,
438 2514 669 2557 Lotliaringiis‚
694 2515 807 2555 Scotis,
833 2515 984 2549 Ilibernis

245 2573 276 2601 et
300 2568 427 2611 Anglis,
449 2567 508 2600 sub
541 2567 724 2601 assistentia
756 2569 901 2612 generali
927 2570 985 2602 ltu-

244 2621 383 2655 iusmodi
416 2621 678 2666 comprehensis,
711 2622 767 2666 qui
792 2622 825 2656 in
850 2623 982 2667 longin-

245 2676 317 2719 quis
348 2675 535 2719 regionibus
560 2675 674 2710 vineae
698 2676 826 2710 Domini
863 2678 983 2711 allabo-

1668 260 1731 293 499

1032 322 1112 356 rant,
1138 327 1264 351 necnon
1289 317 1389 351 sacris
1415 318 1698 352 concionatoribus
1724 319 1770 351 ‹li-

1032 370 1074 402 cti
1107 370 1260 412 Ordinis,
1292 372 1345 415 qui
1380 372 1511 406 verbum
1538 373 1592 406 Dei
1626 373 1769 416 populo,

1033 428 1180 466 tempore
1205 425 1398 467 praesertim
1430 426 1605 466 Adventus,
1629 426 1770 465 Quadra-

1032 476 1182 518 gesimae‚
1210 483 1241 510 et
1266 478 1347 511 iutra
1373 484 1499 512 octavas
1526 479 1678 512 festorum
1702 479 1770 511 die-

1032 540 1117 569 rum,
1145 531 1344 564 annunciant
1369 532 1401 564 in
1433 532 1512 565 locis
1546 532 1599 564 ulii
1625 533 1769 575 religiosi

1032 582 1219 615 confessarii
1246 583 1392 616 eiusdem
1410 584 1538 618 Ordinis
1564 586 1698 619 minime
1727 597 1771 618 re-

1031 635 1213 678 periuntur,
1233 642 1365 679 peccata
1383 647 1439 670 sua
1456 638 1526 670 aliis
1552 639 1768 675 coul'essariis,

1032 688 1177 730 legitime
1213 689 1402 732 ceteroquin
1435 691 1642 733 approbatis,
1671 691 1771 724 conli-

1033 741 1120 774 tendi
1140 746 1334 785 potestatem
1360 742 1429 775 sieri
1455 754 1663 787 summopere
1691 744 1771 777 desi-

1032 795 1129 828 derat.
1155 794 1254 828 Nobis
1273 801 1450 839 propterea
1471 797 1637 830 humiliter
1654 798 1773 841 suppli-

1032 848 1096 882 cari
1134 849 1210 882 fecit
1241 855 1276 882 ut
1308 849 1340 881 in
1371 850 1559 893 praemissis
1586 850 1771 893 opportune

1032 902 1203 946 providere
1229 908 1260 936 et
1286 908 1321 935 ut
1349 903 1431 936 infra
1458 903 1627 947 indulgere
1653 904 1692 936 de
1718 904 1772 937 be-

1033 956 1189 999 nignitate
1215 956 1393 1000 apostolica
1414 957 1635 1000 dignaremur.

1076 1011 1090 1054 g
1109 1010 1140 1042 ΕΖ.
1160 1009 1223 1043 Nos
1241 1010 1350 1053 igitur,
1365 1010 1467 1054 ipsius
1481 1010 1657 1043 Cherubini
1677 1011 1768 1051 votis,

1033 1069 1188 1107 quantum
1207 1074 1279 1097 eum
1296 1064 1433 1097 Domino
1452 1074 1636 1107 possumus,
1652 1065 1770 1097 favora-

1033 1116 1143 1150 biliter
1157 1127 1302 1150 annuere
1317 1117 1498 1161 cupientes,
1513 1127 1652 1161 eumque
1672 1128 1688 1150 a
1705 1118 1772 1161 qui-

1032 1171 1139 1204 busvis
1163 1171 1519 1211 excommunicationis,
1545 1172 1768 1214 suspensionis

1033 1229 1064 1257 et
1089 1224 1264 1264 interdicti,
1283 1224 1421 1268 aliisque
1448 1225 1676 1258 ecclesiasticis
1697 1236 1771 1258 seu-

1034 1278 1152 1319 tentiis,
1171 1278 1315 1311 censuris
1340 1283 1373 1311 et
1393 1278 1520 1322 poenis,
1539 1289 1556 1311 a
1573 1278 1643 1311 iure
1661 1280 1711 1312 vel
1729 1280 1769 1311 ab

1033 1332 1176 1372 homine,
1193 1332 1304 1375 quavis
1322 1333 1496 1366 occasione
1511 1333 1559 1365 vel
1573 1334 1670 1366 causa
1687 1333 1770 1373 latis,

1032 1387 1058 1419 si
1085 1386 1204 1430 quibus
1229 1386 1476 1430 quomodolibet
1508 1386 1682 1420 innodatus
1707 1387 1771 1419 exi-

1031 1440 1107 1481 stit,
1139 1440 1178 1473 ad
1206 1439 1354 1473 effectum
1390 1440 1613 1484 praesentium
1649 1445 1771 1474 tantum

1032 1494 1310 1538 consequendum,
1330 1493 1446 1527 harum
1464 1493 1548 1527 serie
1567 1494 1771 1528 absolventes

1032 1553 1063 1581 et
1086 1548 1272 1580 absolutum
1293 1547 1362 1580 sore
1387 1553 1565 1587 censentes,
1585 1547 1769 1581 huiusmodi

1031 1601 1321 1645 supplicationibus
1347 1601 1504 1642 inclinati,
1524 1601 1674 1634 fratribus
1693 1602 1769 1635 mis-

1031 1654 1180 1689 sionariis
1206 1665 1242 1687 ae
1267 1654 1551 1688 concionatoribus
1576 1655 1771 1698 praedictis,

1031 1708 1070 1741 ab
1107 1718 1220 1741 eorum
1256 1708 1483 1752 superioribus
1523 1719 1609 1741 nunc
1643 1714 1674 1742 et
1709 1720 1768 1752 pro

1032 1768 1180 1806 tempore
1206 1761 1386 1805 deputatis,
1414 1767 1449 1794 ut
1472 1762 1637 1806 quibusvis
1663 1773 1772 1796 sacer-

1031 1817 1170 1857 dotibus,
1198 1822 1264 1849 tum
1289 1816 1512 1850 saecularibus
1540 1822 1605 1849 tum
1632 1817 1770 1850 aliorum

1030 1870 1187 1903 Ordinum
1211 1869 1434 1913 regularibus,
1461 1870 1501 1903 ab
1526 1870 1706 1903 Ordinariis
1724 1872 1770 1904 lo-

1031 1934 1140 1958 corum
1166 1934 1203 1957 ac
1226 1923 1304 1957 alias
1342 1923 1487 1966 legitime
1522 1924 1561 1957 ad
1592 1924 1769 1958 audiendas

1031 1979 1255 2012 consessiones
1274 1978 1434 2012 eiusmodi
1454 1978 1654 2022 ariprobatis,
1674 1979 1707 2011 in
1732 1979 1770 2012 iis

1030 2032 1111 2066 locis
1130 2032 1295 2065 dumtaxat
1318 2032 1351 2064 in
1377 2031 1492 2075 quibus
1512 2032 1700 2066 confessarii
1716 2033 1772 2066 Or-

1031 2086 1115 2120 dinis
1130 2086 1290 2130 praedicti
1305 2086 1436 2119 minime
1451 2087 1671 2130 reperiuntur,
1687 2087 1771 2120 sicut

1030 2140 1258 2184 praemittitur,
1277 2145 1412 2184 peccata
1428 2151 1483 2174 sua
1502 2140 1648 2174 confiteri
1667 2141 1770 2175 libere

1030 2200 1062 2227 et
1082 2194 1168 2227 licite
1187 2194 1313 2238 possint
1329 2199 1360 2227 et
1377 2195 1514 2235 valeant,
1532 2205 1770 2238 quamcumque

1029 2248 1247 2281 necessariam
1273 2253 1304 2281 et
1334 2253 1550 2291 opportunam
1584 2249 1771 2282 facultatem

1029 2302 1068 2335 ad
1094 2302 1289 2336 decennium
1314 2302 1496 2346 proximum
1527 2307 1649 2336 tantum
1676 2303 1771 2336 dura-

1029 2360 1153 2396 turam,
1191 2356 1381 2389 auctoritate
1417 2356 1620 2399 apostolica,
1657 2361 1770 2389 tenore

1029 2409 1250 2453 praesentium
1263 2436 1270 2450 ‚
1292 2409 1462 2442 tribuimus
1481 2414 1512 2442 et
1529 2409 1744 2453 impertimur.

1073 2463 1087 2507 ᾗ
1112 2462 1144 2495 3.
1171 2462 1240 2496 Non
1257 2463 1464 2496 obstantibus
1483 2463 1769 2497 constitutionibus

1029 2522 1061 2550 et
1096 2517 1359 2550 ordinationibus
1396 2517 1606 2561 apostolicis,
1639 2529 1769 2552 necnon

1029 2570 1105 2604 dicti
1131 2570 1276 2612 Ordinis,
1303 2572 1399 2604 etiam
1426 2571 1626 2612 iuramento,
1655 2572 1770 2606 contir-

1028 2625 1169 2658 matione
1195 2624 1380 2668 apostolica,
1406 2626 1456 2658 vel
1483 2625 1593 2669 quavis
1618 2625 1770 2661 firmitate

1028 2678 1091 2712 alia
1114 2678 1286 2721 roboratis,
1312 2679 1439 2713 statutis
1464 2685 1495 2713 et
1520 2681 1768 2714 consuctudini-

1844 268 1872 294 C.

1778 268 1824 295 An.
1897 268 1962 295 1733

1829 2473 1966 2495 (nutantium

1781 2499 1902 2526 derogatio.
