2182 3137
153 211 204 238 An.
221 211 251 238 C.
273 212 336 240 173¹

198 1430 331 1451 Obstantium

145 1456 159 1476 d
166 1458 270 1482 erogatis).

387 203 451 236 250

349 267 413 293 tum
450 261 634 298 restitutae,
673 260 834 302 repositae
873 266 905 292 et
940 260 1087 302 plenarie

347 313 589 354 reintegrataev.
603 318 822 351 censeantur,
857 323 893 344 ac
927 313 966 344 de
1002 323 1086 344 novo

347 366 405 396 sub
439 376 643 407 quacumque
679 365 776 397 eliam
814 365 987 407 posteriori
1014 365 1088 397 data

346 428 406 460 per
430 418 533 450 dictos
554 418 691 450 clericos
710 418 873 459 regulares
892 418 998 450 Matris
1020 418 1087 457 Dei,

346 471 399 513 qui
425 482 442 503 a
467 470 592 503 Sclzolz's
609 471 681 503 Piis
707 471 967 510 denominantur,
986 481 1087 513 quan-

346 524 529 566 documque
557 523 718 565 eligenda,
744 533 797 555 eas
824 534 994 556 concessas
1014 534 1085 556 esse

345 581 378 607 et
402 576 470 608 sore
497 575 623 607 censeri
649 577 817 615 volumus,
844 575 951 618 sicque
969 582 1000 607 et
1021 586 1085 608 non

344 628 425 660 alias
452 628 483 659 in
509 628 693 670 praemissis
714 628 865 660 omnibus
892 634 923 660 et
948 628 1085 669 singulis

345 691 404 722 per
427 691 650 723 quoscumque
688 680 811 713 iudices
847 681 1030 713 ordinarios
1056 687 1088 713 et

345 733 527 774 delegatos,
555 733 649 765 etiam
675 733 706 766 S.
728 734 762 765 R.
784 734 817 766 E.
839 733 1036 772 cardinales,
1056 738 1087 765 et

345 786 385 817 de
412 786 513 818 latere
539 786 670 827 legatos,
697 786 901 827 vicelegatos,
927 787 1084 828 Sedisque

345 839 552 881 Apostolieae
580 839 733 878 nuncios,
763 846 793 872 et
818 840 981 882 quoslibet
1005 841 1084 872 alios

345 892 455 934 quavis
480 892 680 932 auctoritate,
705 898 883 936 potestate,
909 903 1085 935 praeroga-

345 945 430 983 tiva,
456 945 583 977 honore
621 951 651 978 et
684 945 856 988 privilegio
890 945 1083 987 fungentes,

345 997 468 1030 sublata
507 998 551 1029 eis
588 1003 619 1029 et
657 1008 768 1030 eorum
803 998 938 1030 cuilibet
973 999 1084 1040 quavis

345 1050 438 1082 aliter
462 1049 635 1088 iudicandi,
664 1050 840 1082 definiendi
867 1056 899 1082 et
924 1050 1085 1092 interpre-

344 1103 433 1134 tandi
462 1103 611 1135 facultate
643 1110 674 1135 et
706 1103 914 1140 auctoritate,
939 1103 1082 1141 iudicari,

344 1154 471 1186 deliniri
504 1160 535 1187 et
567 1155 774 1197 interpretari
808 1155 926 1188 debere
963 1155 1085 1198 praeci-

344 1208 465 1249 pimus,
494 1213 543 1248 et,
569 1208 727 1250 quidquid
753 1218 844 1240 secus
869 1219 968 1250 super
993 1209 1043 1240 liis
1067 1218 1084 1240 a

344 1271 531 1303 quoquam,
556 1261 668 1303 quaviS
706 1261 916 1299 auctoritate,
944 1261 1085 1294 scienter

343 1314 391 1345 vel
417 1313 617 1354 ignoranter,
644 1313 817 1355 contigerit
844 1313 1017 1352 attentari,
1044 1313 1085 1344 ir-

343 1365 440 1397 ritum
466 1371 498 1397 et
522 1365 618 1397 inane
641 1365 860 1398 decernimus.

387 1418 402 1460 §
427 1417 457 1451 8.
482 1417 552 1450 Non
578 1417 781 1450 obstantibus
807 1417 927 1450 nostris
953 1423 983 1450 et
1004 1417 1083 1450 Can-

343 1470 495 1503 cellariae
521 1475 653 1502 nostrae
679 1469 801 1512 regulis
827 1470 867 1502 dc
893 1469 962 1502 iure
989 1481 1084 1512 quae-

343 1525 405 1557 sito
431 1535 497 1556 non
524 1524 691 1563 tollendo,
730 1523 835 1566 deque
870 1523 982 1565 gratiis
1019 1534 1083 1556 non

343 1577 562 1609 concedendis
603 1576 645 1608 ad
682 1577 806 1615 instar,
845 1587 972 1608 necnon
1011 1577 1107 1619 piaey

342 1630 519 1662 memoriae
545 1630 720 1662 Clementis
738 1629 785 1667 IV,
807 1629 885 1661 xisti
904 1629 950 1668 lv,
970 1629 1040 1661 Iulii
1060 1629 1082 1660 II

344 1689 374 1715 et
406 1683 582 1716 Clementis
619 1682 700 1722 vill,
737 1682 969 1724 incipientibus
1005 1682 1085 1721 Quo-

342 1737 434 1768 niam
459 1736 501 1768 ad
526 1735 744 1774 institutfzmz,
766 1746 802 1767 ac
827 1735 902 1767 dicti
936 1735 1083 1775 Gregorii

342 1789 578 1832 incipientibus
605 1788 713 1827 Quum
734 1788 830 1825 alitis,
852 1793 946 1830 atque
965 1788 1083 1820 Urbani

342 1842 505 1885 praedicti
535 1841 769 1883 incipientibus
807 1841 973 1873 Romanus
998 1841 1085 1873 Pon-

345 1895 435 1937 tifex,
462 1895 669 1936 aliorumque
695 1899 937 1925 antecessorum
964 1899 1085 1926 nostro-

343 2000 487 2033 ti0nibus
507 2005 535 2031 et
554 1998 814 2032 ordinationibus
836 1998 1037 2040 apostolicis,
1055 2005 1086 2031 et

346 2053 457 2095 quavis
482 2051 632 2084 firmitate
659 2051 719 2084 alia
746 2051 905 2084 roboratis
938 2051 1084 2090 statutis,

346 2105 636 2138 consuetudinibus
661 2110 692 2136 et
731 2104 928 2146 privilegiis,
967 2104 1107 2145 quibus¹

346 2164 481 2190 cavetur
506 2168 669 2199 expresse,
690 2168 731 2189 ne
754 2158 833 2189 aliae
852 2158 967 2189 domus
992 2168 1086 2199 regu·
1106 2179 1107 2184 ,

346 2213 442 2249 lareS,
469 2222 525 2243 seu
551 2210 766 2249 monasteria,
792 2210 997 2251 regularibus
1023 2209 1108 2243 fra-i

347 2270 431 2296 trum
458 2263 709 2296 Mendicantium
729 2263 886 2302 domibus,
907 2263 1086 2302 coenobiis,

348 2316 562 2349 conventibus
587 2321 618 2347 et
646 2314 852 2346 monasteriis
884 2314 1085 2354 adiacentia,

347 2369 411 2402 nisi
437 2369 476 2401 ad
501 2373 632 2400 eentum
658 2373 690 2400 et
714 2367 930 2410 quadraginta
955 2377 1084 2406 cannas,

349 2421 427 2454 seu¹
454 2421 541 2454 aliud
567 2422 641 2463 plus
667 2420 772 2452 minus
804 2425 989 2452 accuratum
1015 2430 1087 2462 spa-

351 2475 439 2512 tium,
466 2473 593 2505 fundari
620 2479 652 2505 et
676 2473 755 2514 erigi
782 2473 923 2515 possint,
951 2483 1011 2505 nec
1028 2482 1088 2514 pro

349 2527 536 2560 huiusmodi
562 2527 805 2559 fundationibus
823 2531 854 2559 et
871 2526 1088 2559 erectionibus

387 2590 397 2614 1
423 2588 492 2614 Edit.
514 2588 592 2614 Main.
613 2588 678 2622 legit
697 2596 765 2615 suae
783 2589 823 2621 (R.
841 2589 881 2620 T.)

933 212 1111 236 BULLARIUM
1136 212 1291 237 ROMANUM

1131 261 1275 293 locorum
1301 261 1461 294 Ordinarii
1489 261 1519 293 in
1555 261 1740 294 civitatibus
1766 267 1799 294 et
1823 262 1870 294 lo-

1130 313 1175 345 cis
1200 323 1276 345 suae
1302 314 1487 346 ordinariae
1513 313 1747 346 iurisdictioni¹
1765 315 1871 358 subie-

1130 366 1208 404 ctis,
1235 366 1295 398 nisi
1329 366 1449 398 vocatis
1476 371 1509 398 et
1532 365 1651 398 auditis
1677 367 1814 398 aliorum
1837 367 1869 398 in

1131 418 1244 450 iisdem
1272 419 1455 451 civitatibus
1488 424 1520 450 et
1553 419 1632 451 locis
1658 419 1868 451 existentium

1131 477 1347 503 conventuum
1373 472 1536 514 prioribus
1556 477 1582 503 et
1604 472 1870 510 procuratoribus

1131 529 1162 556 et
1181 524 1252 555 aliis
1284 524 1441 556 interesse
1476 525 1691 562 habentibus,
1720 530 1751 556 et
1776 527 1870 557 causa

1130 576 1267 618 cognita,
1295 577 1430 609 servatis
1449 576 1626 615 servandis,
1648 578 1736 619 prius
1756 578 1871 609 consti-

1130 630 1205 661 terit
1231 629 1262 661 in
1289 629 1404 661 iisdem
1431 629 1614 661 civitatibus
1645 635 1676 661 et
1706 630 1783 662 Iocis
1815 640 1870 663 no-

1130 692 1184 713 vos
1212 687 1394 714 conventus
1431 682 1606 723 erigendos
1641 682 1710 714 sine
1748 683 1812 714 ullo
1837 692 1869 714 a-

1130 734 1245 766 liorum
1272 734 1467 767 detrimento
1492 734 1660 767 commode
1696 735 1869 766 sustentari

1130 797 1233 828 posse,
1260 786 1422 818 licentiam
1450 786 1693 829 impertiantur,
1725 787 1799 819 licet
1824 792 1870 818 et-

1130 839 1191 870 iam
1226 840 1257 871 in
1292 840 1487 871 contrarium
1522 840 1773 881 praemissorum
1807 840 1871 872 exi-

1129 896 1255 924 sterent
1272 892 1396 924 indulta
1415 897 1446 924 et
1463 892 1588 924 litterae
1604 893 1798 934 apostolieae
1816 903 1870 925 eo-

1130 945 1277 976 rumdem
1301 945 1565 984 Mendicantium,
1586 952 1618 978 ct
1634 945 1769 977 cuiusvis
1790 945 1871 978 Con-

1129 997 1328 1037 gregationis
1354 998 1547 1030 clericorum
1581 998 1778 1039 regularium
1795 1024 1802 1035 ,
1827 999 1871 1030 al-

1114 1049 1269 1082 teriusve
1295 1051 1454 1091 regularis
1481 1050 1635 1088 instituti,
1662 1051 1758 1082 etiam
1796 1061 1870 1093 spe-

1129 1101 1255 1134 cialiter
1280 1107 1312 1134 et
1346 1102 1510 1134 individue
1540 1103 1760 1144 exprimendi,
1787 1113 1869 1144 qnae

1128 1155 1251 1196 pluries
1277 1165 1469 1193 concessae,
1497 1156 1694 1197 approbatae
1720 1161 1751 1187 et
1777 1156 1870 1187 inno-

1128 1213 1217 1239 vatae
1244 1214 1377 1246 essent,
1406 1219 1532 1241 necnon
1559 1209 1704 1240 eiusdem
1726 1209 1868 1249 Congre-

1127 1260 1266 1301 gationis
1302 1261 1494 1293 clericorum
1530 1261 1729 1301 regularitun
1762 1260 1869 1292 Matris

1129 1313 1197 1351 Dei,
1218 1314 1314 1345 etiam
1340 1313 1589 1345 confirmatione
1615 1314 1802 1355 apostolica,
1819 1314 1867 1346 vel

1129 1366 1243 1408 quavis
1270 1365 1420 1398 firmitate
1447 1367 1509 1398 alia
1534 1367 1712 1405 roboratis,
1740 1366 1867 1398 statutis

1128 1419 1302 1460 praedictis
1339 1425 1370 1451 et
1406 1419 1721 1458 consuetudinibus;
1748 1419 1867 1461 quibus

1129 1471 1279 1503 omnibus
1306 1477 1339 1503 et
1373 1471 1532 1513 singuliS,
1561 1472 1706 1514 quamvis
1734 1482 1792 1514 pro
1818 1482 1870 1504 eo-

1129 1535 1198 1556 rum
1225 1524 1398 1556 sufficienti
1424 1525 1635 1565 derogatione
1661 1525 1699 1556 de
1726 1525 1789 1556 illis
1815 1535 1869 1556 eo-

1128 1587 1264 1618 rumque
1286 1578 1359 1609 totis
1387 1577 1554 1608 tenoribus
1581 1577 1740 1619 speciaIIs,
1766 1577 1870 1619 speci-

1128 1628 1197 1666 fica,
1224 1640 1397 1672 expressa,
1425 1629 1610 1668 individua,
1637 1640 1673 1661 ac
1705 1629 1743 1661 de
1769 1629 1867 1661 verbo

1129 1682 1166 1714 ad
1186 1681 1328 1721 verbum,
1350 1692 1416 1714 non
1435 1687 1540 1714 autem
1561 1692 1618 1724 per
1635 1683 1792 1714 clausulas
1818 1692 1869 1723 ge-

1128 1736 1256 1766 nerales
1291 1735 1376 1767 idem
1409 1735 1636 1777 importunum,
1669 1734 1790 1767 mentio
1815 1740 1869 1766 aut

1129 1787 1261 1830 quaevis
1295 1788 1458 1830 expressio
1485 1788 1631 1820 facienda
1663 1787 1727 1820 sive
1761 1788 1869 1829 aliqua

1105 1841 1192 1875 lalia
1217 1841 1378 1883 exquisita
1409 1841 1510 1873 forma
1542 1842 1581 1873 ad
1614 1841 1675 1873 hoc
1710 1842 1869 1873 servanda

1105 1903 1107 1928 ἰ
1129 1900 1215 1927 esset
1231 1894 1250 1934 ²,
1275 1895 1407 1927 illorum
1434 1900 1566 1927 tenores
1592 1895 1643 1927 his
1669 1894 1787 1927 nostris
1809 1905 1868 1937 pro

343 1958 415 1979 rum
454 1947 674 1979 Romanorum
702 1944 893 1978 Pontificum
929 1946 1107 1986 constitu-3

1128 1948 1227 1989 plene
1246 1952 1277 1979 et
1294 1946 1493 1979 sufficienter
1510 1947 1670 1988 expressis
1689 1958 1725 1979 ac
1743 1947 1781 1978 de
1800 1956 1870 1978 ver-

1128 1999 1169 2031 bo
1201 1999 1238 2031 ad
1273 1999 1405 2031 verbum
1435 1999 1567 2031 insertis
1601 1999 1780 2038 habentes,
1804 1999 1869 2031 illis

1129 2051 1209 2083 alias
1240 2052 1271 2083 in
1307 2062 1365 2084 suo
1395 2051 1513 2084 robore
1538 2051 1777 2094 permansuris,
1802 2061 1870 2092 spe-

1129 2105 1255 2136 cialiter
1280 2109 1312 2136 et
1336 2114 1490 2147 expresse
1506 2131 1513 2144 ,
1540 2109 1650 2143 motu,
1678 2103 1812 2135 scientia
1839 2108 1870 2135 et

1129 2157 1366 2189 deliberatione
1393 2162 1424 2189 et
1448 2157 1618 2199 potestatis
1642 2155 1867 2199 plenitudine.

1129 2211 1168 2242 ad
1208 2209 1463 2253 praemissorum
1499 2209 1645 2242 effectum
1681 2209 1870 2247 dumtaxat,

1107 2262 1321 2304 ,specialiter
1351 2267 1383 2294 et
1417 2271 1572 2304 expresse
1609 2261 1806 2302 derogamus
1839 2267 1871 2292 et

1131 2315 1322 2356 derogatum
1362 2324 1433 2346 esse
1474 2314 1646 2352 volumus;
1683 2313 1871 2355 ceterisque

1108 2384 1109 2400 i
1131 2367 1304 2399 contrariis
1331 2366 1602 2409 quibuscumque.

1174 2422 1189 2462 ξ
1224 2420 1254 2452 9.
1279 2419 1430 2452 Volumus
1466 2425 1575 2451 autem
1611 2425 1645 2451 ut
1681 2418 1869 2451 earumdem

1131 2473 1353 2516 praesentium
1372 2472 1552 2504 litterarum
1571 2470 1788 2514 transumptis,
1803 2471 1869 2504 sive

1168 2544 1178 2568 1
1202 2541 1273 2568 Edit.
1295 2541 1378 2568 Main.
1400 2540 1465 2575 legit
1483 2540 1694 2568 iurisdictionis
1711 2541 1752 2573 (R.
1769 2540 1818 2573 τ.).

1165 2587 1183 2612 2
1203 2586 1273 2612 Edit.
1295 2585 1375 2612 Main.
1396 2585 1462 2618 legit
1480 2593 1538 2612 esse
1552 2590 1592 2619 (a.
1608 2586 1655 2617 τ.).

1879 214 1928 240 An.
1944 212 1973 239 C.
1995 212 2062 240 ΠΜ

2148 1213 2173 1294 ”As-,fis
2144 1086 2170 1207 &xzss‘ss
2144 983 2168 1080 *gt-3333
2146 956 2167 974 J„
2148 936 2165 945 ἶ
2163 920 2165 928 e
2144 887 2165 913 ἶ]
2147 840 2163 862 ΣΞ
2149 819 2163 826 1
2162 797 2163 810 M

2154 1298 2167 1333 «³.-

1915 2423 2070 2450 ‘transumpto-

1882 2456 1927 2471 rum
1942 2449 2001 2470 fidos.
