2182 3137
181 207 230 234 An.
247 207 277 234 C.
301 206 367 233 ¹730
412 197 453 231 36

192 2054 350 2079 Expeditionem

170 2080 242 2101 tuarum
261 2083 280 2099 et
301 2086 351 2106 qua-

171 2112 305 2132 rumcumque
318 2107 351 2125 lit·

170 2135 262 2153 terarum
280 2139 351 2153 curum

170 2159 241 2179 favore
287 2160 351 2183 gratis

170 2186 215 2206 fier!
231 2186 324 2207 mandat.

374 265 432 297 per
450 261 479 287 et
499 261 655 297 peipetuo
673 253 792 285 validas
816 258 846 285 et
865 252 1008 284 efficaces
1027 252 1106 290 sore,

375 318 432 339 nec
447 307 575 339 eosdem
596 306 758 348 dapiferos
774 315 950 347 eorumque
966 304 1106 347 aliquem

373 360 410 391 ad
431 360 553 391 litteras
572 369 668 400 super
687 358 912 401 praesentibus
932 356 1108 390 conficien-

374 411 428 443 das
456 411 485 442 in
508 411 588 442 dieta
612 411 743 443 Camerti
773 410 1027 448 insinuandum,
1054 414 1108 440 aut

373 464 495 496 admitti
522 469 549 496 et
576 463 744 505 registrari
776 463 956 495 faciendum
985 461 1105 501 teneri3

371 527 428 549 nec
443 517 522 555 illas,
542 516 664 548 etiamsi
684 516 765 547 intra
781 519 906 558 teinpus
924 514 1105 556 legitimum

372 570 563 608 insinuatae,
582 568 740 601 admissae
756 578 810 600 seu
830 568 1022 609 registratae
1040 577 1105 599 non

373 623 500 659 suerint,
514 627 687 664 propterca
707 620 812 652 minus
829 620 950 652 validas
969 620 1104 658 censeri,

371 676 424 708 sed
452 686 524 707 suos
556 674 719 717 plenarios
754 673 885 706 effectus
918 673 1026 707 sortiri
1053 673 1107 706 de-

371 728 465 767 bere,
501 727 697 768 easdemque
723 731 931 769 prae-sentes,
957 731 988 758 et
1013 725 1042 757 in
1070 727 1107 758 ea

370 785 520 813 contenta
547 789 778 822 quaecumque,
798 778 857 810 sub
877 778 1042 821 quibusvis
1068 778 1106 810 li-

369 833 597 871 n‘iitationibus,
624 831 892 871 revocationibus,
917 831 1105 874 suspensio-

369 886 472 924 nibus,
492 885 798 923 modificationibus,
817 884 966 924 decretis
988 884 1105 918 consti-

370 939 545 970 tutionibus
579 937 766 980 apostolicis
799 937 952 970 similium
985 937 1104 980 gralla-

369 1001 436 1022 rum
462 990 693 1027 revocatoriis,
720 991 770 1022 vel
797 1001 878 1033 quae
905 1000 958 1022 eas
984 990 1102 1023 limita-

368 1049 438 1076 rcnt
456 1049 510 1075 aut
524 1043 738 1081 moderarent,
755 1053 836 1085 quae
856 1043 885 1075 a'
901 1042 994 1075 nobis
1012 1048 1043 1075 et
1057 1043 1104 1076 di-

368 1099 414 1129 cta
426 1096 506 1129 Sede
521 1107 578 1138 pro
594 1102 738 1138 tempore
754 1095 836 1128 etde
851 1095 1019 1138 quibusvis
1033 1106 1104 1128 cau-

367 1150 417 1189 sis,
438 1149 530 1181 etiarn
557 1148 807 1190 urgentsssimis,
828 1148 925 1181 etiam
945 1148 977 1181 in
1003 1148 1101 1181 divini

367 1204 471 1235 cultus
495 1207 721 1243 augmentum,
749 1201 843 1233 etiam
869 1201 1103 1234 consistoriali-

367 1261 424 1294 ter,
443 1256 490 1287 vel
510 1255 588 1287 alias
607 1254 716 1297 quavis
734 1255 925 1287 auctoritate
944 1254 1102 1287 hactenus

365 1309 414 1340 vel
440 1307 654 1349 imposterum
692 1307 934 1346 emanaverint,
969 1307 1102 1339 minime

366 1360 618 1402 comprehendi,
640 1360 708 1399 sed,
729 1359 858 1403 quoties
876 1360 951 1393 illae
976 1370 1103 1393 emana-

364 1412 454 1452 bunt,
478 1413 568 1445 toties
587 1403 617 1444 in
637 1412 807 1455 pristinum
835 1418 950 1445 statum
977 1413 1102 1456 reposi-

365 1471 411 1498 tas
429 1471 460 1498 et
481 1466 694 1507 reintegratus
720 1475 789 1497 csse
814 1470 846 1497 et
870 1466 1017 1505 censeri·,
1041 1466 1102 1499 sic-

365 1528 427 1561 que
445 1528 502 1561 per
516 1528 737 1560 quoscumque
756 1517 888 1559 iudices,
903 1518 1000 1551 etiam
1019 1529 1103 1551 corn-

365 1570 541 1610 missarios‚
566 1570 674 1613 quavis
701 1570 893 1603 auctoritate
921 1571 1101 1613 fungentes,

365 1623 395 1655 in
415 1624 525 1666 quavis
550 1626 645 1656 causa
671 1629 701 1656 et
726 1623 891 1662 instantia,
912 1624 1037 1657 sublata
1058 1624 1102 1657 eis

364 1682 394 1707 et
430 1686 540 1712 eorum
578 1676 712 1708 cuilibet
749 1676 860 1718 quavis
892 1676 986 1709 aliter
1022 1676 1102 1709 iudi-

364 1729 459 1761 candi
485 1734 515 1761 et
545 1729 780 1771 interpretandi
815 1729 965 1762 facultate
991 1734 1022 1761 et
1047 1739 1102 1761 au-

364 1782 527 1822 ctoritate,
547 1782 666 1824 ubique
692 1782 829 1815 iudicari
851 1788 883 1815 et
901 1782 1030 1815 definiri
1049 1783 1102 1815 de-

363 1834 458 1875 bere;
478 1834 604 1867 irritum
631 1845 761 1878 quoque
787 1841 819 1868 et
837 1835 945 1875 inane,
963 1836 987 1868 si
1009 1846 1101 1868 secus

364 1897 463 1930 super
481 1887 530 1920 bis
548 1899 563 1920 a
583 1899 747 1931 quoquam
766 1889 877 1931 quavis
895 1889 1098 1928 auctoritate,

363 1940 508 1973 scienter
527 1941 575 1972 vel
594 1940 790 1982 ignoranter,
810 1941 983 1983 contigerit
1000 1946 1102 1974 atten—

364 1993 435 2024 tari.

405 2045 419 2087 §
444 2044 496 2077 10.
517 2045 554 2078 Et
576 2046 711 2088 insuper
732 2046 860 2079 dilectis
887 2045 960 2079 filiis
986 2046 1101 2079 rescri-

361 2099 517 2131 bendario
537 2104 564 2131 et
589 2099 804 2142 computatori
821 2099 950 2142 collegii
965 2100 1101 2142 scripto-

362 2161 432 2183 rum
457 2152 637 2184 litterarum
674 2152 941 2195 apostolicarum,
964 2152 1099 2195 aliisque

363 2205 401 2237 ad
427 2216 506 2248 quos
532 2205 720 2239 earumdem
754 2205 934 2238 litterarum
969 2205 1100 2248 expedi-

363 2257 405 2289 tio
430 2264 562 2300 spectat,
588 2258 619 2290 in
646 2258 763 2290 virtute
790 2264 918 2291 sanctae
944 2258 1100 2291 obedien-

363 2310 424 2342 tiae
446 2316 476 2342 et
501 2311 558 2342 sub
577 2313 682 2353 poena
703 2310 938 2353 indignationis
957 2316 1097 2350 nostrae,

362 2367 468 2400 motu,
486 2363 620 2395 scientia
642 2369 672 2396 et
698 2363 867 2406 potestatis
894 2363 1098 2406 plenitudine

361 2414 516 2447 similibus
543 2417 754 2455 mandamus,
784 2422 817 2449 ut
850 2417 980 2449 easdem
1006 2428 1099 2460 prae-

361 2473 476 2505 sentes,
492 2474 522 2500 et
541 2468 642 2501 l'orsan
658 2470 736 2502 alias
751 2469 882 2509 litteras,
898 2480 995 2513 super
1009 2481 1099 2513 prae-

360 2520 465 2553 missis
493 2522 639 2555 omnibus
680 2529 740 2555 tam
777 2523 973 2557 coniunctim
1002 2534 1098 2567 quam

397 2583 408 2609 1
432 2582 527 2618 Praep.
549 2593 565 2611 a
586 2593 634 2611 nos
654 2585 780 2613 addimus
797 2587 839 2621 (n.
856 2586 906 2621 12).

948 195 1129 227 BULLARIUM
1153 202 1170 226 R
1176 201 1308 226 OMANuM

1151 251 1288 289 divisim,
1314 261 1349 282 ac
1375 260 1433 293 pro
1465 250 1602 293 singulis
1628 250 1886 294 quibuscumque

1150 303 1431 345 derogationibus,
1460 304 1598 337 decretis
1626 309 1657 336 et
1681 304 1831 337 clausulis
1857 305 1887 337 in

1150 356 1196 388 eis
1216 357 1388 395 contentis,
1408 357 1506 399 gratis
1533 358 1572 390 de
1599 357 1750 390 mandato
1775 362 1888 389 nostro

1150 408 1268 451 ubique
1287 408 1317 441 in
1336 410 1484 442 omnibus
1511 410 1638 450 officiis,
1658 409 1752 442 etiam
1771 409 1889 441 abbre-

1150 461 1316 500 viatorum,
1341 462 1599 501 sollicitatorurn,
1622 462 1885 499 secretariorum,

1150 524 1205 546 seu
1237 514 1365 547 illorum
1398 526 1651 559 suppressorum
1688 516 1759 548 loco
1793 514 1887 547 mini-

1150 573 1290 600 strorum
1312 567 1463 601 Gamerae
1489 569 1691 612 Apostolicae
1714 567 1835 611 plumbi
1854 572 1887 600 et

1151 620 1292 662 registri,
1312 621 1432 664 absque
1457 622 1565 664 aliqua
1587 621 1797 665 pecuniarum
1816 631 1886 653 exa-

1149 673 1254 705 ctione
1281 673 1375 706 etiam
1395 684 1452 717 per
1476 674 1558 706 viam
1585 673 1828 717 compositionis
1848 673 1886 705 sa-

1149 725 1274 765 cienda,
1294 726 1381 758 omni
1401 727 1655 759 contradictione
1677 732 1708 758 et
1730 725 1886 758 dilatione

1148 778 1363 818 cessantibus,
1390 779 1528 822 signent,
1548 779 1723 822 expediant
1740 784 1771 811 et
1795 787 1885 820 expe-

1149 831 1208 864 diri
1236 831 1362 864 saciant.

1191 884 1205 927 g
1229 884 1281 916 Μ.
1309 884 1378 917 Non
1409 884 1611 918 obstantibus
1645 885 1765 918 eisdem
1791 893 1886 927 prae-

1147 936 1263 976 missis,
1283 947 1319 969 ac
1337 937 1376 969 de
1398 943 1488 970 certo
1513 937 1710 971 notariorum
1738 947 1883 976 numero,

1147 990 1272 1023 etiamsi
1292 991 1330 1023 ad
1356 991 1446 1023 illum
1472 1001 1536 1024 non
1555 991 1596 1023 sit
1612 991 1795 1027 deventum,
1814 989 1886 1033 qui-

1146 1043 1205 1075 bus
1231 1042 1309 1075 alias
1334 1054 1392 1086 per
1417 1048 1608 1086 praesentes
1645 1053 1708 1076 non
1741 1042 1884 1075 intendi—

1146 1106 1216 1128 mus
1232 1096 1390 1138 derogare
1404 1123 1411 1136 ,
1431 1106 1466 1128 ac
1484 1097 1596 1138 regula
1614 1097 1723 1128 nostra
1737 1096 1775 1128 de
1793 1105 1886 1137 prae-

1146 1149 1258 1182 stando
1284 1159 1442 1182 consensu
1469 1149 1502 1181 in
1527 1148 1758 1191 pensionibus,
1783 1158 1819 1180 ac
1842 1147 1885 1180 se·-

1146 1202 1216 1235 licis
1240 1201 1477 1235 recordationis
1503 1202 1547 1234 Pii
1574 1202 1678 1244 Papae
1696 1201 1732 1234 lV
1749 1201 1884 1244 praede-

1146 1255 1281 1288 csssoris
1306 1255 1407 1288 nostri
1435 1255 1473 1287 de
1501 1254 1660 1287 similibus
1678 1255 1727 1287 vel
1746 1254 1885 1287 dissimi-

1146 1308 1230 1340 libus
1254 1307 1365 1349 gratiis
1390 1307 1420 1339 in
1439 1307 1570 1340 Camera
1592 1307 1776 1350 Apostolica
1802 1306 1885 1339 inl'ra

1147 1364 1210 1394 tres
1235 1371 1363 1393 menses
1388 1360 1635 1403 praesentandis
1652 1370 1689 1393 ae
1707 1360 1884 1402 registran-

1146 1413 1215 1453 dis,
1241 1424 1276 1446 ac
1300 1413 1497 1446 venerabilis
1519 1412 1694 1445 memoriae
1712 1411 1743 1445 S.
1763 1411 1810 1444 Pii
1827 1411 1886 1444 Pa-

1146 1477 1204 1510 pae
1227 1466 1258 1506 V,
1277 1466 1374 1499 etiam
1392 1465 1657 1509 praedecessoris
1677 1464 1787 1503 nostri,
1807 1474 1885 1497 con-

1146 1524 1193 1552 tra
1218 1519 1408 1561 illegitimos
1424 1546 1431 1559 ,
1452 1529 1489 1551 ac
1506 1518 1716 1551 pictaviensis
1742 1517 1883 1556 concilii,

1146 1578 1177 1605 et
1194 1572 1265 1605 aliis
1287 1572 1486 1615 apostolicis,
1508 1582 1543 1604 ae
1558 1571 1652 1607 etiam
1667 1570 1697 1603 in
1717 1570 1883 1603 universa-

1146 1625 1229 1658 libus
1251 1624 1567 1667 provincialibusque
1597 1622 1742 1656 coneiliIs
1768 1623 1881 1662 editis,

1145 1677 1342 1720 specialibus
1369 1678 1418 1709 vel
1445 1676 1663 1719 generalibus,
1685 1675 1884 1709 constitutio-

1145 1730 1240 1762 nibus
1267 1736 1298 1763 et
1322 1729 1593 1768 ordinationibus,
1614 1735 1645 1762 et
1669 1728 1884 1762 monasterio-

1145 1793 1225 1821 rum,
1244 1782 1648 1821 ceetesiarum‚01·dinum‚
1666 1793 1700 1814 ac
1719 1782 1814 1814 etiam
1829 1791 1883 1814 ur-

1145 1836 1193 1867 bis
1218 1836 1336 1868 Romae
1363 1840 1395 1868 et
1419 1835 1554 1868 aliarum
1581 1835 1765 1875 civitatum,
1790 1835 1883 1878 oppi-

1145 1889 1258 1921 dorum
1276 1893 1307 1920 et
1325 1893 1500 1927 terrarum,
1517 1893 1571 1920 aut
1588 1887 1740 1920 Gamerae
1761 1887 1883 1930 praesa·

1146 1947 1212 1981 tae,
1234 1951 1269 1973 ac
1287 1940 1473 1984 quarumvis
1498 1940 1763 1980 universitatum,
1786 1939 1882 1973 etiam

1144 1994 1337 2034 iuramento,
1356 1993 1602 2027 confirmatione
1625 1993 1813 2037 apostoliea,
1833 1993 1882 2027 vel

1145 2047 1254 2091 quavis
1280 2047 1428 2080 firmitate
1454 2047 1517 2080 alia
1542 2047 1718 2087 roboratis,
1744 2046 1880 2086 statutis,

1144 2100 1380 2141 stabilimentis,
1394 2100 1505 2133 usibus
1525 2106 1554 2133 et
1568 2099 1714 2139 decretis,
1730 2110 1766 2132 ac
1785 2099 1881 2132 etiam

1144 2153 1233 2186 novis
1258 2153 1553 2192 reformationibus,
1576 2163 1612 2185 ac
1629 2153 1724 2185 ctiam
1744 2151 1881 2195 legibus,

1144 2212 1205 2239 tam
1231 2206 1419 2250 pontificiis,
1442 2217 1539 2249 quam
1565 2205 1804 2248 imperialibus,
1830 2215 1882 2238 re-

1142 2260 1201 2302 giis
1216 2265 1247 2292 et
1261 2259 1442 2299 ducalibus,
1459 2259 1555 2292 etiam
1574 2259 1673 2291 saeris
1691 2257 1880 2298 canonibus,

1142 2312 1320 2356 privilegiis
1335 2322 1474 2355 quoque,
1487 2311 1619 2344 indultis
1633 2317 1663 2344 et
1677 2311 1793 2344 litteris
1808 2321 1882 2354 apo-

1142 2364 1276 2403 stolicis,
1298 2364 1522 2407 superioribus
1548 2370 1579 2396 et
1604 2363 1752 2406 personis
1777 2368 1810 2396 et
1834 2364 1882 2396 lo-

1142 2417 1185 2449 cis
1211 2417 1482 2460 quibuscumque,
1501 2417 1532 2449 in
1551 2426 1668 2459 genere
1687 2417 1737 2449 vel
1758 2416 1790 2449 in
1809 2426 1882 2459 spc-

1141 2471 1200 2510 eie‚
1219 2471 1280 2503 sub
1306 2470 1563 2514 quibuscumque
1589 2469 1758 2503 tenoribus
1772 2474 1804 2503 et
1821 2470 1881 2503 l'or-

1141 2524 1218 2563 mis,
1244 2534 1279 2556 ac
1305 2534 1376 2556 cum
1401 2523 1570 2566 quibusvis
1596 2521 1879 2566 derogator-iarum

1141 2576 1367 2620 derogatoriis,
1384 2576 1521 2620 aliisque
1546 2575 1793 2617 efficacioribus,
1812 2575 1879 2610 effi-

1895 189 1954 230 'Am
1963 202 1992 230 c.
2005 193 2081 231 ‘1730

2172 763 2182 876 naor*
2165 503 2182 735 cest—sm<
2175 452 2177 461 <

1969 897 2080 919 Ctansutno

1897 922 2058 949 derogaturiaO.

2171 2791 2173 2794 ’
2171 2768 2174 2773 ·
2166 2603 2182 2744 Arruntem·-
