2182 3137
51 250 99 277 An.
115 249 146 276 C.
168 249 235 277 1732

56 2087 86 2106 Da
101 2086 228 2111 ris-zinanio-

43 2118 69 2134 ne
86 2114 212 2136 officiorum.

860 251 1000 276 CLEMENS
1026 253 1069 277 xli
1093 254 1144 278 Pr.

244 302 325 330 retur
353 300 430 339 aqua
462 300 608 339 oppletum
626 324 633 338 ‚
658 299 687 329 in
720 299 796 338 quod
831 299 988 329 schedulae

246 349 412 388 praedictae
434 349 532 378 statim
556 348 759 388 proiiciantur.

285 407 312 427 v.
336 398 483 428 Habentur
516 407 612 427 sermo
647 397 852 437 paraeneticus
875 398 910 426 ad
933 398 989 427 ele—

245 451 341 477 ctores
364 456 415 486 per
439 447 616 476 semihoram
639 446 673 476 de
696 446 831 484 eligendo
860 446 988 484 digniori

245 495 348 525 abbate
370 495 512 533 generali,
536 494 777 534 dignioribusque
801 494 986 533 hegumenis:

243 545 338 583 deque
362 549 494 574 votorum
514 544 703 574 renovatione
720 543 933 583 praemittenda
952 543 988 573 ab

244 593 391 623 omnibus.

282 651 320 671 Vt.
344 641 486 672 Absoluta
509 642 685 681 paraenesi,
709 641 798 671 abbas
821 641 986 679 generalis,

244 696 272 720 et
293 695 420 730 quatuor
441 691 598 729 hegumeni
620 690 688 720 hinc
704 690 770 720 inde
786 691 821 720 ad
840 690 987 720 dexteram

244 739 414 778 laevamque
436 739 540 779 ipsius,
575 743 641 769 ante
665 743 776 778 partem
811 739 934 768 mediam
959 739 985 767 in
1008 746 1009 763 1

242 797 335 826 genua
359 788 527 827 procident:
545 792 573 818 et
589 788 669 827 post¹
685 788 749 825 hos,
767 788 986 827 provinciarum

243 837 549 875 monasteriorumque
572 836 711 866 abbates:
745 837 848 867 deinde
879 837 986 876 reliqui

242 885 377 915 monachi
413 885 573 915 secundum
609 886 816 925 antiquitatem
851 886 987 925 propi-iae

242 934 447 974 professionis:
473 939 620 973 postremo
643 935 756 973 scriba,
781 945 832 964 seu
861 940 987 965 secreta-

240 983 303 1014 rius
325 987 353 1013 et
374 983 523 1019 aedituus,
545 988 574 1013 et
597 984 632 1014 ad
656 989 767 1023 portam
791 985 909 1014 ianitor.

280 1041 328 1062 vn.
350 1032 497 1072 Sequatur
518 1037 653 1063 vetorum
686 1034 837 1063 renovatio
851 1058 858 1072 ,
883 1034 986 1064 abbate

241 1081 371 1120 generali
393 1086 421 1112 et
444 1082 617 1120 hegumenis
636 1083 857 1122 praeeuntibus,
881 1083 986 1113 deinde

241 1131 364 1170 reliquis
386 1131 473 1161 simut
496 1131 763 1171 prosequentibus,
784 1132 818 1161 de
841 1132 929 1162 verbo
951 1132 986 1162 ad

241 1179 362 1210 verbum
385 1184 413 1210 et
435 1189 501 1210 cum
524 1182 636 1220 pausa,
660 1186 692 1211 ut
724 1190 829 1220 supra,
854 1185 928 1220 part.
953 1190 983 1220 11,

241 1238 305 1269 cap.
330 1237 370 1259 xr.

280 1287 341 1309 vui.
377 1278 475 1308 Abbas
507 1279 673 1317 generalis,
697 1279 830 1309 absoluta
854 1284 986 1310 votorum

240 1328 441 1365 renovatione,
466 1329 497 1358 B.
515 1329 642 1367 Virginis
659 1329 764 1359 Mariae
788 1330 904 1359 litanias
919 1340 985 1360 cum

241 1381 329 1407 cantu
352 1377 522 1408 inchoabit:
547 1377 655 1417 quibus
679 1378 785 1416 linitis,
811 1379 914 1408 fratres
937 1379 986 1409 ad-

242 1432 372 1464 moneat,
396 1432 427 1457 ut
448 1428 608 1467 praemisso
638 1428 825 1458 contritionis
853 1433 919 1458 actu
942 1429 985 1458 in-

243 1476 406 1506 tentionem
430 1477 540 1516 pariter
568 1480 676 1506 rectam
704 1477 810 1507 habere
833 1478 984 1513 studeant,

242 1525 389 1564 simulque
411 1535 511 1555 omnes
534 1525 711 1556 dominicam
728 1527 888 1557 orationem
912 1528 987 1557 reci-

242 1578 315 1610 tent,
339 1578 367 1604 et
389 1573 437 1604 SS.
461 1574 613 1604 Trinitatis
635 1584 731 1614 opem,
749 1585 862 1605 necnon
886 1576 987 1615 Deipa-

241 1631 291 1652 rae
313 1626 341 1652 et
363 1623 457 1653 sancti
478 1624 599 1653 Antonii
622 1624 864 1653 intercessionem
882 1625 987 1664 implo-

241 1675 325 1701 rent:
350 1680 416 1701 mox
439 1673 566 1710 assurgit
588 1672 662 1711 ipse,
679 1677 707 1702 et
723 1673 864 1703 fratribus
886 1674 916 1702 in
938 1683 986 1711 ge-

241 1729 298 1750 nua
322 1721 416 1750 adhuc
439 1721 603 1760 provolutis
633 1721 798 1759 generalem
827 1721 986 1751 absolutio—

241 1779 307 1800 nem
342 1770 543 1809 pronunciat:
575 1776 638 1809 post
672 1771 801 1801 universi
830 1781 844 1801 e
877 1772 985 1811 templo

241 1820 374 1858 egressi,
399 1820 433 1849 ad
463 1820 582 1849 ferenda
605 1820 742 1858 suffragia
776 1821 935 1858 accedant,
961 1822 985 1851 si

240 1868 310 1898 alibi
333 1868 437 1898 electio
450 1869 581 1898 facienda
605 1874 667 1907 est;
691 1869 714 1898 si
738 1879 807 1900 vero
830 1870 860 1900 in
884 1870 985 1900 eodem

240 1917 359 1957 templo,
393 1917 509 1947 aedituo
532 1919 608 1947 foras
631 1928 766 1956 egresso,
791 1924 872 1958 porta
906 1919 985 1949 01311-

239 1967 336 2005 ditur,
360 1977 447 2007 quam
477 1968 585 1997 ianitor
609 1967 644 1997 ab
667 1968 803 1998 exteriori
828 1973 910 2008 parte
934 1969 985 1999 ob-

239 2016 379 2047 servabit.

279 2076 319 2097 111.
344 2067 507 2106 Antequam
530 2067 565 2097 ad
589 2067 655 2096 novi
690 2066 804 2097 abbatis
837 2068 984 2105 generalis

238 2116 413 2146 electionem
437 2116 623 2155 procedatur,
647 2116 730 2145 debet
754 2116 790 2154 is,
815 2117 898 2146 cuius
921 2118 984 2146 osti-

238 2165 317 2196 cium
341 2161 466 2205 expiral,
484 2165 611 2203 sigillum
637 2169 663 2194 et
686 2165 814 2195 officium
838 2166 868 2195 111
892 2167 983 2196 1113111-

237 2215 291 2245 bus
315 2215 548 2253 hegumenorum
572 2214 722 2252 resignare
751 2224 784 2244 ac
814 2214 980 2254 deponere,

236 2265 267 2295 111
291 2265 360 2294 11300
385 2263 491 2294 verba:

317 2315 470 2345 Revevendt
489 2319 594 2354 patrm,
622 2315 651 2344 in
673 2315 799 2344 manibus
822 2316 918 2344 vestris
940 2325 984 2344 re-

235 2365 312 2402 819110
329 2373 360 2393 (zc
374 2364 476 2402 depono
496 2363 613 2402 officiam
630 2363 732 2392 olibetis
745 2364 894 2402 yeneroHs,
913 2366 982 2403 quod

235 2414 306 2443 mihi
329 2413 441 2451 indigno
463 2413 635 2450 congii-eyselo
656 2413 794 2450 generalis
822 2414 958 2442 commisit
970 2426 980 2448 ,-

235 2462 373 2501 simulque
395 2462 502 2490 veritam
522 2465 584 2499 pcto
606 2461 638 2491 de
659 2461 782 2490 omnibus
798 2461 888 2501 culpis
910 2472 925 2491 α
940 2472 981 2491 me

236 2512 266 2541 in
288 2521 317 2540 eo
339 2510 499 2539 commissis.

317 2560 376 2590 Iloc
398 2559 474 2589 idem
492 2560 585 2588 tacere
608 2558 693 2588 debet
716 2559 917 2599 unusquisque
933 2560 982 2589 he-

236 2618 382 2648 gumenus
405 2617 503 2638 coram
526 2608 618 2638 electo
634 2607 737 2638 abbate
753 2608 896 2646 generali,
915 2618 980 2638 011111

272 2665 283 2692 1
301 2663 373 2691 Male
390 2662 456 2691 edit.
475 2662 554 2690 Main.
571 2661 637 2698 legit
649 2670 721 2698 pone
737 2671 785 2699 pro
797 2665 862 2698 post
878 2665 915 2698 (a.
928 2664 977 2698 T.).

1032 302 1067 331 ad
1091 303 1269 333 successoris
1292 303 1337 333 sui
1360 304 1532 334 electionem
1557 304 1771 344 procedendum

1033 354 1087 387 est,
1107 351 1227 381 dicens:

1110 398 1344 430 Revercmlissime
1364 405 1454 439 1111101,
1475 403 1503 431 in
1526 402 1649 431 munibus
1677 403 1772 431 restris

1031 448 1138 486 resigno
1172 458 1203 477 ac
1234 449 1337 486 delusorie
1369 451 1485 489 officium
1517 451 1672 488 hegumeni,
1702 452 1771 489 qnod

1030 497 1100 525 ’11ιίἡὶ
1115 498 1225 535 indiyno
1241 499 1409 527 commissum
1433 504 1481 536 est,
1505 500 1641 538 simulque
1664 502 1772 529 veniam

1029 549 1090 583 pelo
1112 546 1143 574 de.
1166 547 1288 575 omnibus
1311 547 1400 585 culpis
1420 558 1435 576 α
1450 558 1490 576 nie
1510 549 1536 576 in
1560 558 1589 576 eo
1610 550 1769 578 commissis.

1110 593 1200 623 Facta
1228 598 1322 624 tamen
1353 595 1559 633 resignatione,
1584 597 1612 625 iu
1635 607 1687 626 suo
1710 597 1772 627 loco

1032 646 1060 672 et
1085 642 1188 672 ordine
1204 643 1313 673 tamdiu
1329 644 1427 682 stabit,
1445 645 1535 674 donec
1553 655 1706 676 successor
1724 647 1772 676 de-

1031 692 1168 721 claretur.

1110 741 1138 771 Si
1163 750 1213 780 per
1235 741 1345 772 obitum
1363 747 1411 772 aut
1430 744 1642 782 promotionem
1659 744 1772 775 abbatis

1030 789 1186 827 generalis,
1211 794 1259 819 ant
1279 791 1396 830 aliquod
1419 791 1580 829 legitimum
1598 793 1659 822 eius
1682 793 1772 832 impe-

1031 839 1204 875 dimentum,
1227 839 1335 869 electus
1358 840 1445 869 suerit
1468 841 1593 870 vicarius
1616 842 1770 879 generalis,

1031 887 1077 917 hic
1101 888 1188 917 etiam
1212 892 1277 917 ante
1300 888 1473 918 electionem
1496 889 1564 918 novi
1588 889 1703 919 abbatis
1725 900 1772 928 ge-

1030 937 1139 966 neralis
1161 937 1322 975 resignabit
1344 938 1472 967 osticium
1498 938 1525 967 in
1551 938 1621 968 haec
1644 939 1750 968 verba:

1110 985 1263 1016 Iterercmli
1282 992 1387 1026 potres,
1411 988 1439 1016 iii
1459 988 1584 1016 iminibzts
1606 989 1704 1017 vestris
1730 998 1773 1017 re-

1030 1036 1105 1074 siano
1128 1040 1152 1064 ct
1170 1036 1272 1075 depono
1288 1037 1405 1076 officium
1422 1037 1522 1066 vicarii
1535 1037 1685 1075 generalis,
1703 1039 1773 1076 qnod

1030 1085 1099 1114 mihi
1121 1085 1232 1123 indigno
1254 1087 1426 1114 commissum
1448 1090 1506 1120 est,
1530 1091 1581 1115 etc.
1616 1086 1695 1115 Idem
1727 1086 1770 1116 di-

1030 1134 1154 1164 cendum
1177 1135 1212 1164 de
1236 1135 1345 1164 vicario
1367 1135 1536 1174 hegumeni.

1069 1193 1096 1213 x.
1117 1184 1329 1222 Suffragiorum
1351 1184 1421 1214 ordo
1444 1189 1508 1215 est:
1542 1185 1653 1224 primus
1681 1185 1771 1215 abbas

1030 1234 1186 1271 generalis,
1210 1234 1244 1263 ad
1267 1243 1396 1263 mensam
1428 1234 1581 1271 accedens,
1602 1244 1688 1264 suum
1711 1235 1770 1264 sus-

1030 1283 1152 1320 fragium
1169 1282 1198 1312 in
1216 1283 1357 1312 schedula
1372 1283 1491 1321 scribat,
1517 1284 1634 1314 nomine
1657 1288 1769 1314 tantum

1030 1332 1115 1361 electi
1133 1341 1283 1371 expresso⁷
1302 1332 1357 1361 hoc
1371 1332 1470 1362 modo:
1490 1333 1570 1371 Elige
1588 1333 1770 1362 reverendum

1027 1386 1133 1420 patrem
1157 1381 1191 1411 N.
1215 1382 1243 1411 in
1267 1382 1385 1411 abbatem
1408 1382 1564 1420 generalem
1586 1382 1772 1412 1111311107*ἄί-

1029 1431 1083 1459 nis.
1107 1430 1178 1460 Tum
1202 1431 1371 1460 schedulam
1396 1431 1523 1470 propriis
1539 1431 1674 1461 manibus
1693 1441 1771 1461 com-

1030 1480 1128 1518 plicet,
1146 1485 1234 1519 atque
1253 1480 1281 1509 in
1306 1485 1609 1519 praeparatamarcam
1626 1481 1770 1511 iueiiciat.

1029 1530 1198 1568 Sequantur
1221 1529 1378 1559 ordinatim
1402 1530 1510 1567 singuli
1528 1529 1702 1568 hegumeni;
1722 1540 1771 1569 po-

1029 1583 1089 1608 stea
1120 1578 1240 1609 abbates
1273 1579 1489 1617 provinciarum
1518 1584 1546 1609 et
1579 1580 1772 1609 monasterio-

1029 1637 1112 1664 rum;
1138 1632 1283 1667 postremo
1307 1628 1414 1666 reliqui
1444 1632 1541 1667 patres
1565 1628 1677 1658 vocales
1692 1652 1699 1664 ‚
1724 1629 1771 1658 ha-

1029 1675 1089 1706 bita
1108 1685 1221 1715 semper
1239 1676 1352 1706 ratione
1368 1677 1551 1715 antiquitatis
1568 1677 1768 1716 professionis.

1108 1725 1136 1755 Si
1160 1725 1225 1764 quis
1248 1729 1362 1764 patrum
1380 1725 1509 1764 indigeat
1531 1728 1622 1765 opera
1643 1726 1768 1765 scribae,

1028 1774 1075 1804 hic
1111 1779 1280 1812 suggestum
1315 1774 1350 1804 ab
1383 1775 1433 1804 itto
1465 1785 1570 1804 nomen
1598 1775 1709 1806 scribat
1739 1776 1769 1806 in

1029 1824 1188 1861 schedula,
1212 1834 1334 1863 eamque
1358 1824 1492 1864 plicatam
1519 1825 1573 1863 ipsi
1596 1825 1716 1863 reddat,
1740 1826 1769 1855 in

1029 1873 1208 1912 praedictam
1237 1883 1333 1902 arcam
1357 1873 1392 1902 ab
1415 1873 1514 1903 codem
1539 1874 1658 1913 propria.
1680 1883 1768 1904 manu

1028 1922 1125 1951 statim
1150 1922 1372 1951 demittendam.

1068 1979 1105 1999 xi.
1132 1970 1199 1999 I’ost
1231 1971 1287 2000 lata
1320 1970 1480 2009 suffragia,
1504 1970 1533 2000 in
1557 1971 1653 2001 locum
1682 1981 1767 2002 suum

1027 2020 1230 2059 unusquisque
1253 2020 1457 2057 regrediatur,
1482 2019 1542 2049 loca
1565 2025 1664 2050 autem
1687 2025 1768 2051 extra

1027 2069 1172 2098 cancellos
1195 2069 1297 2099 altaris
1319 2069 1457 2108 disposita
1481 2074 1578 2099 erunt.
1603 2069 1675 2099 Tum
1698 2078 1768 2100 vero

1026 2118 1115 2147 abhas
1131 2118 1275 2156 generalis
1294 2118 1372 2148 solus
1395 2127 1460 2147 cum
1484 2122 1610 2157 quatuor
1630 2120 1768 2157 hegume-

1027 2167 1072 2196 nis
1102 2172 1130 2197 et
1160 2166 1272 2196 duobus
1301 2176 1315 2196 a
1347 2171 1460 2206 patrum
1484 2171 1568 2197 coetu
1597 2168 1631 2197 ad
1660 2177 1768 2206 cogno-

1025 2216 1133 2246 scenda
1151 2216 1289 2255 suffragia
1313 2216 1414 2246 electis
1437 2216 1637 2246 sanctuarium
1654 2216 1768 2255 ingres-

1025 2275 1092 2303 sus,
1117 2265 1271 2295 schedulas
1294 2275 1327 2294 ex
1357 2267 1426 2294 arc-ti
1447 2265 1595 2302 extrahat,
1619 2274 1685 2295 mox
1714 2276 1768 2295 nu-

1026 2319 1127 2352 meret,
1146 2319 1174 2344 et
1197 2315 1219 2344 si
1244 2319 1356 2353 patrum
1377 2323 1530 2343 numerum
1548 2318 1700 2353 superent,
1717 2319 1767 2344 aut

1025 2364 1146 2393 minime
1168 2368 1305 2403 aequent,
1328 2364 1433 2393 electio
1456 2374 1512 2393 nou
1533 2363 1689 2402 constabit,
1711 2373 1764 2394 nec

1024 2413 1197 2452 aperiendae
1231 2417 1316 2442 erunt
1345 2412 1517 2449 schedulae,
1541 2412 1591 2442 sed
1626 2413 1765 2443 continuo

1024 2462 1053 2491 in
1072 2471 1120 2491 vas
1142 2462 1218 2501 aqua
1240 2462 1388 2500 oppletum
1406 2461 1615 2500 immittantur,
1639 2466 1667 2491 et
1691 2471 1765 2492 nova

1024 2511 1126 2541 electio
1155 2512 1215 2540 liat.
1240 2510 1268 2540 Si
1299 2520 1366 2540 vero
1391 2510 1595 2549 suffragiorum
1625 2520 1765 2541 numerus

1024 2560 1097 2589 bene
1121 2563 1245 2597 constet,
1264 2563 1331 2589 tunc
1353 2559 1442 2589 abbas
1465 2560 1612 2598 generalis
1635 2560 1765 2599 singulas

1023 2609 1177 2638 schedulas
1200 2618 1294 2638 coram
1319 2609 1491 2647 hegumenis
1518 2614 1546 2640 et
1569 2609 1682 2640 duobus
1705 2611 1765 2640 sus-

1023 2658 1183 2698 fragiorum
1217 2658 1417 2698 cognitoribus
1440 2659 1573 2701 aperiat,
1599 2669 1764 2703 nomenque

1666 245 1730 279 367
1778 255 1829 281 An.
1848 254 1876 280 c.
1899 253 1965 280 1732

1813 1203 1964 1230 Sutl'ragioi'um

1783 1232 1841 1251 ortlo.
