2182 3137
58 219 108 245 An.
130 218 160 242 C.
180 217 247 242 1733

83 385 238 405 Contrariorum

58 411 176 436 derogatio.

96 2181 173 2202 Preces
202 2186 239 2207 pro

57 2207 169 2228 obtinenda
189 2213 239 2228 cou-

56 2235 171 2255 firmatione
204 2235 238 2254 de-

57 2261 116 2283 creti.

862 217 1007 240 CLEMENS
1033 218 1075 240 ΧΗ
1101 219 1150 241 ΙῬ.

251 277 268 298 a
293 275 474 308 quoquam,
494 264 605 307 quavis
630 264 833 303 auctoritate,
853 264 998 296 scienter

251 318 301 350 vel
320 318 522 360 ignoranter,
542 316 717 358 contigerit
741 317 905 349 attentari.

295 369 310 412 ἐ
335 369 366 402 3.
393 369 462 402 Non
495 369 700 402 obstantibus
735 369 933 412 praemissis,
960 379 997 401 ac

252 422 540 455 constitutionibus
566 427 597 454 et
630 422 894 455 ordinationibus
920 432 998 465 apo-

252 474 387 514 stolicis,
403 485 533 507 necnon
550 474 691 515 Ordinis,
709 475 950 517 provinciarum
966 481 997 508 et

252 533 471 560 conventuum
493 527 663 567 dictorum,
686 528 782 561 etiam
804 528 997 567 iuramento,

251 579 500 613 confirmatione
519 581 706 624 apostolica,
736 582 785 613 vel
809 580 921 623 quavis
945 580 998 612 fir-

252 632 362 665 mitate
381 634 442 666 alia
464 633 643 672 roboratis,
670 633 796 665 statutis
813 639 844 665 et
861 643 997 666 consue-

253 685 430 726 tudinibus,
450 685 630 729 privilegiis
652 696 794 729 quoque,
814 686 949 719 indultis
965 691 998 719 et

251 738 368 771 litteris
386 738 578 781 apostolicis
590 738 622 770 in
634 739 832 771 contrarium
844 739 998 782 praemis-

251 801 362 824 sorum
389 791 637 834 quomodolibet
666 791 846 831 concessis,
881 791 998 824 confir-

251 845 344 877 matis
369 851 401 877 ct
425 845 600 885 innovatis;
635 845 752 888 quibus
787 846 939 878 omnibus
966 852 997 878 et

251 898 407 940 singulis,
433 898 564 931 illorum
602 904 732 931 tenores
766 900 997 941 praesentibus

251 963 310 995 pro
341 953 438 995 plene
472 958 503 984 et
536 951 736 984 sufficienter
773 953 936 995 expressis
963 964 998 986 ac

251 1005 288 1038 ad
315 1005 450 1038 verbum
477 1005 609 1038 insertis
636 1006 807 1045 babentes,
834 1006 898 1038 illis
920 1003 996 1039 alias

251 1058 283 1090 in
310 1069 369 1091 suo
405 1059 524 1091 robore
561 1059 809 1101 permansuris,
841 1059 879 1091 ad
906 1070 998 1102 prae-

251 1111 424 1144 missorum
444 1111 614 1152 effectum,
641 1112 701 1144 liac
719 1112 787 1145 vice
814 1112 994 1152 dumtaxat,

251 1165 436 1208 specialiter
461 1170 492 1197 et
517 1175 669 1207 expresse
705 1166 922 1207 desogamus;
949 1177 998 1199 cc-

251 1219 392 1261 terisque
419 1218 590 1251 contrariis
617 1218 890 1262 quibuscumque.

295 1271 408 1303 Datum
429 1270 569 1311 Romae,
590 1271 676 1313 apud
696 1271 727 1304 S.
748 1272 880 1304 Mariam
898 1273 997 1305 Maio—

252 1334 331 1363 rem,
351 1326 412 1357 sub
431 1326 553 1357 annulo
583 1325 769 1364 Piscatoris,
793 1326 845 1358 dic
875 1336 926 1359 mx
954 1327 998 1358 sc-

251 1378 375 1411 bruarii
411 1387 611 1418 unccxxxui,
651 1379 860 1421 pontificatus
893 1380 997 1412 nostri

253 1443 338 1465 anno
360 1442 407 1466 111.

286 1494 348 1521 Dat.
373 1494 417 1521 die
443 1494 472 1521 19
491 1494 625 1522 februarii
649 1495 727 1529 1733,
750 1495 849 1530 pontif.
870 1504 942 1522 anno
959 1502 996 1523 111.

529 1549 563 1581 F.
593 1549 680 1582 card.
709 1549 894 1583 Omvamus.

548 1699 693 1732 LXXXV.

252 1770 474 1812 Confirmulur
505 1770 667 1802 decretum
704 1771 843 1813 capituli
867 1771 1000 1814 provin-

295 1823 389 1856 cialis
412 1824 601 1866 provinciae
625 1824 656 1856 S.
682 1824 846 1861 Eulearz'z'‚
872 1835 928 1856 seu
951 1825 997 1857 Α-

296 1878 480 1920 quitaniae,
503 1877 604 1910 Tcrlz'i
624 1877 759 1910 Ordinis
772 1878 879 1909 sancti
895 1877 999 1910 Fran·

296 1931 391 1967 cisci,
430 1931 515 1963 circa
551 1930 736 1963 electionem
769 1930 909 1963 custodis
939 1942 999 1974 pro

296 1983 439 2027 capitulo
463 1983 621 2026 generali.

471 2062 607 2089 clemens
628 2062 707 2095 Papa
723 2062 786 2094 XII,

392 2107 428 2133 ad
449 2107 586 2133 suturam
606 2107 654 2133 rei
670 2109 856 2134 memoriam.

295 2176 309 2219 ἓ
334 2175 364 2208 1.
390 2175 499 2218 Nuper
524 2185 582 2218 pro
609 2179 696 2218 parte
732 2176 927 2209 dilectorum
963 2176 999 2208 si-

252 2229 370 2261 11011111]
403 2227 616 2261 commissarii
655 2229 832 2270 generalis,
869 2230 1000 2272 provin-

252 2282 353 2321 cialis,
393 2281 551 2320 custodis,
593 2287 736 2324 quatuor
777 2282 996 2324 definitorum,

253 2335 526 2378 cx—provincialis,
554 2335 809 2377 guardianornm
829 2341 859 2368 et
878 2336 998 2369 discre-

255 2394 360 2421 torum
387 2389 574 2431 provinciae
601 2388 632 2421 S.
651 2388 799 2428 Eulearii,
827 2389 998 2432 sequni-

253 2442 366 2481 laniae,
393 2441 491 2474 Tertii
525 2441 653 2474 Ordinis
679 2442 781 2487 sancti
821 2443 996 2483 Francisci,

253 2506 312 2538 pro
338 2495 477 2528 comitiis
504 2496 758 2538 provincialibus
784 2497 942 2529 canonice
968 2503 999 2531 et

254 2547 397 2591 legitime
423 2554 716 2591 congregatorum,
744 2550 838 2581 nobis
871 2551 999 2594 exposi-

253 2608 317 2633 tum
345 2601 410 2638 suit,
438 2602 524 2644 qnod
551 2602 621 2644 ipsi,
648 2603 686 2634 ad
714 2603 882 2636 evitandas
908 2604 998 2637 dein-

1042 275 1120 308 ceps
1146 265 1221 299 lites
1247 272 1278 299 et
1303 267 1529 300 dissensiones
1559 278 1660 310 super
1685 273 1790 299 custo-

1042 317 1128 349 diatu
1148 319 1251 351 dictae
1271 320 1466 362 provinciae,
1485 320 1657 353 ediderunt
1679 320 1790 352 decre-

1042 377 1106 403 tum
1134 373 1255 404 tenoris
1282 375 1465 416 sequentis,
1491 374 1659 406 videlicet:

1081 423 1121 453 Ne
1144 425 1339 463 imposterum
1363 426 1440 455 cirea
1463 427 1661 456 custodiatum
1679 427 1785 465 iurgia,
1827 437 1886 459 Quod
1904 439 1931 456 m
1947 437 1985 456 nu-

1042 471 1130 508 Ῑίῑθὲ,
1155 474 1377 503 controversiae
1393 498 1399 509 ,
1425 476 1644 513 contentiones,
1669 481 1719 505 aut
1741 464 1888 509 ca-iiiiiifUd'

1042 521 1207 551 villationes
1239 523 1269 551 in
1304 523 1420 561 longius
1453 525 1659 563 potrabantur,
1686 526 1729 554 vel
1753 525 1787 554 de

1042 579 1116 599 novo
1141 576 1309 605 nascantur,
1333 572 1461 610 religiosi
1487 574 1671 612 poenitentes
1697 574 1787 604 Tertii

1042 617 1159 648 Ordinis
1182 620 1275 648 sancti
1300 620 1450 650 Francisci
1475 622 1643 660 provinciae
1680 622 1708 652 S.
1735 623 1788 652 Eu-

1042 667 1137 704 learii,
1163 676 1213 696 seu
1237 668 1426 706 Aquitaniae,
1451 671 1592 699 canonice
1609 680 1641 700 ac
1658 671 1787 709 legitime

1041 716 1210 753 congregati
1246 725 1298 754 pro
1341 717 1528 746 comitiorum
1563 719 1787 756 provincialium

1041 764 1252 801 celebratione,
1269 765 1359 802 regiis
1376 767 1520 796 mandatis
1538 766 1786 806 obtemperantes,

1042 813 1148 852 quibus
1185 814 1214 843 in
1252 814 1354 843 ordine
1387 815 1421 843 ad
1458 816 1619 854 capitulum
1652 818 1789 854 generale

1042 862 1308 892 christianissimus
1332 863 1470 903 princeps
1489 865 1581 901 iubet,
1599 876 1651 894 nos
1667 866 1706 895 ita
1725 876 1788 896 esse

1042 915 1158 949 paratos
1182 915 1212 940 ut
1236 921 1338 941 omnes
1369 912 1405 941 ad
1434 913 1598 951 praefatum
1626 914 1788 952 capitulum

1042 959 1177 989 mittendi
1207 969 1325 999 semper
1356 961 1516 999 comparati
1544 962 1603 990 sint
1626 962 1660 991 ad
1683 962 1738 992 iter
1761 968 1789 993 et

1042 1018 1095 1037 suo
1120 1013 1252 1047 tempore
1275 1009 1423 1047 proficisci
1448 1014 1624 1048 teneantur,
1649 1020 1684 1040 nc
1708 1021 1788 1041 mora

1042 1056 1079 1086 sit
1103 1057 1186 1086 nobis
1209 1057 1239 1086 in
1263 1057 1395 1093 ruinam,
1425 1058 1504 1087 iuxta
1537 1063 1714 1089 statutorum
1738 1070 1789 1089 no-

1042 1109 1168 1136 strornm
1194 1108 1406 1146 praescriptum
1424 1132 1431 1145 ,
1455 1109 1530 1147 (111011
1554 1109 1681 1138 maxime
1715 1110 1789 1139 iacet

1042 1165 1106 1194 cap.
1131 1164 1159 1191 v,
1195 1161 1268 1195 part.
1294 1165 1365 1193 viu,
1390 1157 1541 1187 decretum
1576 1163 1710 1188 nostrum
1744 1159 1790 1188 in-

1043 1208 1086 1233 ter
1109 1205 1299 1234 comitiorum
1328 1205 1470 1235 solemnia
1495 1211 1589 1236 actum
1614 1207 1735 1236 Tolosae
1758 1208 1787 1236 in

1042 1258 1189 1282 conventu
1213 1258 1313 1282 nostro
1336 1255 1370 1282 B.
1398 1254 1506 1284 Mariae
1525 1255 1559 1283 de
1577 1255 1661 1292 Pace,
1686 1256 1732 1285 die
1749 1264 1788 1284 x11

1042 1302 1116 1330 iunii
1140 1310 1289 1331 MDCCXXIV
1312 1302 1418 1331 iterum
1452 1304 1653 1333 confirmando
1676 1313 1709 1333 ac
1743 1314 1789 1333 ro-

1042 1349 1185 1387 borando,
1210 1350 1287 1380 circa
1305 1350 1452 1380 eiusmodi
1470 1352 1645 1381 electionem
1663 1352 1698 1381 de
1714 1362 1788 1382 novo

1042 1400 1212 1437 statuimus,
1237 1399 1369 1439 quolibet
1386 1400 1514 1430 triennio
1531 1406 1595 1440 post
1611 1401 1787 1431 electionem

1019 1452 1021 1460 ’
1042 1449 1132 1488 patris
1156 1449 1347 1487 provincialis
1370 1450 1537 1488 eligendum
1554 1451 1614 1479 sore
1637 1451 1787 1480 custodem

1042 1497 1211 1535 provinciae
1234 1498 1314 1528 iuxta
1341 1499 1465 1527 sormam
1481 1503 1658 1529 statutorum
1676 1505 1790 1530 nostro-

1042 1555 1106 1575 rum
1130 1556 1162 1575 ac
1186 1556 1336 1576 sacrorum
1360 1557 1506 1577 canonum
1529 1552 1648 1585 statuta,
1673 1549 1722 1588 qui
1746 1558 1789 1578 so-

1042 1595 1106 1624 cius
1129 1595 1221 1634 patris
1253 1596 1445 1634 provincialis
1468 1597 1502 1625 ad
1527 1598 1688 1636 praefatum
1712 1598 1790 1638 capi-

1043 1643 1136 1673 tulum
1161 1644 1298 1681 generale
1322 1644 1408 1674 simul
1434 1647 1510 1681 una,
1536 1650 1586 1675 aut
1619 1655 1684 1675 cum
1708 1647 1788 1676 illius

1020 1711 1021 1730 1
1045 1692 1266 1731 1110-11111115110,
1292 1703 1322 1722 se
1345 1695 1479 1723 conferre
1502 1704 1534 1723 ac
1558 1695 1701 1724 interesse
1725 1705 1790 1735 pos-

1043 1742 1080 1771 sit
1106 1746 1134 1771 et
1167 1742 1282 1771 debeat.
1307 1743 1449 1777 Quoniam
1485 1753 1552 1772 vero
1586 1744 1656 1773 baec
1689 1749 1787 1774 nostra

1043 1791 1193 1828 provincia
1220 1800 1270 1829 pro
1294 1795 1470 1820 statutorum
1493 1792 1739 1822 determinatione
1755 1803 1789 1822 eo

1043 1848 1135 1878 usque
1171 1840 1278 1869 nedum
1307 1840 1411 1868 dill'nsa
1437 1840 1495 1876 sit,
1520 1842 1591 1879 quin
1616 1846 1698 1880 pater
1722 1851 1788 1880 pro-

1020 1906 1022 1925 1
1044 1888 1177 1917 vincialis
1201 1888 1397 1918 sufficientem
1422 1898 1474 1928 per
1506 1899 1536 1918 se
1570 1890 1613 1919 illi
1637 1899 1722 1928 opem
1746 1890 1790 1919 in-

1043 1937 1165 1966 fundere
1190 1937 1297 1976 possit,
1324 1947 1377 1966 nec
1399 1938 1517 1967 aliunde
1540 1939 1597 1967 nisi
1626 1939 1654 1968 in
1687 1939 1789 1969 ordine

1020 2009 1022 2028 1
1043 1986 1078 2015 ad
1103 1986 1266 2024 capitulum
1293 1987 1430 2024 generale
1454 1991 1552 2016 custos
1586 1987 1724 2025 eligatur,
1758 1993 1790 2018 ut

1044 2044 1145 2063 omnes
1167 2035 1350 2064 declinemus
1374 2035 1588 2065 iurisdictionis
1611 2037 1765 2066 conflictus
1780 2060 1787 2071 ,

1043 2083 1150 2122 quibus
1172 2084 1325 2122 religionis
1348 2084 1437 2114 decus
1461 2089 1489 2114 ct
1511 2085 1582 2115 ordo
1605 2085 1724 2115 alterari
1744 2096 1789 2116 50-

1043 2133 1115 2166 lent,
1140 2133 1276 2162 omnibus
1299 2138 1327 2162 et
1350 2133 1475 2171 singulis
1498 2139 1675 2164 statutorum
1701 2135 1790 2173 privi-

1042 2181 1147 2219 legiis,
1172 2181 1279 2220 quibus
1313 2182 1478 2211 iurisdictio
1510 2183 1640 2212 custodis
1672 2183 1790 2212 iurisdi-

1020 2230 1133 2265 ,ctioni
1158 2230 1247 2269 patris
1281 2231 1472 2268 provincialis
1504 2231 1625 2270 aequari
1659 2231 1788 2266 videtur,

1043 2288 1180 2318 expresse
1214 2279 1445 2315 renunciamus,
1470 2285 1501 2309 ut
1533 2284 1601 2309 sunt
1623 2280 1788 2318 sigillorum

1020 2323 1021 2326 ’
1043 2325 1119 2362 iura,
1143 2330 1304 2354 conventus
1329 2326 1464 2355 visitandi
1489 2327 1655 2365 privilegia,
1684 2327 1789 2356 fratres

1043 2372 1330 2407 excommunicamli,
1355 2373 1568 2410 incarcerandi,
1594 2382 1707 2402 necnon
1731 2373 1789 2402 cle-

1043 2419 1120 2448 ricos
1154 2419 1189 2448 ad
1221 2428 1321 2448 sacros
1353 2419 1470 2448 ordines
1504 2419 1636 2448 mittendi
1661 2424 1789 2458 potestas

1043 2470 1092 2495 aut
1115 2466 1291 2501 iurisdictio,
1317 2467 1490 2504 praesertim
1516 2467 1721 2505 praecedentia
1738 2467 1787 2496 illa

1043 2522 1111 2551 qua,
1137 2513 1162 2542 vi
1186 2516 1362 2542 statutorum
1386 2522 1450 2551 cap.
1476 2521 1513 2548 11,
1539 2518 1614 2552 part.
1641 2523 1669 2551 x,
1694 2518 1788 2552 potest

1043 2569 1076 2588 ac
1093 2559 1200 2595 dchet¹3
1217 2559 1293 2588 circa
1310 2569 1384 2598 quae
1401 2560 1629 2589 assentationem
1646 2564 1788 2598 nostram,

1081 2615 1089 2638 1
1115 2613 1227 2639 Videtur
1247 2613 1341 2639 deesse
1361 2613 1425 2647 frui
1444 2618 1485 2647 (Nn.
1503 2618 1550 2642 T.).

1679 209 1744 243 483
1791 218 1957 244 A1·.c.i73
1969 218 1985 245 3

1911 464 1987 483 decre—
