2182 3137
192 280 243 306 An.
258 280 288 306 C.
309 279 378 305 1734

262 919 377 942 novamne

196 946 358 965 contrariorum*

423 270 488 302 62⁶2

389 333 548 369 potestate
576 327 748 369 fungentes
773 332 804 360 et
828 327 997 359 suncturos
1013 353 1020 365 ‚
1048 325 1125 358 sub-

388 381 453 412 lata}
478 380 522 412 eis
548 385 579 411 et
606 390 716 412 eorum
753 379 888 412 cuilibet
929 378 1023 412 aliter
1047 378 1129 410 iudi-

388 433 481 465 candi
508 438 539 465 ct
564 432 802 475 interpretandi
830 432 979 465 facultate
1012 437 1043 464 et
1074 441 1129 464 au-

388 485 548 524 ctoritate,
576 486 661 517 salva
687 490 797 517 tamen
834 486 1011 517 memorata
1037 484 1130 516 iuris-

389 537 532 570 dictione
559 548 616 580 pro
642 543 789 580 tempore
814 538 980 571 existentis
1016 537 1049 570 in
1086 537 1130 570 ci-

390 595 452 622 tate
489 597 520 622 et
553 591 667 623 ducatu
704 591 903 623 Ferrariensi
942 591 1128 624 huiusmodi

389 643 479 675 Sedis
515 644 719 686 Apostolicae
757 644 795 676 de
833 645 934 677 latere
967 644 1061 686 legati
1098 650 1130 676 et

390 695 574 738 prolegati¹‚
589 697 725 729 iudicari
745 703 776 729 et
793 697 921 729 deliniri
944 696 1075 735 debere,
1094 707 1130 729 ac

389 750 517 781 irritum
540 756 572 781 et
603 750 700 782 inane
740 749 765 781 si
792 760 887 782 secus
913 760 1012 792 snper
1037 750 1087 782 liis
1112 760 1129 782 a

389 813 568 846 quoquam,
595 803 707 845 quavis
742 803 959 842 auctoritate,
986 803 1129 835 scienter

388 856 436 888 vel
458 856 661 896 ignoranter,
681 856 857 897 contigerit
873 855 1038 888 attentari.

432 908 447 950 ξ
472 908 504 941 4.
530 907 600 940 Non
626 908 836 940 obstantibus
865 908 1064 951 praemissis,
1093 918 1130 940 ac

388 961 676 993 constitutionibus
703 967 735 994 et
758 960 1020 993 ordinationibus
1052 971 1130 1003 apo-

389 1014 537 1053 stolicis,
577 1022 704 1046 necnon
748 1013 885 1046 civitatis
927 1018 958 1046 et
1001 1013 1128 1056 collegii

388 1068 632 1110 praefatorum,
670 1067 779 1100 aliisve
820 1067 1006 1109 quibusvis,
1032 1068 1127 1100 etiarn

388 1120 594 1159 iuramento,
639 1119 885 1153 confirmatione
925 1119 1126 1162 apostolica,

388 1174 436 1205 vel
483 1173 593 1216 quavis
639 1173 789 1205 firmitate
833 1174 895 1206 alia
938 1173 1101 1206 roboratis
1118 1200 1126 1214 ,

388 1226 515 1259 statutis
548 1232 579 1258 et
610 1225 919 1265 consuetudinibus,
948 1226 1127 1269 privilegiis

389 1289 546 1322 quoque,
581 1279 714 1312 indultis
751 1284 782 1311 et
817 1279 933 1311 litteris
966 1280 1124 1321 apostoli-

389 1334 433 1364 cis
464 1333 495 1365 in
526 1333 730 1365 contrarium
758 1333 1012 1376 praemissorum
1042 1344 1124 1376 quo-

389 1385 570 1418 modolibet
595 1385 773 1425 concessis,
799 1386 998 1419 contirmatis
1025 1391 1056 1418 et
1080 1386 1128 1418 in-

389 1439 535 1478 novatis3
564 1439 682 1482 quibus
719 1439 868 1472 omnibus
903 1445 934 1472 et
968 1439 1126 1482 singulis,

388 1493 521 1525 illorum
549 1499 680 1525 tenores
706 1493 932 1535 praesentibus
949 1503 1009 1536 pro
1030 1494 1127 1536 plene

390 1552 422 1577 et
459 1546 657 1579 sufficienter
692 1546 856 1589 expressis
893 1557 929 1579 ac
969 1547 1009 1579 ad
1050 1557 1125 1579 ver-

389 1598 465 1630 bum
494 1598 625 1631 insertis
664 1599 846 1638 habentes,
882 1599 945 1631 illis
982 1599 1060 1632 alias
1096 1599 1126 1631 in

388 1662 446 1684 suo
481 1652 602 1685 robore
628 1652 874 1694 permansuris,
908 1652 946 1685 ad
975 1653 1130 1695 praemis-

390 1715 500 1737 sorum
539 1703 707 1743 effectum,
744 1705 803 1736 bac
841 1705 908 1737 vice
945 1705 1124 1744 dumtaxat,

388 1757 576 1799 specialiter
601 1763 632 1790 et
656 1768 808 1800 expresse
834 1758 1051 1800 derogamus;
1078 1768 1129 1790 ce-

391 1810 535 1853 terisque
560 1810 732 1843 contrariis
759 1810 1030 1853 quibuscumque.

432 1863 546 1896 Datum
573 1863 693 1896 Romae
707 1890 714 1902 ,
741 1863 826 1906 apud
844 1863 876 1896 S.
892 1863 1022 1896 Mariam
1036 1863 1129 1896 Maio-

389 1917 536 1954 rem,sub
547 1917 668 1948 annulo
680 1916 864 1955 Piscatoris,
878 1916 930 1949 die
941 1927 1011 1949 xx¹x
1021 1917 1126 1949 martii

387 1978 578 2007 mcccxxxm
597 1969 806 2012 pontificatus
825 1970 930 2002 nostri
949 1980 1034 2002 anno
1054 1979 1096 2003 ιν.

424 2031 485 2056 vat.
508 2031 554 2057 die
574 2031 608 2057 ‘29
628 2031 717 2057 martii
740 2031 819 2062 1734,
841 2031 944 2065 pontif.
965 2039 1037 2057 anno
1056 2037 1092 2057 tv.

672 2084 706 2117 F.
735 2085 823 2117 card.
851 2084 1036 2118 Otivssnius.

683 2253 825 2287 CXXXII.

389 2341 583 2375 Declaratur
606 2343 707 2375 Breve
730 2342 918 2376 Aleoeaudri
946 2342 1011 2375 VII
1042 2343 1128 2375 circa

433 2399 539 2428 volum
565 2395 601 2428 iu
622 2396 801 2440 provinciis
827 2395 961 2429 Ordinis
984 2396 1128 2438 fratrum

431 2447 594 2480 Minorum
618 2449 724 2481 sancti
747 2448 920 2481 Francis-ci
954 2448 992 2481 cle
1018 2448 1129 2482 Obser-

434 2501 543 2533 uantia
567 2502 783 2534 commissarii
806 2501 970 2544 yeneratis
996 2502 1125 2542 Curiae,

432 2564 469 2585 ac
491 2555 714 2597 procuratoris
749 2554 910 2598 yeueralis
946 2554 1128 2587 eorumdem

427 2670 436 2692 1
460 2667 526 2695 Male
545 2669 611 2695 edit.
633 2668 713 2695 Main.
734 2668 800 2703 legit
814 2669 974 2703 proleque&
993 2670 1032 2704 (n.
1048 2669 1086 2703 τ).

973 277 1158 302 BULLARIUM
1184 277 1341 302 ROMANUM

1917 279 1968 305 An.
1989 277 2019 304 C.
2036 277 2110 305 1734

1212 326 1357 368 fratrum
1381 327 1643 369 Reformatorum
1668 326 1818 369 familiae
1847 326 1911 360 Cis—

1215 384 1403 412 montanae.

1374 469 1511 495 Clemens
1533 468 1612 501 Papa
1631 468 1702 500 xu,

1311 512 1348 539 ad
1367 512 1504 539 futuram
1523 512 1569 539 rei
1587 513 1773 539 memoriam.

1216 592 1230 634 ἓ
1255 591 1287 623 i.
1313 591 1437 633 Exponi
1464 590 1558 623 nobis
1578 601 1683 633 nuper
1700 590 1848 624 fecerunt
1864 591 1911 623 di-
1934 601 2001 622 nmo
2016 603 2106 622 Mem.-

1171 645 1248 677 lecti
1273 644 1329 677 filii
1356 644 1525 678 Caietanus
1550 655 1567 677 a
1591 644 1729 677 Laurino
1762 627 1952 677 commis·drl
1969 629 2040 654 μηδ”
2061 628 2107 649 vn*

1172 697 1275 729 sarius
1300 697 1408 730 euriae
1435 698 1568 730 fratrum
1592 697 1749 730 Minorum
1782 698 1822 731 de
1846 697 1910 730 Ob—

1172 746 1342 789 servantia,
1369 761 1406 783 ac
1432 750 1544 783 Petrus
1570 750 1686 783 Paulus
1703 762 1720 783 a
1737 749 1909 793 Cirignola‚

1171 809 1365 846 procurator
1389 804 1549 846 generalis
1567 804 1756 837 eorumdem
1777 804 1911 836 fratrum

1173 856 1429 889 Reformatorum
1450 857 1632 900 respective
1650 862 1910 899 nuncupatorum

1173 919 1230 951 pro
1267 909 1386 942 familia
1422 909 1624 942 cismontana
1654 910 1783 942 Ordinis
1808 910 1910 943 sancti

1171 961 1348 1002 Francisci,
1375 963 1462 1005 quod
1487 962 1606 994 dudum
1633 962 1734 995 felicis
1758 962 1911 995 recorda-

1172 1015 1267 1047 tionis
1300 1015 1482 1048 Alexander
1506 1015 1565 1048 PP.
1592 1015 1643 1048 Vll
1678 1016 1911 1058 praedecessor

1171 1074 1283 1100 noster
1301 1078 1358 1110 per
1375 1068 1528 1111 quasdam
1546 1078 1620 1100 suas
1637 1068 1670 1100 in
1688 1068 1784 1101 simili
1807 1068 1910 1101 forma

1171 1122 1279 1154 Brevis
1305 1122 1356 1154 die
1382 1132 1412 1155 ιν
1438 1121 1620 1154 decembris
1646 1131 1776 1154 iinctxu
1812 1131 1912 1164 expe-

1171 1175 1251 1208 ditas
1276 1176 1402 1208 litteras
1427 1175 1577 1208 omnibus
1603 1180 1635 1207 et
1659 1175 1795 1216 singulis
1820 1184 1911 1207 com-

1170 1227 1325 1261 missariis
1351 1228 1465 1261 Curiae
1501 1239 1538 1260 ac
1563 1227 1831 1270 procuratoribus
1857 1238 1912 1269 ge-

1170 1281 1334 1313 neralibus
1359 1281 1493 1313 fratrum
1520 1280 1677 1314 Minorum
1704 1287 1766 1314 tam
1793 1281 1832 1314 de
1848 1281 1911 1314 Ob-

1170 1335 1329 1367 servantia
1354 1345 1449 1377 quam
1476 1334 1735 1367 Resormatorum
1770 1335 1911 1368 familiae

1170 1387 1411 1427 Cisrnontanae,
1435 1398 1470 1420 ac
1494 1387 1622 1421 Ordinis
1641 1388 1836 1428 huiusmodi,
1857 1388 1910 1431 qui

1170 1451 1226 1473 sua
1252 1441 1432 1484 respective
1459 1441 1564 1474 officia
1598 1441 1728 1474 triennii
1765 1441 1911 1474 continui

1171 1494 1278 1537 spatio
1304 1494 1489 1536 gessissent,
1516 1494 1665 1532 indulsit‚
1681 1499 1727 1532 ut,
1754 1494 1912 1537 depositis

1172 1547 1298 1580 eisdem
1323 1546 1451 1587 officiis,
1477 1546 1665 1590 suffragium
1702 1547 1768 1580 sive
1801 1553 1911 1581 votum

1171 1606 1367 1644 perpetuum
1394 1600 1611 1633 consultivum
1639 1605 1670 1632 et
1689 1599 1860 1633 decisivum
1877 1600 1911 1632 in

1171 1653 1338 1697 quibusv1s
1364 1653 1514 1696 capitulis
1547 1659 1577 1685 et
1602 1652 1911 1695 congregationibus

1171 1717 1245 1739 suae
1272 1706 1430 1749 cuiusque
1457 1706 1644 1750 provinciae
1677 1705 1756 1739 'dicti
1780 1705 1910 1738 Ordinis

1171 1760 1294 1792 habere
1321 1764 1352 1791 et
1376 1759 1460 1792 serre
1487 1766 1629 1801 possent.

1215 1813 1229 1855 ξ
1253 1812 1285 1844 ⁶2.
1313 1812 1458 1855 Cumque
1485 1812 1623 1845 subinde
1651 1818 1727 1845 tunc
1749 1812 1782 1844 in
1801 1812 1911 1844 huma-
1944 1820 2108 1867 qunn0‹1‹s›oi‚i

1170 1865 1220 1897 nis
1247 1865 1353 1907 agenti
1379 1864 1518 1898 Antonio
1536 1876 1553 1897 a
1571 1864 1799 1907 Campobasso,
1820 1863 1910 1896 fratri
1921 1850 2095 1903 “Z‘Ss‘tssssffiassss?

1171 1928 1324 1961 expresse
1345 1918 1491 1960 professo
1510 1917 1585 1950 dicti
1604 1917 1732 1950 Ordinis
1750 1900 2060 1950 Minorumwmm‘mus'

1171 1971 1210 2003 de
1235 1970 1457 2010 Observantia,
1485 1970 1538 2013 qui
1564 1970 1668 2003 officio
1688 1970 1909 2013 procuratoris

1171 2024 1333 2066 generalis
1358 2024 1391 2056 in
1416 2022 1512 2057 Curia
1538 2023 1682 2056 Romana
1699 2024 1824 2056 functus
1843 2023 1911 2056 sue-

1172 2081 1230 2117 rat,
1255 2082 1340 2109 mota
1376 2076 1486 2108 suisset
1519 2076 1668 2118 quaestio
1700 2086 1798 2119 super
1834 2076 1911 2108 frui-

1172 2130 1260 2163 tione
1286 2128 1445 2162 eiusrnodi
1473 2129 1537 2161 voti
1563 2129 1730 2172 perpetui,
1748 2129 1797 2162 eo¹
1823 2130 1911 2172 quod

1169 2182 1310 2215 officium
1354 2182 1534 2225 praefatum
1577 2181 1707 2214 triennii
1755 2182 1910 2225 completi

1169 2235 1274 2278 spatio
1288 2236 1421 2268 minime
1436 2236 1601 2277 gessisset,
1617 2235 1728 2268 habito
1743 2245 1801 2278 pro
1817 2241 1910 2279 parte

1169 2289 1271 2332 ipsius
1292 2288 1422 2321 Antonii
1448 2298 1581 2320 recursu
1607 2288 1645 2321 ad
1670 2289 1776 2322 bonae
1795 2298 1912 2322 memo·

1169 2342 1234 2375 riae
1249 2343 1448 2375 Alderanum
1465 2341 1494 2374 S.
1510 2341 1546 2374 R.
1560 2341 1595 2373 E.
1615 2342 1811 2374 cardinalem
1824 2341 1910 2384 cybo

1169 2400 1400 2438 nuncupatum,
1427 2395 1502 2428 dum
1527 2394 1661 2434 viveret,
1677 2394 1833 2438 praedicti
1854 2393 1912 2427 Or-

1171 2450 1255 2482 dinis
1291 2449 1377 2492 apud
1415 2448 1531 2481 Sedem
1557 2449 1778 2491 Apostolicam
1803 2453 1912 2492 prote-

1174 2508 1310 2543 ctorem,
1336 2511 1396 2545 pro
1418 2503 1602 2545 opportuna
1621 2501 1841 2534 declaratione
1860 2500 1912 2534 ob-

1174 2555 1317 2595 tinenda,
1345 2555 1543 2598 negotioque
1567 2564 1627 2598 per
1650 2554 1757 2597 ipsum
1782 2554 1913 2588 Aldera·

1211 2673 1222 2697 1
1246 2670 1316 2697 Edit.
1339 2669 1420 2696 Μαίη.
1441 2669 1510 2705 tegit
1528 2672 1555 2697 et
1573 2677 1622 2705 pro
1641 2678 1673 2697 eo
1692 2674 1730 2702 (a.
1745 2670 1796 2703 τ.).
