2182 3137
21 267 68 298 λιι.
83 270 114 296 C.
135 269 201 296 ¹734

44 1076 74 1098 De
90 1076 190 1101 fugitivis.

22 1694 24 1702 ’
42 1705 72 1726 De
89 1706 201 1729 apostatis.

35 2546 118 2570 Poenae
129 2552 202 2571 contra

24 2579 134 2602 peccante-

23 2605 150 2627 castitatem.

825 266 964 291 CLEMENS
989 267 1034 291 XII
1057 267 1107 291 Pr.

212 317 323 357 pariter
355 318 385 348 in
415 317 533 357 scriptis
555 327 570 347 a
593 316 744 356 generali,
769 314 823 345 sub
854 316 947 355 poena

211 367 368 398 arbitraria
402 367 562 407 superioris
585 376 670 406 quem
705 365 833 395 laeserit.
865 365 947 394 Prior

211 421 306 447 autem
331 417 449 457 poterit,
470 417 493 446 si
517 416 675 446 necessitas
698 418 811 453 urgeat,
832 414 946 444 subdito

211 475 262 496 suo
285 466 460 502 concedere,
486 469 516 495 ut
539 474 589 504 per
612 464 820 494 hebdomadam
845 464 872 492 in
891 463 947 492 alio

211 519 355 545 conventu
378 515 454 545 intra
478 514 658 554 provinciam
676 517 818 549 moretur,
837 517 864 542 et
881 522 946 552 pro-

211 564 344 593 vincialis
367 573 418 603 per
441 563 545 602 viginti
569 563 629 592 dies
652 563 680 592 in
710 565 856 592 conventu
879 561 949 590 alie·

210 621 264 642 nae
299 612 484 651 provinciae,
509 611 557 641 sed
591 621 646 640 non
681 611 743 640 sine
777 609 896 639 licentia
919 609 946 638 in

209 662 328 701 scriptis
351 671 402 701 pro
427 661 481 691 lide
501 661 622 699 legitimi
644 669 787 690 recessus.

250 721 291 742 ιιι.
316 713 422 742 Exiens
447 722 462 741 e
486 716 630 742 conventu
655 711 753 740 furtim
782 710 817 739 ad
841 709 947 739 malum

212 761 299 791 finem
322 762 358 792 de
380 766 482 799 nocte,
507 770 628 801 poenam
652 760 754 790 subeat
776 759 948 799 privationis

211 811 364 851 utriusque
388 812 466 841 vocis
488 811 522 840 ad
545 820 665 847 annum,
683 815 711 840 et
729 810 892 849 deponatur
914 808 948 838 ab

212 859 307 889 officio
328 860 352 889 si
373 860 411 889 sit
433 859 577 899 superior.
610 858 799 889 Ohedientiae
822 858 948 891 demum,

213 917 227 937 a
251 918 433 948 quocumque
467 908 618 948 superiore
642 916 797 937 concessae
812 931 819 945 ,
843 907 949 936 durent

211 957 246 987 ad
269 962 327 987 tres
350 966 464 987 menses
488 966 502 987 a
526 957 573 987 die
592 957 693 995 datae,
718 956 775 986 nisi
799 956 884 985 aliter
915 954 950 985 li-

211 1005 363 1036 mitentur.

251 1064 289 1085 1v.
314 1056 398 1086 Prior
420 1056 575 1095 intelligat,
600 1055 770 1094 religiosum
795 1055 829 1084 ad
853 1064 883 1083 se
907 1054 949 1084 di-

212 1108 374 1134 vertentem
399 1114 463 1134 esse
486 1105 639 1143 fugitivum
663 1114 697 1134 ex
720 1103 886 1133 deficientia
904 1103 949 1132 lit-

211 1157 340 1184 terarum
364 1153 613 1189 obedientialium,
638 1162 709 1193 quas
732 1152 798 1182 inde
821 1162 835 1181 a
858 1152 951 1191 quoli-

210 1201 258 1233 bet
280 1203 389 1233 advena
413 1203 568 1243 exquirere
592 1202 715 1238 debeat3
733 1206 880 1241 repertum
901 1211 950 1231 au-

211 1256 267 1281 tem
291 1252 444 1291 fugitivum
473 1253 502 1282 in
536 1261 653 1282 carcere
686 1251 834 1289 detineat,
858 1251 949 1281 donec

210 1301 246 1331 ab
268 1301 348 1332 illius
371 1302 467 1342 priore
491 1302 534 1332 vel
558 1301 748 1342 provinciali,
774 1310 825 1340 per
853 1301 948 1340 ipsum

210 1350 372 1390 requisitis,
396 1350 468 1381 sciat
491 1350 562 1390 quid
585 1350 679 1389 quoad
703 1349 839 1379 eumdem
864 1358 948 1388 agere

210 1399 325 1430 debeat.

250 1458 277 1479 v.
295 1449 434 1488 Fugitivi,
452 1449 501 1489 qui
518 1458 569 1488 per
585 1448 646 1479 dies
662 1453 725 1479 octo
742 1452 884 1487 vagarunt
899 1457 950 1478 ex-

211 1503 253 1530 tra
271 1498 411 1537 claustra,
430 1498 583 1538 priventur
600 1499 724 1537 utraque
749 1507 817 1527 voce
839 1498 874 1527 ad
891 1502 949 1527 tres

211 1558 346 1586 menses;
370 1549 420 1588 qui
444 1558 511 1579 vero
534 1558 586 1588 per
608 1548 669 1578 (lies
688 1547 873 1587 quindecim,
898 1556 949 1586 per

211 1607 263 1628 sex
286 1607 420 1628 menses:
443 1602 471 1628 et
493 1598 527 1627 ad
551 1598 625 1627 lianc
648 1597 864 1636 proportionem
888 1606 949 1626 cre-

211 1651 310 1677 scente
333 1647 484 1685 vagatione
507 1650 618 1676 crescat
641 1650 668 1676 et
692 1646 819 1685 praefata
844 1654 946 1684 poena.

252 1696 482 1735 v1.Ap0statam
507 1695 542 1725 de
573 1695 680 1733 rigore,
715 1704 765 1724 seu
799 1694 849 1733 qui
886 1694 948 1733 ipso

211 1744 287 1774 sacto
310 1743 642 1774 excommunicationem
676 1743 800 1772 incurrit
829 1752 842 1771 a
867 1743 947 1778 iure,

212 1802 278 1823 eum
301 1793 482 1823 solummodo
504 1792 702 1830 declaramus,
727 1792 775 1831 qui
809 1792 872 1821 sine
906 1792 948 1821 vel

211 1851 277 1872 cum
301 1841 402 1872 habitu
424 1842 460 1872 ab
482 1841 592 1872 Ordine
616 1841 739 1872 discedit
765 1850 830 1871 cum
853 1841 949 1871 auimo

211 1891 338 1931 amplius
360 1900 418 1921 non
441 1891 603 1929 redeumli,
626 1891 705 1921 iuxta
729 1890 880 1929 regulam,
904 1900 949 1919 ca-

212 1940 272 1980 pite
296 1950 343 1970 xx.
359 1945 366 1948 '

250 1997 299 2019 vn.
324 1991 470 2028 Repertus
502 1989 530 2018 in
564 1989 711 2028 apostasia
743 1988 804 2018 sine
828 1988 947 2026 habitu,

211 2037 287 2068 ultra
310 2038 504 2078 privationem
527 2038 680 2077 utriusque
712 2037 790 2066 vocis
813 2037 847 2066 ad
870 2037 950 2066 bien-

211 2087 305 2127 nium,
329 2087 431 2117 subeat
454 2087 540 2117 etiam
559 2096 680 2127 poenam
698 2087 824 2116 carceris
847 2090 875 2116 et
892 2087 949 2125 pri-

212 2137 338 2167 vationis
361 2137 582 2177 praecedentiae
604 2137 639 2166 ad
661 2146 710 2166 sex
734 2145 858 2166 menses.

251 2195 311 2217 vm.
335 2186 455 2217 Demum
478 2190 620 2226 apostata,
644 2186 692 2226 qui
715 2186 749 2215 ad
775 2196 858 2215 suum
882 2195 949 2215 con-

212 2241 330 2266 ventum
365 2236 505 2274 redierit,
530 2236 635 2276 poterit
664 2246 678 2265 a
711 2235 806 2275 priore
839 2235 949 2265 absolvi

212 2285 247 2315 ab
269 2286 587 2323 excommunicatione,
608 2285 683 2324 quod
699 2289 727 2314 et
744 2285 886 2324 praestari
902 2295 949 2324 po-

213 2340 268 2366 test
290 2345 304 2365 a
329 2335 502 2375 provinciali
535 2335 563 2365 in
597 2336 651 2365 suit
676 2335 841 2374 provincia„
865 2344 880 2364 a
902 2345 951 2373 ge-

212 2385 306 2415 nerali
329 2384 449 2424 ubique,
466 2389 494 2415 et
516 2394 531 2414 a
555 2389 743 2424 procuratore
765 2384 896 2423 generali
919 2385 947 2414 in

214 2435 306 2465 curia.

265 2483 334 2514 Car.
357 2483 431 2514 Vlll.
455 2501 494 2506 —
517 2483 612 2519 Quoad
641 2487 731 2513 volum
752 2484 895 2513 castitatis.

253 2541 272 2563 1.
296 2532 332 2563 Ut
353 2533 485 2564 securius
508 2543 522 2563 a
546 2533 652 2563 nostris
668 2533 784 2563 castitas
806 2537 948 2568 servetur,

213 2583 255 2614 eis
277 2583 364 2613 vetita
387 2583 446 2613 sint
468 2582 625 2613 mulierum
649 2581 752 2612 dubiae
768 2583 860 2611 l'amae
883 2591 951 2611 con-

214 2632 304 2663 sortia
328 2632 479 2663 familiaria
502 2636 530 2662 et
545 2636 691 2672 suspecta,
712 2631 765 2661 sub
784 2632 878 2671 poena
894 2631 952 2671 pri-

216 2682 338 2713 vationis
360 2682 511 2721 utriusque
534 2682 612 2712 vocis
633 2681 668 2711 ad
691 2691 810 2711 annum.
847 2680 850 2681 ⁷

1029 325 1058 345 11.
1084 316 1243 346 Convictus
1266 316 1300 346 de
1323 315 1477 346 inhonesto
1500 314 1667 353 concubito,
1685 315 1729 345 ul-

992 368 1033 393 tra
1052 365 1249 404 supradictam
1264 375 1399 405 poenam,
1417 365 1526 395 carceri
1545 366 1728 403 mancipetur

992 422 1042 452 per
1065 423 1178 443 menses
1202 419 1260 444 tres
1275 437 1282 450 ,
1307 419 1334 444 et
1357 424 1406 454 per
1428 424 1477 444 sex
1501 414 1524 444 si
1553 414 1639 443 suerit
1662 422 1727 443 cum

991 462 1138 492 scandalo.
1163 463 1268 503 Captus
1291 473 1357 493 vero
1381 473 1395 493 a
1419 463 1501 493 curia
1523 463 1666 492 saeculari
1697 463 1726 491 in

968 513 970 518 '
991 511 1060 540 aede
1083 512 1214 542 mulieris
1250 513 1441 551 inhonestae,
1467 513 1607 552 puniatur
1639 512 1727 541 etiam

992 563 1085 600 poena
1107 562 1187 592 exilii
1211 563 1246 592 ad
1270 563 1442 592 triennium.

1043 612 1112 641 Can.
1138 611 1184 641 lx,
1207 630 1246 634 —
1270 611 1362 648 Quoad
1385 617 1471 642 votum
1493 613 1673 651 paupertatis.

1030 670 1049 690 1.
1074 661 1105 690 In
1128 661 1257 700 quolibet
1278 666 1423 691 conventu
1457 661 1532 691 adsit
1563 671 1647 701 capsa
1682 661 1923 697 tri-capsamctavas.

991 710 1092 747 clavis,
1117 720 1240 749 quarum
1263 711 1388 740 clavium
1408 720 1463 740 una
1486 711 1523 740 sit
1546 720 1633 750 penes
1652 711 1729 750 prio-

992 768 1066 797 rem,
1083 759 1138 788 alia
1161 769 1250 798 penes
1273 764 1502 799 procuratoren‘i,
1520 764 1547 789 et
1569 760 1623 789 alia
1641 769 1729 799 penes

992 807 1116 838 electum
1139 817 1153 837 a
1177 808 1298 838 familia.
1323 808 1353 837 In
1372 809 1497 847 praefata
1513 810 1598 848 capsa
1615 809 1728 838 triclavi

992 857 1093 896 reponi
1117 856 1244 895 debent,
1268 857 1343 886 ultra
1376 857 1529 896 pecuniam
1562 866 1634 896 quae
1666 866 1730 896 spe-

993 911 1052 936 ctat
1074 906 1108 936 ad
1131 910 1307 936 conventum
1330 906 1374 936 vel
1397 906 1431 936 ad
1464 906 1568 936 fratres
1603 905 1728 946 particu-

993 955 1077 992 lares,
1102 956 1189 986 etiam
1213 960 1308 993 notae,
1334 955 1419 993 vulgo
1440 956 1576 995 sproprz'e,
1600 955 1730 993 singulo-

993 1015 1056 1035 rum
1080 1005 1115 1035 de
1131 1005 1252 1042 familia,
1271 1005 1299 1035 in
1316 1005 1433 1044 quibus,
1453 1005 1502 1034 sed
1526 1005 1729 1044 unusquisque

993 1056 1022 1085 in
1038 1056 1101 1089 sua,
1120 1055 1245 1085 fideliter
1267 1055 1422 1094 exprimat,
1441 1054 1515 1084 ultra
1538 1055 1728 1094 quantitatem

994 1105 1145 1144 pecuniae,
1170 1114 1202 1134 ea
1226 1104 1313 1134 etiam
1336 1103 1466 1141 mobilia,
1488 1113 1562 1142 quae
1584 1103 1618 1133 de
1637 1103 1729 1133 licen-

994 1155 1032 1184 tia
1054 1154 1214 1194 superioris
1237 1153 1343 1183 retinet
1366 1153 1401 1182 ad
1424 1162 1508 1182 usum
1532 1153 1693 1192 proprium.

1032 1212 1062 1233 ιι.
1086 1202 1211 1232 Pecunia
1234 1205 1370 1241 spectans
1392 1201 1426 1231 ad
1449 1202 1552 1231 fratres
1575 1202 1730 1240 particula-

993 1261 1039 1281 res
1068 1251 1192 1290 expendi
1226 1250 1343 1290 quidem
1377 1249 1465 1280 debet
1499 1250 1534 1280 ab
1566 1259 1728 1290 expensore

993 1301 1036 1331 vel
1069 1300 1280 1340 expensoribus
1312 1300 1433 1337 electis,
1469 1300 1516 1329 sed
1551 1300 1667 1329 nonnisi
1699 1301 1728 1330 in

993 1350 1166 1380 beneficium
1190 1349 1253 1380 eius
1275 1349 1325 1389 qui
1347 1358 1409 1379 eam
1439 1349 1570 1388 reposuit
1591 1349 1620 1378 in
1644 1351 1728 1388 capsa

993 1400 1118 1437 triclavi,
1142 1399 1195 1429 sub
1218 1400 1313 1439 poena
1335 1398 1507 1438 privationis
1522 1399 1602 1428 vocis
1617 1399 1729 1428 activae

993 1454 1020 1479 et
1043 1449 1185 1489 passivae,
1203 1458 1235 1478 ac
1258 1448 1403 1486 maioris¹,
1421 1447 1511 1487 priori
1534 1448 1579 1477 vel
1602 1448 1730 1477 cuicum-

993 1509 1047 1539 que
1070 1499 1152 1529 alteri
1175 1499 1225 1538 qui
1247 1508 1331 1528 secus
1354 1497 1556 1527 fraudulenter
1577 1498 1680 1535 egerit.

1033 1558 1073 1578 ιιι.
1097 1548 1199 1578 Nullus
1222 1557 1255 1577 ex
1279 1547 1397 1585 nostris,
1421 1546 1473 1576 sub
1492 1549 1584 1585 poenit
1600 1546 1730 1586 proprie-

994 1598 1074 1628 tariis
1097 1597 1216 1635 debita,
1241 1601 1354 1627 mutuet
1377 1600 1457 1626 extra
1479 1596 1617 1626 Ordinem
1642 1606 1728 1636 pecu-

993 1647 1092 1683 niam,
1116 1646 1172 1676 nisi
1195 1646 1229 1675 de
1252 1654 1395 1675 consensu
1420 1645 1527 1684 prioris
1549 1648 1576 1674 et
1599 1654 1663 1674 cum
1688 1645 1731 1684 pi-

993 1705 1093 1734 gnore,
1117 1694 1319 1735 praesentibus
1342 1693 1455 1724 duobus
1478 1693 1609 1734 patribus
1633 1694 1729 1733 gravi-

993 1745 1046 1775 bus
1059 1749 1086 1775 et
1103 1745 1157 1774 fide
1180 1744 1287 1782 dignis.
1302 1744 1409 1782 Pignus
1422 1748 1518 1773 autem
1542 1747 1570 1773 et
1585 1743 1730 1773 consessio

993 1798 1171 1834 reponantur
1194 1794 1223 1823 in
1246 1794 1334 1832 capsa
1356 1793 1479 1823 triclavi.

1033 1853 1071 1873 ιν.
1095 1843 1251 1873 Convictus
1273 1843 1387 1872 dedisse
1419 1852 1479 1872 rem
1515 1843 1622 1873 valoris
1654 1843 1730 1872 ultra
1756 1863 1923 1885 mmmm

995 1893 1096 1931 viginti
1118 1892 1216 1929 iulios,
1239 1892 1264 1922 si
1286 1892 1400 1922 dederit
1421 1901 1484 1921 eam
1507 1896 1589 1922 extra
1619 1892 1662 1921 vel
1686 1892 1904 1921 iii-W'Ut‘ssssfflsw’-

970 1951 972 1955 ·
994 1946 1036 1972 tra
1059 1941 1196 1972 Ordinem
1220 1945 1250 1970 ut
1268 1941 1376 1979 gradus
1401 1940 1445 1971 vel
1468 1941 1562 1970 osticia
1586 1940 1730 1979 regularia

993 1995 1242 2031 consequeretur,
1267 1990 1320 2025 sit,
1346 1990 1421 2020 ultra
1444 1990 1635 2029 privationem
1660 1991 1732 2020 utri-

993 2050 1084 2081 usque
1108 2040 1188 2070 vocis
1211 2040 1244 2069 ad
1269 2039 1432 2077 biennium,
1458 2040 1559 2079 prirus
1582 2039 1728 2076 obtentis;

993 2099 1078 2129 quam
1109 2098 1230 2129 poenam
1264 2088 1386 2118 subeant
1419 2098 1533 2128 quoqne
1566 2089 1731 2128 superiores

993 2139 1042 2178 qui
1075 2148 1108 2168 co
1142 2138 1248 2168 intuitu
1282 2147 1402 2167 munera
1434 2143 1623 2177 receperunt,
1655 2138 1729 2167 circa

995 2197 1060 2217 vero
1083 2187 1268 2225 largitionem
1293 2196 1458 2224 munerum,
1482 2191 1614 2216 servetur
1637 2187 1731 2216 invio—

994 2236 1119 2267 labiliter
1142 2236 1220 2266 Ralla
1245 2235 1354 2265 l'rb-‘tni
1378 2236 1431 2266 ΡΙ).
1457 2236 1529 2265 t‘ltl.

1102 2286 1171 2314 (Iar.
1197 2284 1229 2313 X.
1246 2301 1283 2305 —
1307 2283 1400 2319 Quoad
1421 2286 1620 2314 tastamentum.

1033 2344 1052 2364 1.
1077 2335 1283 2364 indumentum
1307 2334 1435 2363 exterius
1458 2334 1495 2364 sit
1518 2335 1613 2364 tunica
1632 2335 1730 2364 talaris
1769 2353 1843 2374 unm
1865 2354 1922 2374 mau-

993 2383 1069 2414 sicut
1091 2388 1118 2413 et
1141 2383 1273 2423 pallium,
1297 2383 1372 2422 quod
1392 2383 1429 2412 sit
1448 2383 1526 2412 iuxta
1546 2393 1729 2414 communem
1743 2383 1813 2400 ''¹¹¹⁰‘'-

994 2433 1258 2463 ccclesiasticorum
1282 2433 1424 2471 sormam,
1448 2438 1479 2463 ut
1507 2434 1592 2463 lmdie
1625 2439 1667 2464 est
1700 2435 1729 2464 in

994 2493 1063 2518 usu,
1082 2482 1234 2522 scapulare
1254 2482 1390 2521 utrinque
1407 2482 1564 2521 angulare,
1583 2488 1610 2512 et
1626 2484 1729 2513 horum

994 2533 1143 2572 quodlibet
1166 2543 1199 2562 ex
1223 2533 1288 2562 lan-,i
1313 2532 1434 2569 coloris,
1461 2533 1544 2571 vulgo
1566 2533 1728 2570 hermuino,

994 2582 1069 2620 quod
1094 2581 1187 2621 potius
1210 2582 1244 2611 ad
1269 2581 1383 2619 nigrum
1400 2581 1525 2611 colorem
1550 2586 1665 2620 vorgat3
1690 2583 1732 2622 pi-

994 2631 1058 2661 leus
1081 2641 1147 2662 vero
1169 2631 1274 2661 coloris
1297 2630 1384 2669 nigri,
1403 2631 1535 2670 pallium,
1560 2632 1634 2670 quod
1654 2632 1732 2662 domi

1032 2687 1040 2712 1
1067 2685 1136 2712 llaec
1157 2685 1318 2712 dimittimus
1338 2684 1430 2713 lectori
1451 2686 1506 2713 scio
1526 2688 1563 2721 (n.
1581 2687 1628 2721 T.).

1735 265 1789 292 An.
1806 266 1835 292 C.
1856 266 1921 293 1734
