2182 3137
235 297 282 323 Αη.
304 297 333 324 c.
354 296 421 324 1733
468 288 531 321 536

248 1309 270 1329 ΕΙ
282 1312 356 1333 guntur
372 1310 408 1330 mi-

226 1340 285 1356 nisti-t
333 1343 407 1357 nuvae.

228 1369 350 1388 pruina-iao

251 780 348 804 ‘matuta
365 786 402 805 pio

292 815 295 824 l
310 814 313 824 l
382 815 386 819 ¹

425 346 463 378 de
483 346 565 385 iure,
584 357 640 378 usu
661 351 691 378 et
709 346 1066 389 consuetudine,quam
1085 345 1162 378 alias

426 399 669 441 quomodolibet
698 404 839 438 utuntur,
863 400 1012 431 t'ruuntur
1037 404 1066 432 et
1092 410 1164 442 gau-

425 451 512 490 dent,
530 461 565 483 ac
590 451 643 490 uti,
672 451 731 483 frui
760 457 790 483 et
815 452 957 494 gaudere
980 457 1116 494 possunt
1133 456 1164 484 ct

424 509 579 546 poterunt
605 504 633 536 iu
661 504 812 544 futurum,
834 505 901 547 pari
924 505 1022 537 modo
1043 510 1074 537 et
1094 505 1164 537 abs-

424 567 484 600 que
511 558 575 589 nlla
601 568 733 600 prorsus
758 557 940 590 differentia
966 557 1023 598 uti,
1051 558 1113 590 frui
1132 560 1187 591 etl

423 610 563 651 gaudere
597 610 699 643 libere
731 614 761 643 et
786 610 872 643 licite
906 610 1033 653 possint
1057 617 1088 642 et
1113 622 1164 643 va-

424 664 519 701 leant,
534 663 725 696 auctoritate
740 663 930 706 apostolica,
947 668 1057 696 tenore
1073 674 1163 706 prae-
1185 652 1187 671 ³

424 715 579 755 sentium,
607 722 766 759 perpetuo
793 717 946 759 erigimus
973 723 1003 750 ct
1028 717 1165 750 institui-

406 779 508 800 -uius.
538 769 717 809 Praeterea,
749 775 783 801 ut
814 769 956 813 capitula
982 770 1164 813 provincia-

377 814 465 854 ‘¹¹'tia
499 821 704 864 provinciae,
732 822 777 855 sic
803 834 819 855 a
844 823 939 856 nobis
978 828 1105 856 erectae
1132 829 1163 856 et

422 874 599 915 institutae,
621 875 791 909 triennalia
807 876 878 916 sint,
898 881 928 909 et
947 877 1078 909 discreti
1096 887 1161 910 non

423 928 608 970 eligantur,
637 929 691 961 sed
729 929 766 961 ad
794 929 987 962 electionem
1025 929 1161 962 ministri

421 980 632 1024 provincialis
652 986 682 1014 et
697 981 902 1015 definitorum
921 983 1036 1015 eodem
1055 983 1161 1022 modo,

421 1044 485 1077 quo
511 1039 617 1066 custos
651 1040 681 1067 et
707 1036 909 1068 consultores
935 1035 1071 1068 antebac
1097 1035 1162 1068 ele-

420 1088 460 1120 cti
500 1088 650 1128 suerunt,
685 1088 905 1131 procedatur,
934 1099 1061 1122 necnon
1100 1089 1162 1122 duo

420 1141 571 1174 custodes
591 1152 648 1184 pro
663 1141 806 1184 capitulo
825 1142 969 1184 generali
987 1142 1160 1185 eligantur,

410 1194 613 1228 vauctoritate
639 1200 671 1227 et
697 1200 810 1228 tenore
843 1195 1015 1238 praedictis
1048 1197 1157 1229 statui-

420 1258 491 1281 mus
518 1259 553 1281 ac
580 1248 798 1291 praecipimus
824 1255 855 1281 et
879 1248 1077 1282 ordinamus.

463 1303 477 1345 g
503 1302 533 1335 3.
564 1302 665 1335 l'orro
691 1302 796 1335 eidem
835 1313 938 1336 novae
975 1302 1160 1346 provinciae

420 1356 459 1388 de
485 1355 613 1388 idoneis
638 1356 784 1389 ministro
811 1356 1002 1399 provinciali
1028 1368 1063 1389 ac
1084 1356 1161 1390 deti-

419 1409 590 1448 nitoribus,
615 1419 752 1452 quorum
773 1411 872 1452 opera
892 1409 1059 1453 provincia
1076 1410 1158 1454 ipsa,

419 1463 603 1507 adspirante
629 1463 762 1506 superni
789 1463 904 1497 favoris
929 1463 1059 1504 auxilio,
1078 1466 1161 1498 salu-

418 1516 522 1550 briter
547 1517 725 1559 dirigatur,
753 1516 813 1549 liac
839 1517 939 1560 prima
965 1517 1032 1550 vice
1059 1518 1162 1561 provi-

419 1571 496 1603 dere
534 1569 726 1612 cupientes,
754 1581 791 1603 ac
824 1571 863 1603 de
889 1572 1033 1614 spectata
1066 1571 1160 1605 infra-

418 1624 610 1667 scriptorum
636 1624 864 1666 religiosorum
883 1624 957 1665 fide,
978 1625 1159 1668 prudentia,

419 1676 588 1717 charitate,
613 1677 813 1720 integritate,
841 1677 1008 1720 vigilantia
1033 1684 1064 1711 et
1089 1679 1160 1712 reli-

418 1729 524 1772 gionis
549 1731 619 1763 zelo
638 1730 813 1773 plurimum
832 1731 862 1763 in
882 1731 1019 1765 Domino
1038 1732 1159 1773 contisi,

418 1788 449 1816 et
473 1794 586 1816 corum
612 1783 796 1825 singulares
822 1795 980 1827 personas
998 1795 1013 1817 a
1032 1785 1158 1828 quibus·

417 1837 462 1869 vis
487 1837 851 1877 excommunicationis,
878 1838 1102 1881 suspensionis
1129 1845 1159 1872 et
1180 1850 1182 1883 ς

417 1889 593 1930 interdicti,
614 1890 751 1933 aliisque
777 1891 1005 1924 ecelesiasticis
1030 1897 1159 1926 senten-

419 1943 488 1981 tiis,
516 1943 664 1976 censuris
689 1948 720 1975 et
745 1943 878 1986 poenis,
906 1955 923 1977 a
949 1944 1017 1977 iure
1045 1947 1094 1979 vel
1120 1946 1158 1979 ab

417 1995 561 2035 homine,
584 1996 697 2039 quavis
725 1997 898 2030 occasione
924 1998 973 2030 vel
1000 2000 1094 2031 causa
1116 2000 1159 2032 la-

417 2050 477 2089 tis,
504 2050 527 2082 si
554 2050 672 2093 quibus
709 2050 959 2094 quomodolibet
984 2051 1158 2086 innodatae

416 2103 572 2144 existunt,
591 2103 628 2136 ad
649 2103 793 2137 ellectum
820 2105 1039 2147 praesentium
1066 2106 1157 2139 dum-

417 2161 501 2188 taxat
526 2157 819 2199 consequendum,
847 2157 962 2190 harum
995 2158 1077 2191 serie
1103 2159 1159 2192 ab·

415 2210 577 2243 solventes
611 2215 641 2242 et
667 2211 830 2243 absolutas
863 2212 932 2244 sore
965 2218 1156 2253 censentes,

416 2261 555 2295 dilectos
582 2263 664 2296 tilios
684 2263 870 2307 Philippum
890 2263 1086 2306 Otzennedis,
1102 2266 1156 2310 qui

415 2320 547 2355 custos,
576 2316 606 2348 in
634 2316 816 2349 ministrum
844 2317 1096 2360 provincialem,
1123 2330 1158 2352 ac

415 2367 559 2401 Doncllis
584 2368 615 2400 in
641 2369 792 2412 primum,
809 2370 960 2403 loannem
982 2371 1156 2414 Baptistam

415 2420 554 2463 Kniglite
585 2421 616 2453 in
644 2422 832 2464 secundum,
858 2422 1012 2456 Thomam
1045 2424 1155 2468 Tyrrel

414 2473 444 2504 in
473 2474 626 2514 tertium,
654 2485 690 2507 ac
727 2475 879 2509 loannem
916 2476 1155 2519 Evangelistam

415 2526 546 2565 Bonan,
573 2528 627 2570 qui
661 2529 865 2561 consultores
890 2529 1075 2572 praedictae
1101 2541 1155 2564 cu-

414 2579 539 2612 stodiae
577 2586 674 2621 sunt,
714 2581 743 2614 in
782 2587 929 2625 quartum
966 2582 1155 2617 definitores

414 2632 560 2665 eiusdem
594 2643 691 2666 novae
729 2635 915 2678 provinciae
949 2637 993 2669 sic
1018 2648 1034 2669 a
1061 2637 1153 2671 nobis

410 2690 542 2719 erectae
569 2691 598 2720 et
624 2687 802 2729 institutae,
819 2689 858 2722 ad
879 2688 1052 2723 triennium
1077 2701 1153 2734 pro-

1014 297 1195 322 BULLARIUM
1221 296 1376 322 ROMANUM

1207 345 1324 379 ximum
1350 357 1366 379 a
1393 346 1444 379 die
1470 346 1700 389 publicationis
1727 346 1945 390 praesentium

1208 400 1386 432 litterarum
1425 400 1671 439 inchoandum,
1696 411 1767 433 cuni
1794 400 1945 434 omnibus

1207 458 1238 485 et
1255 453 1391 495 singutis
1407 453 1687 496 praeeminemus,
1702 454 1947 496 praerogativis,

1207 506 1426 545 facultatibus,
1443 505 1647 544 auctoritate,
1666 506 1853 549 privilegiis,
1874 518 1947 550 gra-

1208 559 1258 591 tiis
1292 564 1323 592 et
1356 558 1511 598 indultis,
1543 569 1579 591 ac
1611 559 1791 593 bonoribus
1817 565 1848 593 et
1871 571 1947 594 one-

1207 612 1295 645 ribus
1321 612 1425 646 solitis
1452 618 1482 645 et
1507 613 1684 651 consuetis,
1703 613 1894 646 auctoritate
1915 619 1948 647 et

1208 671 1319 698 tenore
1345 665 1519 709 praedictis
1545 666 1769 699 constituimus
1796 671 1828 699 ct
1851 666 1947 710 depu-

1207 723 1321 750 tamus.
1350 718 1485 761 Expleto
1511 723 1618 751 autem
1646 718 1801 759 triennio,
1825 719 1946 763 capitu-

1207 772 1271 804 lum
1297 771 1496 814 provinciale
1523 771 1552 804 in
1574 782 1636 805 uno
1662 782 1698 804 ex
1718 772 1846 805 duobus
1870 783 1946 806 con-

1206 825 1353 857 ventibus
1379 824 1411 857 in
1442 835 1543 867 regno
1580 825 1700 858 Galliae
1735 825 1946 859 existentibus

1207 877 1354 910 ministro
1375 878 1566 921 provinciali
1595 888 1685 911 more
1710 878 1806 912 solito
1831 888 1947 912 convo-

1184 927 1298 963 'candi
1325 931 1509 964 facultatem
1536 931 1756 965 concedimus.

1249 984 1263 1026 ξ
1288 984 1319 1016 lt.
1347 983 1533 1017 Mandantes
1568 989 1743 1028 propterea
1772 985 1805 1018 in
1830 985 1946 1020 virtute

1184 1042 1337 1070 ‘sanctae
1363 1036 1581 1077 obedientiae,
1606 1048 1643 1070 ae
1667 1039 1727 1071 sub
1752 1038 1946 1081 indignatio-

1207 1090 1254 1124 nis
1279 1096 1409 1124 nostrae
1436 1091 1572 1134 aliisque
1606 1091 1730 1125 arbitrii
1750 1093 1849 1125 nostri
1875 1103 1946 1136 poc·

1206 1144 1254 1176 nis
1274 1170 1281 1183 ,
1306 1143 1455 1176 omnibus
1482 1148 1513 1176 et
1538 1143 1675 1187 singulis
1705 1144 1944 1187 praedictorum

1204 1197 1332 1230 Ordinis
1358 1202 1389 1230 ct
1414 1207 1513 1230 novae
1550 1197 1736 1240 provinciae
1769 1192 1944 1242 superiori-

1204 1251 1280 1291 bus,
1310 1251 1463 1283 fratribus
1489 1255 1520 1284 et
1544 1251 1714 1295 personis,
1740 1252 1944 1296 ceterisque,

1204 1304 1242 1336 ad
1268 1314 1348 1347 quos
1373 1308 1498 1347 spectat
1516 1311 1548 1337 et
1568 1304 1725 1348 spectabit
1739 1304 1771 1338 in
1788 1306 1943 1347 futurum,

1206 1363 1239 1391 ut
1264 1357 1409 1390 eamdem
1446 1367 1560 1390 novam
1595 1357 1822 1400 provinciam,
1860 1359 1946 1392 sicut

1205 1411 1438 1454 praemittitur,
1465 1421 1482 1443 a
1507 1410 1602 1444 nobis
1629 1416 1772 1444 erectam
1797 1417 1829 1445 et
1852 1411 1944 1446 insti-

1206 1470 1323 1504 tutam,
1362 1470 1525 1508 tamquam
1558 1475 1665 1497 veram
1698 1470 1730 1497 et
1765 1465 1944 1508 legitimam

1205 1517 1425 1561 canoniceque
1452 1522 1590 1551 erectam
1616 1517 1826 1560 provinciam,
1854 1530 1892 1553 ac
1908 1519 1946 1552 si-

1204 1577 1256 1604 cut
1281 1571 1423 1615 reliquas
1447 1571 1522 1603 dieti
1548 1570 1676 1604 Ordinis
1702 1571 1887 1614 provincias
1911 1572 1944 1606 in

1204 1624 1353 1658 omnihus
1380 1629 1410 1657 et
1445 1634 1504 1667 per
1539 1623 1648 1657 omnia
1681 1631 1943 1667 recognoscant,

1204 1677 1394 1718 nominent,
1422 1682 1552 1710 teneant
1577 1681 1609 1710 et
1634 1682 1782 1718 tractent,
1809 1689 1845 1712 ac
1871 1678 1943 1713 reli-

1202 1731 1308 1774 giosos
1333 1731 1614 1774 supranominatos
1639 1730 1678 1763 ad
1705 1727 1810 1765 officia
1833 1731 1880 1765 eis
1897 1743 1943 1766 re-

1201 1784 1339 1828 spective
1365 1783 1565 1824 demandata,
1584 1783 1781 1828 illorumque
1799 1784 1940 1819 liberum

1203 1837 1417 1877 exercitium,
1453 1837 1539 1870 iuxta
1579 1837 1765 1871 earumdem
1796 1843 1943 1873 tenorem

1203 1892 1421 1936 praesentium
1433 1918 1440 1931 ,
1465 1891 1624 1935 recipiant
1641 1897 1672 1924 et
1688 1892 1858 1926 admittant
1874 1919 1881 1934 ,
1906 1892 1943 1931 il-

1202 1946 1302 1989 lisque
1328 1946 1360 1978 in
1386 1944 1535 1978 omnibus
1561 1945 1673 1979 eadem
1691 1945 1794 1979 officia
1808 1956 1943 1980 concer-

1203 1999 1355 2032 nentibus
1374 1999 1498 2032 faveant
1514 2004 1546 2031 et
1563 1999 1723 2042 assistant,
1738 2005 1942 2045 pareantque

1202 2058 1233 2086 et
1258 2051 1413 2085 obediant
1436 2052 1629 2095 respective.

1246 2106 1260 2148 ἓ
1286 2105 1316 2138 5.
1344 2106 1388 2138 Ac
1412 2105 1650 2145 decernentes,
1677 2105 1807 2140 easdem
1846 2118 1942 2151 prae-

1201 2164 1308 2192 sentes
1333 2158 1457 2192 litteras
1476 2168 1610 2202 semper
1631 2158 1749 2200 firmas,
1771 2160 1891 2194 validas
1910 2167 1943 2195 et

1202 2212 1347 2246 efficaces
1374 2211 1512 2245 existere
1539 2217 1571 2244 et
1596 2213 1687 2253 sore,
1715 2223 1854 2257 suosque
1873 2215 1942 2258 ple-

1202 2266 1310 2300 narios
1336 2271 1366 2299 et
1390 2265 1536 2308 integros
1562 2265 1692 2299 effectus
1713 2267 1822 2300 sortiri
1840 2273 1872 2301 et
1889 2269 1943 2303 oh-

1202 2319 1326 2359 tinere‚
1355 2329 1391 2352 ac
1416 2318 1490 2359 illis,
1517 2318 1554 2352 ad
1581 2329 1662 2362 quos
1688 2325 1811 2363 spectat
1835 2325 1866 2354 et
1882 2331 1942 2366 pro

1201 2377 1349 2415 tempore
1385 2371 1653 2415 quandocumque
1686 2372 1871 2416 spectabit,
1908 2374 1942 2408 in

1200 2425 1348 2459 omnihus
1374 2430 1406 2458 et
1429 2435 1489 2468 per
1513 2425 1623 2458 omnia
1653 2426 1843 2469 plenissime
1879 2428 1943 2461 suf-

1201 2478 1339 2521 fragari,
1368 2483 1398 2512 et
1419 2478 1457 2511 ab
1484 2478 1529 2512 eis
1564 2479 1742 2523 respective
1775 2479 1942 2515 inviolabi-

1199 2531 1272 2565 liter
1290 2531 1477 2574 observari,
1498 2531 1609 2576 sicque
1631 2532 1662 2565 in
1680 2532 1864 2575 praemissis
1880 2545 1941 2578 per

1198 2595 1422 2630 quoscumque
1449 2584 1571 2618 iudices
1598 2585 1783 2620 ordinarios
1819 2591 1850 2620 et
1885 2587 1940 2621 dc-

1197 2639 1340 2681 legatos,
1366 2638 1461 2672 etiam
1488 2648 1656 2672 causarum
1681 2639 1790 2683 palatii
1809 2644 1939 2683 aposto-

1196 2690 1249 2725 lici
1275 2690 1458 2734 auditores,
1484 2700 1520 2725 ac
1544 2690 1576 2725 S.
1612 2691 1648 2726 tt.
1675 2691 1708 2725 E.
1734 2692 1936 2735 cardinales,

2175 178 2182 259 t

1956 301 2005 327 An.
2022 300 2054 345 c..
2074 287 2139 330 ¹⁷33
2176 274 2182 332 l

2180 362 2182 380 Ι

1979 999 2008 1019 Ha
2014 1005 2057 1020 rum
2069 999 2139 1020 obser·

1957 1028 2028 1048 vanna
2054 1027 2139 1047 manda-

1957 1055 1997 1074 tur.

1980 2113 2061 2136 Solam
2077 2114 2131 2135 clau-

1953 2141 2020 2162 sulae.
