<?xml version="1.0" encoding="UTF-8"?>
<!DOCTYPE html PUBLIC "-//W3C//DTD XHTML 1.0 Transitional//EN"
    "http://www.w3.org/TR/xhtml1/DTD/xhtml1-transitional.dtd">
<html xmlns="http://www.w3.org/1999/xhtml" xml:lang="en" lang="en">
 <head>
  <title>
</title>
<meta http-equiv="Content-Type" content="text/html;charset=utf-8" />
  <meta name='ocr-system' content='tesseract 3.04.00' />
  <meta name='ocr-capabilities' content='ocr_page ocr_carea ocr_par ocr_line ocrx_word'/>
</head>
<body>
  <div class='ocr_page' id='page_1' title='image "./bullarumdiplomat23cath_0079.png"; bbox 0 0 2182 3137; ppageno 0'>
   <div class='ocr_carea' id='block_1_1' title="bbox 108 187 1071 2231">
    <p class='ocr_par' dir='ltr' id='par_1_1' title="bbox 108 187 1070 1062">
     <span class='ocr_line' id='line_1_1' title="bbox 108 187 296 216; baseline -0.011 0"><span class='ocrx_word' id='word_1_1' title='bbox 108 189 157 216; x_wconf 77' lang='lat' dir='ltr'>An.</span> <span class='ocrx_word' id='word_1_2' title='bbox 178 187 206 216; x_wconf 85' lang='lat' dir='ltr'>C.</span> <span class='ocrx_word' id='word_1_3' title='bbox 228 187 296 215; x_wconf 80' lang='lat'>1730</span> 
     </span>
     <span class='ocr_line' id='line_1_2' title="bbox 304 233 1047 273; baseline -0.005 -7"><span class='ocrx_word' id='word_1_4' title='bbox 304 235 449 266; x_wconf 75' lang='lat' dir='ltr'>talaribus</span> <span class='ocrx_word' id='word_1_5' title='bbox 467 259 474 273; x_wconf 94' lang='lat'>,</span> <span class='ocrx_word' id='word_1_6' title='bbox 512 238 542 264; x_wconf 92' lang='lat' dir='ltr'>ut</span> <span class='ocrx_word' id='word_1_7' title='bbox 584 234 661 264; x_wconf 84' lang='lat' dir='ltr'>intra</span> <span class='ocrx_word' id='word_1_8' title='bbox 697 233 926 272; x_wconf 61' lang='lat' dir='ltr'>vigintiquatuor</span> <span class='ocrx_word' id='word_1_9' title='bbox 960 234 1047 262; x_wconf 84' lang='lat' dir='ltr'>boras</span> 
     </span>
     <span class='ocr_line' id='line_1_3' title="bbox 303 281 1046 323; baseline -0.005 -9"><span class='ocrx_word' id='word_1_10' title='bbox 303 294 401 314; x_wconf 82' lang='lat' dir='ltr'>coram</span> <span class='ocrx_word' id='word_1_11' title='bbox 425 284 489 323; x_wconf 88' lang='lat' dir='ltr'>ipso</span> <span class='ocrx_word' id='word_1_12' title='bbox 513 283 702 314; x_wconf 65' lang='lat' dir='ltr'><strong>manifestent</strong></span> <span class='ocrx_word' id='word_1_13' title='bbox 731 281 874 321; x_wconf 85' lang='lat' dir='ltr'>quidquid</span> <span class='ocrx_word' id='word_1_14' title='bbox 906 285 1046 311; x_wconf 82' lang='lat' dir='ltr'>notarunt</span> 
     </span>
     <span class='ocr_line' id='line_1_4' title="bbox 302 329 1047 370; baseline -0.005 -7"><span class='ocrx_word' id='word_1_15' title='bbox 302 333 379 363; x_wconf 88' lang='lat' dir='ltr'>circa</span> <span class='ocrx_word' id='word_1_16' title='bbox 403 342 514 370; x_wconf 87' lang='lat' dir='ltr'>mores,</span> <span class='ocrx_word' id='word_1_17' title='bbox 538 331 670 370; x_wconf 81' lang='lat' dir='ltr'>regimen</span> <span class='ocrx_word' id='word_1_18' title='bbox 700 336 728 361; x_wconf 88' lang='lat' dir='ltr'>et</span> <span class='ocrx_word' id='word_1_19' title='bbox 757 330 972 360; x_wconf 79' lang='lat' dir='ltr'>observantiam</span> <span class='ocrx_word' id='word_1_20' title='bbox 996 329 1047 359; x_wconf 94' lang='lat' dir='ltr'>du-</span> 
     </span>
     <span class='ocr_line' id='line_1_5' title="bbox 302 378 1069 419; baseline -0.005 -8"><span class='ocrx_word' id='word_1_21' title='bbox 302 386 386 412; x_wconf 87' lang='lat' dir='ltr'>rante</span> <span class='ocrx_word' id='word_1_22' title='bbox 410 380 535 411; x_wconf 87' lang='lat' dir='ltr'>triennio</span> <span class='ocrx_word' id='word_1_23' title='bbox 558 380 587 410; x_wconf 90' lang='lat' dir='ltr'>in</span> <span class='ocrx_word' id='word_1_24' title='bbox 613 384 694 419; x_wconf 87' lang='lat' dir='ltr'>patre</span> <span class='ocrx_word' id='word_1_25' title='bbox 728 378 902 418; x_wconf 80' lang='lat' dir='ltr'>provinciali</span> <span class='ocrx_word' id='word_1_26' title='bbox 937 382 1047 418; x_wconf 85' lang='lat' dir='ltr'>praete·</span> <span class='ocrx_word' id='word_1_27' title='bbox 1068 396 1069 416; x_wconf 74' lang='lat' dir='ltr'>t</span> 
     </span>
     <span class='ocr_line' id='line_1_6' title="bbox 301 419 1069 469; baseline -0.007 -8"><span class='ocrx_word' id='word_1_28' title='bbox 301 431 369 469; x_wconf 84' lang='lat' dir='ltr'>rito,</span> <span class='ocrx_word' id='word_1_29' title='bbox 394 439 508 460; x_wconf 85' lang='lat' dir='ltr'>necnon</span> <span class='ocrx_word' id='word_1_30' title='bbox 532 429 609 458; x_wconf 84' lang='lat' dir='ltr'>circa</span> <span class='ocrx_word' id='word_1_31' title='bbox 633 428 765 467; x_wconf 78' lang='lat' dir='ltr'>regimen</span> <span class='ocrx_word' id='word_1_32' title='bbox 790 432 818 457; x_wconf 88' lang='lat' dir='ltr'>et</span> <span class='ocrx_word' id='word_1_33' title='bbox 840 437 961 457; x_wconf 78' lang='lat' dir='ltr'>suorum</span> <span class='ocrx_word' id='word_1_34' title='bbox 986 428 1048 457; x_wconf 77' lang='lat' dir='ltr'>ot‘fi-</span> <span class='ocrx_word' id='word_1_35' title='bbox 1068 419 1069 456; x_wconf 71' lang='lat' dir='ltr'>l</span> 
     </span>
     <span class='ocr_line' id='line_1_7' title="bbox 301 460 1069 515; baseline -0.007 -6"><span class='ocrx_word' id='word_1_36' title='bbox 301 480 413 509; x_wconf 87' lang='lat' dir='ltr'>ciorum</span> <span class='ocrx_word' id='word_1_37' title='bbox 449 478 655 508; x_wconf 80' lang='lat' dir='ltr'>executionem</span> <span class='ocrx_word' id='word_1_38' title='bbox 690 477 719 506; x_wconf 93' lang='lat' dir='ltr'>in</span> <span class='ocrx_word' id='word_1_39' title='bbox 753 475 958 506; x_wconf 89' lang='lat' dir='ltr'>definitoribus</span> <span class='ocrx_word' id='word_1_40' title='bbox 981 460 1069 515; x_wconf 73' lang='lat' dir='ltr'>pro-i</span> 
     </span>
     <span class='ocr_line' id='line_1_8' title="bbox 302 525 1045 565; baseline -0.005 -7"><span class='ocrx_word' id='word_1_41' title='bbox 302 527 477 558; x_wconf 87' lang='lat' dir='ltr'>vincialibns</span> <span class='ocrx_word' id='word_1_42' title='bbox 493 526 736 557; x_wconf 77' lang='lat' dir='ltr'>antecedentibus</span> <span class='ocrx_word' id='word_1_43' title='bbox 750 525 951 565; x_wconf 86' lang='lat' dir='ltr'>(definitorum</span> <span class='ocrx_word' id='word_1_44' title='bbox 968 525 1045 555; x_wconf 91' lang='lat' dir='ltr'>enim</span> 
     </span>
     <span class='ocr_line' id='line_1_9' title="bbox 302 559 1069 614; baseline -0.004 -8"><span class='ocrx_word' id='word_1_45' title='bbox 302 577 430 608; x_wconf 78' lang='lat' dir='ltr'>visitatio</span> <span class='ocrx_word' id='word_1_46' title='bbox 453 577 531 607; x_wconf 86' lang='lat' dir='ltr'>circa</span> <span class='ocrx_word' id='word_1_47' title='bbox 555 585 651 606; x_wconf 90' lang='lat' dir='ltr'>mores</span> <span class='ocrx_word' id='word_1_48' title='bbox 676 576 703 605; x_wconf 89' lang='lat' dir='ltr'>in</span> <span class='ocrx_word' id='word_1_49' title='bbox 728 584 915 614; x_wconf 84' lang='lat' dir='ltr'>quacumque</span> <span class='ocrx_word' id='word_1_50' title='bbox 948 574 1047 604; x_wconf 88' lang='lat' dir='ltr'>visita·</span> <span class='ocrx_word' id='word_1_51' title='bbox 1068 559 1069 595; x_wconf 63' lang='lat' dir='ltr'>l</span> 
     </span>
     <span class='ocr_line' id='line_1_10' title="bbox 302 623 1045 665; baseline -0.007 -9"><span class='ocrx_word' id='word_1_52' title='bbox 302 627 380 656; x_wconf 89' lang='lat' dir='ltr'>tione</span> <span class='ocrx_word' id='word_1_53' title='bbox 406 625 575 665; x_wconf 82' lang='lat' dir='ltr'>provinciae</span> <span class='ocrx_word' id='word_1_54' title='bbox 610 625 682 654; x_wconf 81' lang='lat' dir='ltr'>sacta</span> <span class='ocrx_word' id='word_1_55' title='bbox 715 623 914 662; x_wconf 76' lang='lat' dir='ltr'>supponitur,</span> <span class='ocrx_word' id='word_1_56' title='bbox 939 623 1007 661; x_wconf 89' lang='lat' dir='ltr'>quia</span> <span class='ocrx_word' id='word_1_57' title='bbox 1031 631 1045 652; x_wconf 89' lang='lat' dir='ltr'>a</span> 
     </span>
     <span class='ocr_line' id='line_1_11' title="bbox 301 669 1069 704; baseline -0.007 0"><span class='ocrx_word' id='word_1_58' title='bbox 301 674 451 704; x_wconf 77' lang='lat' dir='ltr'>visitatore</span> <span class='ocrx_word' id='word_1_59' title='bbox 473 673 585 703; x_wconf 81' lang='lat' dir='ltr'>visitari</span> <span class='ocrx_word' id='word_1_60' title='bbox 613 672 722 702; x_wconf 87' lang='lat' dir='ltr'>debent</span> <span class='ocrx_word' id='word_1_61' title='bbox 754 672 842 701; x_wconf 78' lang='lat' dir='ltr'>etiam</span> <span class='ocrx_word' id='word_1_62' title='bbox 875 669 1069 701; x_wconf 58' lang='lat' dir='ltr'>definitores}</span> 
     </span>
     <span class='ocr_line' id='line_1_12' title="bbox 303 719 1070 763; baseline -0.004 -12"><span class='ocrx_word' id='word_1_63' title='bbox 303 722 494 763; x_wconf 87' lang='lat' dir='ltr'>provinciae)</span> <span class='ocrx_word' id='word_1_64' title='bbox 519 722 686 752; x_wconf 78' lang='lat' dir='ltr'>visitatione</span> <span class='ocrx_word' id='word_1_65' title='bbox 708 721 865 756; x_wconf 71' lang='lat' dir='ltr'>conclusa3</span> <span class='ocrx_word' id='word_1_66' title='bbox 889 719 913 749; x_wconf 84' lang='lat' dir='ltr'>si</span> <span class='ocrx_word' id='word_1_67' title='bbox 936 719 1047 758; x_wconf 90' lang='lat' dir='ltr'>aliquid</span> <span class='ocrx_word' id='word_1_68' title='bbox 1068 726 1070 734; x_wconf 74' lang='grc'>’</span> 
     </span>
     <span class='ocr_line' id='line_1_13' title="bbox 303 769 1047 811; baseline -0.005 -9"><span class='ocrx_word' id='word_1_69' title='bbox 303 773 424 810; x_wconf 79' lang='lat' dir='ltr'>(lignum</span> <span class='ocrx_word' id='word_1_70' title='bbox 448 774 542 811; x_wconf 74' lang='lat' dir='ltr'>poena</span> <span class='ocrx_word' id='word_1_71' title='bbox 565 771 609 801; x_wconf 89' lang='lat' dir='ltr'>vel</span> <span class='ocrx_word' id='word_1_72' title='bbox 634 770 863 810; x_wconf 77' lang='lat' dir='ltr'>reprehensione</span> <span class='ocrx_word' id='word_1_73' title='bbox 886 769 976 799; x_wconf 86' lang='lat' dir='ltr'>suerit</span> <span class='ocrx_word' id='word_1_74' title='bbox 1004 769 1047 798; x_wconf 92' lang='lat' dir='ltr'>in-</span> 
     </span>
     <span class='ocr_line' id='line_1_14' title="bbox 303 818 1047 860; baseline -0.004 -10"><span class='ocrx_word' id='word_1_75' title='bbox 303 825 433 858; x_wconf 85' lang='lat' dir='ltr'>ventum,</span> <span class='ocrx_word' id='word_1_76' title='bbox 458 830 575 860; x_wconf 76' lang='lat' dir='ltr'>praeses</span> <span class='ocrx_word' id='word_1_77' title='bbox 598 820 671 859; x_wconf 88' lang='lat' dir='ltr'>ipse,</span> <span class='ocrx_word' id='word_1_78' title='bbox 696 819 719 849; x_wconf 88' lang='lat' dir='ltr'>si</span> <span class='ocrx_word' id='word_1_79' title='bbox 742 819 876 858; x_wconf 83' lang='lat' dir='ltr'>superior</span> <span class='ocrx_word' id='word_1_80' title='bbox 899 818 949 856; x_wconf 84' lang='lat' dir='ltr'>sit,</span> <span class='ocrx_word' id='word_1_81' title='bbox 983 827 1047 848; x_wconf 87' lang='lat' dir='ltr'>reos</span> 
     </span>
     <span class='ocr_line' id='line_1_15' title="bbox 304 867 1048 910; baseline -0.005 -10"><span class='ocrx_word' id='word_1_82' title='bbox 304 869 408 910; x_wconf 86' lang='lat' dir='ltr'>puniat</span> <span class='ocrx_word' id='word_1_83' title='bbox 430 869 475 899; x_wconf 91' lang='lat' dir='ltr'>vel</span> <span class='ocrx_word' id='word_1_84' title='bbox 497 868 718 908; x_wconf 79' lang='lat' dir='ltr'>reprehendat3</span> <span class='ocrx_word' id='word_1_85' title='bbox 743 868 765 897; x_wconf 88' lang='lat' dir='ltr'>si</span> <span class='ocrx_word' id='word_1_86' title='bbox 785 871 881 897; x_wconf 89' lang='lat' dir='ltr'>autem</span> <span class='ocrx_word' id='word_1_87' title='bbox 905 876 962 896; x_wconf 90' lang='lat' dir='ltr'>non</span> <span class='ocrx_word' id='word_1_88' title='bbox 987 867 1048 897; x_wconf 87' lang='lat' dir='ltr'>sue-</span> 
     </span>
     <span class='ocr_line' id='line_1_16' title="bbox 303 915 1070 958; baseline -0.004 -10"><span class='ocrx_word' id='word_1_89' title='bbox 303 919 341 948; x_wconf 85' lang='lat' dir='ltr'>rit</span> <span class='ocrx_word' id='word_1_90' title='bbox 369 918 517 958; x_wconf 80' lang='lat' dir='ltr'>superior,</span> <span class='ocrx_word' id='word_1_91' title='bbox 542 917 740 947; x_wconf 75' lang='lat' dir='ltr'>visitationem</span> <span class='ocrx_word' id='word_1_92' title='bbox 774 916 870 946; x_wconf 88' lang='lat' dir='ltr'>mittat</span> <span class='ocrx_word' id='word_1_93' title='bbox 902 915 1070 955; x_wconf 52' lang='lat' dir='ltr'>superiori*</span> 
     </span>
     <span class='ocr_line' id='line_1_17' title="bbox 302 965 1070 1006; baseline -0.004 -9"><span class='ocrx_word' id='word_1_94' title='bbox 302 967 433 1005; x_wconf 79' lang='lat' dir='ltr'>generali</span> <span class='ocrx_word' id='word_1_95' title='bbox 457 966 595 1003; x_wconf 83' lang='lat' dir='ltr'>familiae,</span> <span class='ocrx_word' id='word_1_96' title='bbox 618 970 648 996; x_wconf 92' lang='lat' dir='ltr'>ut</span> <span class='ocrx_word' id='word_1_97' title='bbox 671 966 734 1006; x_wconf 84' lang='lat' dir='ltr'>ipse</span> <span class='ocrx_word' id='word_1_98' title='bbox 757 965 867 995; x_wconf 82' lang='lat' dir='ltr'>iudicet</span> <span class='ocrx_word' id='word_1_99' title='bbox 890 974 973 994; x_wconf 82' lang='lat' dir='ltr'>reum</span> <span class='ocrx_word' id='word_1_100' title='bbox 998 970 1045 994; x_wconf 83' lang='lat' dir='ltr'>ant</span> <span class='ocrx_word' id='word_1_101' title='bbox 1068 985 1070 1000; x_wconf 43' lang='lat'>4</span> 
     </span>
     <span class='ocr_line' id='line_1_18' title="bbox 303 1025 1070 1062; baseline -0.001 -16"><span class='ocrx_word' id='word_1_102' title='bbox 303 1025 380 1046; x_wconf 65' lang='lat' dir='ltr'>reos</span> <span class='ocrx_word' id='word_1_103' title='bbox 1069 1029 1070 1062; x_wconf 34' lang='grc' dir='ltr'>ἶ</span> 
     </span>
    </p>

    <p class='ocr_par' dir='ltr' id='par_1_2' title="bbox 303 1064 1071 1398">
     <span class='ocr_line' id='line_1_19' title="bbox 343 1064 1048 1104; baseline -0.003 -9"><span class='ocrx_word' id='word_1_104' title='bbox 343 1074 422 1095; x_wconf 83' lang='lat' dir='ltr'>xxlx.</span> <span class='ocrx_word' id='word_1_105' title='bbox 447 1065 528 1101; x_wconf 90' lang='lat' dir='ltr'>Quod</span> <span class='ocrx_word' id='word_1_106' title='bbox 551 1065 597 1095; x_wconf 88' lang='lat' dir='ltr'>die</span> <span class='ocrx_word' id='word_1_107' title='bbox 621 1064 756 1104; x_wconf 79' lang='lat' dir='ltr'>sequenti</span> <span class='ocrx_word' id='word_1_108' title='bbox 780 1064 942 1103; x_wconf 88' lang='lat' dir='ltr'>ultimoque</span> <span class='ocrx_word' id='word_1_109' title='bbox 969 1064 1048 1103; x_wconf 84' lang='lat' dir='ltr'>capi·</span> 
     </span>
     <span class='ocr_line' id='line_1_20' title="bbox 304 1113 1070 1154; baseline -0.004 -9"><span class='ocrx_word' id='word_1_110' title='bbox 304 1115 358 1145; x_wconf 89' lang='lat' dir='ltr'>tuli</span> <span class='ocrx_word' id='word_1_111' title='bbox 382 1115 471 1146; x_wconf 90' lang='lat' dir='ltr'>missa</span> <span class='ocrx_word' id='word_1_112' title='bbox 494 1115 634 1145; x_wconf 89' lang='lat' dir='ltr'>solemnis</span> <span class='ocrx_word' id='word_1_113' title='bbox 658 1115 697 1145; x_wconf 85' lang='lat' dir='ltr'>De</span> <span class='ocrx_word' id='word_1_114' title='bbox 712 1115 834 1153; x_wconf 78' lang='lat' dir='ltr'>requiem</span> <span class='ocrx_word' id='word_1_115' title='bbox 857 1123 908 1153; x_wconf 90' lang='lat' dir='ltr'>pro</span> <span class='ocrx_word' id='word_1_116' title='bbox 931 1113 1049 1152; x_wconf 85' lang='lat' dir='ltr'>religio·</span> <span class='ocrx_word' id='word_1_117' title='bbox 1069 1145 1070 1154; x_wconf 15' lang='grc' dir='ltr'>ἵ</span> 
     </span>
     <span class='ocr_line' id='line_1_21' title="bbox 303 1162 1049 1194; baseline -0.004 0"><span class='ocrx_word' id='word_1_118' title='bbox 303 1164 345 1194; x_wconf 86' lang='lat' dir='ltr'>sis</span> <span class='ocrx_word' id='word_1_119' title='bbox 367 1164 477 1194; x_wconf 89' lang='lat' dir='ltr'>nostris</span> <span class='ocrx_word' id='word_1_120' title='bbox 505 1163 652 1194; x_wconf 82' lang='lat' dir='ltr'>defunctis</span> <span class='ocrx_word' id='word_1_121' title='bbox 675 1167 702 1193; x_wconf 91' lang='lat' dir='ltr'>et</span> <span class='ocrx_word' id='word_1_122' title='bbox 724 1162 963 1193; x_wconf 78' lang='lat' dir='ltr'>benefactoribus</span> <span class='ocrx_word' id='word_1_123' title='bbox 998 1171 1049 1192; x_wconf 91' lang='lat' dir='ltr'>no-</span> 
     </span>
     <span class='ocr_line' id='line_1_22' title="bbox 303 1211 1070 1252; baseline -0.004 -10"><span class='ocrx_word' id='word_1_124' title='bbox 303 1212 392 1250; x_wconf 82' lang='lat' dir='ltr'>stris,</span> <span class='ocrx_word' id='word_1_125' title='bbox 426 1212 588 1252; x_wconf 89' lang='lat' dir='ltr'>concioque</span> <span class='ocrx_word' id='word_1_126' title='bbox 611 1217 639 1242; x_wconf 88' lang='lat' dir='ltr'>et</span> <span class='ocrx_word' id='word_1_127' title='bbox 662 1212 793 1242; x_wconf 86' lang='lat' dir='ltr'>solemne</span> <span class='ocrx_word' id='word_1_128' title='bbox 825 1211 1047 1250; x_wconf 89' lang='lat' dir='ltr'>responsorium</span> <span class='ocrx_word' id='word_1_129' title='bbox 1068 1226 1070 1245; x_wconf 43' lang='lat' dir='ltr'>t</span> 
     </span>
     <span class='ocr_line' id='line_1_23' title="bbox 304 1260 1048 1301; baseline -0.003 -10"><span class='ocrx_word' id='word_1_130' title='bbox 304 1261 456 1297; x_wconf 77' lang='lat' dir='ltr'>liabeatur3</span> <span class='ocrx_word' id='word_1_131' title='bbox 474 1270 530 1301; x_wconf 88' lang='lat' dir='ltr'>qua</span> <span class='ocrx_word' id='word_1_132' title='bbox 548 1261 697 1291; x_wconf 84' lang='lat' dir='ltr'>functione</span> <span class='ocrx_word' id='word_1_133' title='bbox 717 1261 846 1300; x_wconf 71' lang='lat' dir='ltr'>peraeta,</span> <span class='ocrx_word' id='word_1_134' title='bbox 870 1260 1048 1299; x_wconf 72' lang='lat' dir='ltr'>capitulares</span> 
     </span>
     <span class='ocr_line' id='line_1_24' title="bbox 304 1308 1071 1349; baseline -0.001 -9"><span class='ocrx_word' id='word_1_135' title='bbox 304 1310 436 1340; x_wconf 73' lang='lat' dir='ltr'>fraterna,</span> <span class='ocrx_word' id='word_1_136' title='bbox 463 1310 607 1340; x_wconf 79' lang='lat' dir='ltr'>charitate</span> <span class='ocrx_word' id='word_1_137' title='bbox 631 1309 853 1349; x_wconf 77' lang='lat' dir='ltr'>amplexentur,</span> <span class='ocrx_word' id='word_1_138' title='bbox 878 1313 906 1338; x_wconf 87' lang='lat' dir='ltr'>et</span> <span class='ocrx_word' id='word_1_139' title='bbox 928 1308 957 1338; x_wconf 93' lang='lat' dir='ltr'>in</span> <span class='ocrx_word' id='word_1_140' title='bbox 980 1317 1048 1338; x_wconf 84' lang='lat' dir='ltr'>suos</span> <span class='ocrx_word' id='word_1_141' title='bbox 1069 1326 1071 1340; x_wconf 77' lang='lat' dir='ltr'>t</span> 
     </span>
     <span class='ocr_line' id='line_1_25' title="bbox 304 1358 726 1398; baseline -0.005 -9"><span class='ocrx_word' id='word_1_142' title='bbox 304 1363 466 1389; x_wconf 86' lang='lat' dir='ltr'>conventus</span> <span class='ocrx_word' id='word_1_143' title='bbox 490 1358 726 1398; x_wconf 84' lang='lat' dir='ltr'>proficiscantur.</span> 
     </span>
    </p>

    <p class='ocr_par' dir='ltr' id='par_1_3' title="bbox 304 1407 1070 1781">
     <span class='ocr_line' id='line_1_26' title="bbox 345 1407 1070 1447; baseline -0.003 -9"><span class='ocrx_word' id='word_1_144' title='bbox 345 1418 410 1438; x_wconf 86' lang='lat' dir='ltr'>xxx.</span> <span class='ocrx_word' id='word_1_145' title='bbox 433 1408 515 1444; x_wconf 88' lang='lat' dir='ltr'>Quod</span> <span class='ocrx_word' id='word_1_146' title='bbox 538 1417 589 1447; x_wconf 87' lang='lat' dir='ltr'>pro</span> <span class='ocrx_word' id='word_1_147' title='bbox 613 1409 667 1438; x_wconf 90' lang='lat' dir='ltr'>hac</span> <span class='ocrx_word' id='word_1_148' title='bbox 690 1408 779 1438; x_wconf 72' lang='lat' dir='ltr'>unica</span> <span class='ocrx_word' id='word_1_149' title='bbox 802 1407 897 1447; x_wconf 70' lang='lat' dir='ltr'>prim-:t</span> <span class='ocrx_word' id='word_1_150' title='bbox 921 1407 982 1437; x_wconf 85' lang='lat' dir='ltr'>vice</span> <span class='ocrx_word' id='word_1_151' title='bbox 1002 1416 1049 1436; x_wconf 86' lang='lat' dir='ltr'>ca·</span> <span class='ocrx_word' id='word_1_152' title='bbox 1069 1430 1070 1435; x_wconf 68' lang='grc'>,</span> 
     </span>
     <span class='ocr_line' id='line_1_27' title="bbox 304 1455 1048 1498; baseline -0.003 -11"><span class='ocrx_word' id='word_1_153' title='bbox 304 1457 430 1498; x_wconf 87' lang='lat' dir='ltr'>pitulum</span> <span class='ocrx_word' id='word_1_154' title='bbox 453 1457 633 1497; x_wconf 80' lang='lat' dir='ltr'>provinciale</span> <span class='ocrx_word' id='word_1_155' title='bbox 650 1457 862 1496; x_wconf 84' lang='lat' dir='ltr'>cuiuscumque</span> <span class='ocrx_word' id='word_1_156' title='bbox 880 1455 1048 1495; x_wconf 85' lang='lat' dir='ltr'>provinciae</span> 
     </span>
     <span class='ocr_line' id='line_1_28' title="bbox 305 1505 1070 1546; baseline -0.003 -10"><span class='ocrx_word' id='word_1_157' title='bbox 305 1506 398 1546; x_wconf 83' lang='lat' dir='ltr'>possit</span> <span class='ocrx_word' id='word_1_158' title='bbox 420 1506 561 1545; x_wconf 86' lang='lat' dir='ltr'>reeligere</span> <span class='ocrx_word' id='word_1_159' title='bbox 584 1510 611 1536; x_wconf 91' lang='lat' dir='ltr'>et</span> <span class='ocrx_word' id='word_1_160' title='bbox 630 1506 783 1546; x_wconf 81' lang='lat' dir='ltr'>providere</span> <span class='ocrx_word' id='word_1_161' title='bbox 808 1505 836 1535; x_wconf 92' lang='lat' dir='ltr'>in</span> <span class='ocrx_word' id='word_1_162' title='bbox 860 1505 969 1535; x_wconf 89' lang='lat' dir='ltr'>eisdem</span> <span class='ocrx_word' id='word_1_163' title='bbox 986 1505 1049 1535; x_wconf 86' lang='lat' dir='ltr'>osfi-</span> <span class='ocrx_word' id='word_1_164' title='bbox 1069 1523 1070 1526; x_wconf 62' lang='lat'><em>=</em></span> 
     </span>
     <span class='ocr_line' id='line_1_29' title="bbox 304 1554 1046 1595; baseline -0.003 -10"><span class='ocrx_word' id='word_1_165' title='bbox 304 1555 357 1586; x_wconf 88' lang='lat' dir='ltr'>ciis</span> <span class='ocrx_word' id='word_1_166' title='bbox 379 1554 568 1585; x_wconf 87' lang='lat' dir='ltr'>definitorum</span> <span class='ocrx_word' id='word_1_167' title='bbox 586 1555 810 1595; x_wconf 84' lang='lat' dir='ltr'>provincialium</span> <span class='ocrx_word' id='word_1_168' title='bbox 828 1554 1046 1594; x_wconf 84' lang='lat' dir='ltr'>sociorumque,</span> 
     </span>
     <span class='ocr_line' id='line_1_30' title="bbox 304 1602 1048 1644; baseline -0.003 -10"><span class='ocrx_word' id='word_1_169' title='bbox 304 1608 392 1644; x_wconf 86' lang='lat' dir='ltr'>prout</span> <span class='ocrx_word' id='word_1_170' title='bbox 413 1603 519 1634; x_wconf 89' lang='lat' dir='ltr'>melius</span> <span class='ocrx_word' id='word_1_171' title='bbox 552 1603 694 1643; x_wconf 86' lang='lat' dir='ltr'>expedire</span> <span class='ocrx_word' id='word_1_172' title='bbox 726 1603 782 1642; x_wconf 84' lang='lat' dir='ltr'>ipsi</span> <span class='ocrx_word' id='word_1_173' title='bbox 813 1602 957 1639; x_wconf 82' lang='lat' dir='ltr'>videatur,</span> <span class='ocrx_word' id='word_1_174' title='bbox 982 1603 1048 1632; x_wconf 89' lang='lat' dir='ltr'>illos</span> 
     </span>
     <span class='ocr_line' id='line_1_31' title="bbox 304 1651 1070 1693; baseline 0 -11"><span class='ocrx_word' id='word_1_175' title='bbox 304 1652 353 1693; x_wconf 86' lang='lat' dir='ltr'>qni</span> <span class='ocrx_word' id='word_1_176' title='bbox 383 1662 417 1683; x_wconf 89' lang='lat' dir='ltr'>ex</span> <span class='ocrx_word' id='word_1_177' title='bbox 450 1653 566 1683; x_wconf 87' lang='lat' dir='ltr'>defectu</span> <span class='ocrx_word' id='word_1_178' title='bbox 598 1651 832 1682; x_wconf 87' lang='lat' dir='ltr'>confirmationis</span> <span class='ocrx_word' id='word_1_179' title='bbox 856 1651 1070 1691; x_wconf 79' lang='lat' dir='ltr'>apostolicae„</span> 
     </span>
     <span class='ocr_line' id='line_1_32' title="bbox 304 1701 1048 1741; baseline -0.003 -9"><span class='ocrx_word' id='word_1_180' title='bbox 304 1702 438 1741; x_wconf 86' lang='lat' dir='ltr'>quamvis</span> <span class='ocrx_word' id='word_1_181' title='bbox 454 1702 539 1732; x_wconf 91' lang='lat' dir='ltr'>electi</span> <span class='ocrx_word' id='word_1_182' title='bbox 557 1701 677 1740; x_wconf 81' lang='lat' dir='ltr'>fuerim,</span> <span class='ocrx_word' id='word_1_183' title='bbox 697 1711 748 1731; x_wconf 86' lang='lat' dir='ltr'>sua</span> <span class='ocrx_word' id='word_1_184' title='bbox 765 1701 859 1731; x_wconf 76' lang='lat' dir='ltr'>officia</span> <span class='ocrx_word' id='word_1_185' title='bbox 884 1709 941 1731; x_wconf 88' lang='lat' dir='ltr'>non</span> <span class='ocrx_word' id='word_1_186' title='bbox 965 1710 1048 1731; x_wconf 82' lang='lat' dir='ltr'>exer-</span> 
     </span>
     <span class='ocr_line' id='line_1_33' title="bbox 304 1751 432 1781; baseline 0 0"><span class='ocrx_word' id='word_1_187' title='bbox 304 1751 432 1781; x_wconf 88' lang='lat' dir='ltr'>cuerint.</span> 
     </span>
    </p>

    <p class='ocr_par' dir='ltr' id='par_1_4' title="bbox 303 1800 1070 2134">
     <span class='ocr_line' id='line_1_34' title="bbox 344 1800 1048 1839; baseline -0.001 -9"><span class='ocrx_word' id='word_1_188' title='bbox 344 1809 422 1830; x_wconf 74' lang='lat' dir='ltr'>xxxr.</span> <span class='ocrx_word' id='word_1_189' title='bbox 446 1800 527 1836; x_wconf 87' lang='lat' dir='ltr'>Quod</span> <span class='ocrx_word' id='word_1_190' title='bbox 560 1801 590 1831; x_wconf 91' lang='lat' dir='ltr'>in</span> <span class='ocrx_word' id='word_1_191' title='bbox 614 1809 694 1837; x_wconf 81' lang='lat' dir='ltr'>casu,</span> <span class='ocrx_word' id='word_1_192' title='bbox 717 1810 774 1839; x_wconf 86' lang='lat' dir='ltr'>quo</span> <span class='ocrx_word' id='word_1_193' title='bbox 804 1800 939 1829; x_wconf 87' lang='lat' dir='ltr'>minister</span> <span class='ocrx_word' id='word_1_194' title='bbox 960 1808 1048 1837; x_wconf 82' lang='lat' dir='ltr'>gene-</span> 
     </span>
     <span class='ocr_line' id='line_1_35' title="bbox 303 1849 1048 1889; baseline -0.003 -9"><span class='ocrx_word' id='word_1_195' title='bbox 303 1849 373 1880; x_wconf 85' lang='lat' dir='ltr'>ralis</span> <span class='ocrx_word' id='word_1_196' title='bbox 394 1849 527 1888; x_wconf 83' lang='lat' dir='ltr'>designet</span> <span class='ocrx_word' id='word_1_197' title='bbox 549 1850 578 1879; x_wconf 94' lang='lat' dir='ltr'>in</span> <span class='ocrx_word' id='word_1_198' title='bbox 604 1849 767 1889; x_wconf 88' lang='lat' dir='ltr'>praesidem</span> <span class='ocrx_word' id='word_1_199' title='bbox 793 1849 913 1888; x_wconf 87' lang='lat' dir='ltr'>capituli</span> <span class='ocrx_word' id='word_1_200' title='bbox 931 1849 1048 1888; x_wconf 86' lang='lat' dir='ltr'>provin-</span> 
     </span>
     <span class='ocr_line' id='line_1_36' title="bbox 304 1898 1070 1939; baseline -0.001 -11"><span class='ocrx_word' id='word_1_201' title='bbox 304 1899 385 1929; x_wconf 90' lang='lat' dir='ltr'>cialis</span> <span class='ocrx_word' id='word_1_202' title='bbox 400 1899 530 1938; x_wconf 88' lang='lat' dir='ltr'>aliquem</span> <span class='ocrx_word' id='word_1_203' title='bbox 546 1908 580 1929; x_wconf 92' lang='lat' dir='ltr'>ex</span> <span class='ocrx_word' id='word_1_204' title='bbox 597 1899 655 1929; x_wconf 91' lang='lat' dir='ltr'>alio</span> <span class='ocrx_word' id='word_1_205' title='bbox 671 1899 775 1939; x_wconf 89' lang='lat' dir='ltr'>quovis</span> <span class='ocrx_word' id='word_1_206' title='bbox 798 1899 882 1929; x_wconf 88' lang='lat' dir='ltr'>titulo</span> <span class='ocrx_word' id='word_1_207' title='bbox 906 1898 1046 1933; x_wconf 82' lang='lat' dir='ltr'>vocalem,</span> <span class='ocrx_word' id='word_1_208' title='bbox 1068 1911 1070 1924; x_wconf 78' lang='grc' dir='ltr'>ι</span> 
     </span>
     <span class='ocr_line' id='line_1_37' title="bbox 305 1947 1048 1987; baseline 0 -10"><span class='ocrx_word' id='word_1_209' title='bbox 305 1952 374 1977; x_wconf 84' lang='lat' dir='ltr'>tunc</span> <span class='ocrx_word' id='word_1_210' title='bbox 396 1947 531 1977; x_wconf 87' lang='lat' dir='ltr'>minister</span> <span class='ocrx_word' id='word_1_211' title='bbox 553 1947 656 1978; x_wconf 89' lang='lat' dir='ltr'>domus</span> <span class='ocrx_word' id='word_1_212' title='bbox 679 1948 850 1987; x_wconf 85' lang='lat' dir='ltr'>capitularis</span> <span class='ocrx_word' id='word_1_213' title='bbox 872 1947 978 1977; x_wconf 89' lang='lat' dir='ltr'>habeat</span> <span class='ocrx_word' id='word_1_214' title='bbox 1002 1957 1048 1977; x_wconf 95' lang='lat' dir='ltr'>vo-</span> 
     </span>
     <span class='ocr_line' id='line_1_38' title="bbox 304 1996 1070 2036; baseline 0 -11"><span class='ocrx_word' id='word_1_215' title='bbox 304 1999 366 2025; x_wconf 90' lang='lat' dir='ltr'>tum</span> <span class='ocrx_word' id='word_1_216' title='bbox 389 1996 419 2026; x_wconf 89' lang='lat' dir='ltr'>in</span> <span class='ocrx_word' id='word_1_217' title='bbox 441 1996 568 2036; x_wconf 88' lang='lat' dir='ltr'>capitulo</span> <span class='ocrx_word' id='word_1_218' title='bbox 592 1996 785 2036; x_wconf 71' lang='lat' dir='ltr'>provinciali3</span> <span class='ocrx_word' id='word_1_219' title='bbox 802 2001 843 2035; x_wconf 84' lang='lat' dir='ltr'>et,</span> <span class='ocrx_word' id='word_1_220' title='bbox 863 1997 887 2026; x_wconf 88' lang='lat' dir='ltr'>si</span> <span class='ocrx_word' id='word_1_221' title='bbox 910 1996 972 2035; x_wconf 90' lang='lat' dir='ltr'>ipse</span> <span class='ocrx_word' id='word_1_222' title='bbox 995 1996 1049 2026; x_wconf 89' lang='lat' dir='ltr'>mi-</span> <span class='ocrx_word' id='word_1_223' title='bbox 1068 2003 1070 2014; x_wconf 76' lang='lat'>¹</span> 
     </span>
     <span class='ocr_line' id='line_1_39' title="bbox 304 2044 1047 2085; baseline 0 -10"><span class='ocrx_word' id='word_1_224' title='bbox 304 2044 399 2075; x_wconf 88' lang='lat' dir='ltr'>nister</span> <span class='ocrx_word' id='word_1_225' title='bbox 434 2045 521 2075; x_wconf 86' lang='lat' dir='ltr'>suerit</span> <span class='ocrx_word' id='word_1_226' title='bbox 556 2045 653 2075; x_wconf 86' lang='lat' dir='ltr'>socius</span> <span class='ocrx_word' id='word_1_227' title='bbox 689 2046 813 2075; x_wconf 85' lang='lat' dir='ltr'>actualis</span> <span class='ocrx_word' id='word_1_228' title='bbox 828 2070 835 2083; x_wconf 89' lang='lat'>‚</span> <span class='ocrx_word' id='word_1_229' title='bbox 873 2045 1047 2085; x_wconf 80' lang='lat' dir='ltr'>suffragium</span> 
     </span>
     <span class='ocr_line' id='line_1_40' title="bbox 305 2093 895 2134; baseline 0.002 -11"><span class='ocrx_word' id='word_1_230' title='bbox 305 2093 411 2124; x_wconf 86' lang='lat' dir='ltr'>habeat</span> <span class='ocrx_word' id='word_1_231' title='bbox 432 2093 530 2124; x_wconf 88' lang='lat' dir='ltr'>socius</span> <span class='ocrx_word' id='word_1_232' title='bbox 553 2094 666 2134; x_wconf 91' lang='lat' dir='ltr'>primus</span> <span class='ocrx_word' id='word_1_233' title='bbox 690 2094 718 2124; x_wconf 89' lang='lat' dir='ltr'>in</span> <span class='ocrx_word' id='word_1_234' title='bbox 738 2094 895 2124; x_wconf 77' lang='lat' dir='ltr'>desectum,</span> 
     </span>
    </p>

    <p class='ocr_par' dir='ltr' id='par_1_5' title="bbox 307 2141 1048 2231">
     <span class='ocr_line' id='line_1_41' title="bbox 345 2141 1048 2183; baseline 0.003 -12"><span class='ocrx_word' id='word_1_235' title='bbox 345 2150 435 2172; x_wconf 84' lang='lat' dir='ltr'>xxxn.</span> <span class='ocrx_word' id='word_1_236' title='bbox 453 2141 533 2178; x_wconf 85' lang='lat' dir='ltr'>Quod</span> <span class='ocrx_word' id='word_1_237' title='bbox 556 2142 756 2173; x_wconf 86' lang='lat' dir='ltr'>definitorium</span> <span class='ocrx_word' id='word_1_238' title='bbox 777 2143 957 2183; x_wconf 79' lang='lat' dir='ltr'>provinciale</span> <span class='ocrx_word' id='word_1_239' title='bbox 980 2152 1048 2173; x_wconf 90' lang='lat' dir='ltr'>cou-</span> 
     </span>
     <span class='ocr_line' id='line_1_42' title="bbox 307 2190 1048 2231; baseline 0.004 -12"><span class='ocrx_word' id='word_1_240' title='bbox 307 2194 443 2228; x_wconf 81' lang='lat' dir='ltr'>gregetur</span> <span class='ocrx_word' id='word_1_241' title='bbox 466 2190 634 2222; x_wconf 85' lang='lat' dir='ltr'>immediate</span> <span class='ocrx_word' id='word_1_242' title='bbox 657 2196 722 2230; x_wconf 88' lang='lat' dir='ltr'>post</span> <span class='ocrx_word' id='word_1_243' title='bbox 744 2191 904 2231; x_wconf 88' lang='lat' dir='ltr'>capitulum</span> <span class='ocrx_word' id='word_1_244' title='bbox 933 2192 1048 2231; x_wconf 75' lang='lat' dir='ltr'>provin-</span> 
     </span>
    </p>
   </div>
   <div class='ocr_carea' id='block_1_2' title="bbox 122 1087 292 1168">
    <p class='ocr_par' dir='ltr' id='par_1_6' title="bbox 122 1087 292 1168">
     <span class='ocr_line' id='line_1_43' title="bbox 137 1087 292 1109; baseline 0.006 -1"><span class='ocrx_word' id='word_1_245' title='bbox 137 1087 200 1108; x_wconf 72' lang='lat' dir='ltr'>Missa</span> <span class='ocrx_word' id='word_1_246' title='bbox 215 1088 239 1108; x_wconf 72' lang='lat' dir='ltr'>de</span> <span class='ocrx_word' id='word_1_247' title='bbox 255 1087 292 1109; x_wconf 76' lang='lat' dir='ltr'>Rc·</span> 
     </span>
     <span class='ocr_line' id='line_1_44' title="bbox 122 1116 292 1136; baseline 0 0"><span class='ocrx_word' id='word_1_248' title='bbox 122 1116 175 1136; x_wconf 76' lang='lat' dir='ltr'>uicm</span> <span class='ocrx_word' id='word_1_249' title='bbox 190 1124 199 1134; x_wconf 63' lang='lat' dir='ltr'><em>r</em></span> <span class='ocrx_word' id='word_1_250' title='bbox 219 1116 292 1136; x_wconf 63' lang='lat' dir='ltr'>ulnmo</span> 
     </span>
     <span class='ocr_line' id='line_1_45' title="bbox 124 1142 254 1168; baseline 0.008 -6"><span class='ocrx_word' id='word_1_251' title='bbox 124 1148 143 1164; x_wconf 78' lang='grc' dir='ltr'>ιο</span> <span class='ocrx_word' id='word_1_252' title='bbox 158 1142 254 1168; x_wconf 76' lang='lat' dir='ltr'>capituli.</span> 
     </span>
    </p>
   </div>
   <div class='ocr_carea' id='block_1_3' title="bbox 108 1426 292 1501">
    <p class='ocr_par' dir='ltr' id='par_1_7' title="bbox 108 1426 292 1501">
     <span class='ocr_line' id='line_1_46' title="bbox 136 1426 292 1447; baseline 0 -1"><span class='ocrx_word' id='word_1_253' title='bbox 136 1426 235 1446; x_wconf 60' lang='lat' dir='ltr'>facultas</span> <span class='ocrx_word' id='word_1_254' title='bbox 247 1432 292 1447; x_wconf 81' lang='lat' dir='ltr'>ree-</span> 
     </span>
     <span class='ocr_line' id='line_1_47' title="bbox 108 1451 292 1478; baseline 0.005 -5"><span class='ocrx_word' id='word_1_255' title='bbox 108 1451 187 1478; x_wconf 69' lang='lat' dir='ltr'>ligendi</span> <span class='ocrx_word' id='word_1_256' title='bbox 198 1453 238 1474; x_wconf 82' lang='lat' dir='ltr'>bac</span> <span class='ocrx_word' id='word_1_257' title='bbox 248 1459 292 1474; x_wconf 75' lang='lat' dir='ltr'>vice</span> 
     </span>
     <span class='ocr_line' id='line_1_48' title="bbox 109 1482 197 1501; baseline 0 -1"><span class='ocrx_word' id='word_1_258' title='bbox 109 1482 197 1501; x_wconf 75' lang='lat' dir='ltr'>tantum.</span> 
     </span>
    </p>
   </div>
   <div class='ocr_carea' id='block_1_4' title="bbox 110 1814 293 1894">
    <p class='ocr_par' dir='ltr' id='par_1_8' title="bbox 110 1814 293 1894">
     <span class='ocr_line' id='line_1_49' title="bbox 149 1814 293 1841; baseline 0.007 -7"><span class='ocrx_word' id='word_1_259' title='bbox 149 1815 177 1834; x_wconf 69' lang='lat' dir='ltr'>tie</span> <span class='ocrx_word' id='word_1_260' title='bbox 193 1814 293 1841; x_wconf 55' lang='lat' dir='ltr'>suffragio</span> 
     </span>
     <span class='ocr_line' id='line_1_50' title="bbox 110 1841 293 1863; baseline 0.011 -2"><span class='ocrx_word' id='word_1_261' title='bbox 110 1841 198 1862; x_wconf 68' lang='lat' dir='ltr'>ministri</span> <span class='ocrx_word' id='word_1_262' title='bbox 219 1842 293 1863; x_wconf 78' lang='lat' dir='ltr'>domus</span> 
     </span>
     <span class='ocr_line' id='line_1_51' title="bbox 110 1868 243 1894; baseline 0 -5"><span class='ocrx_word' id='word_1_263' title='bbox 110 1868 243 1894; x_wconf 66' lang='lat' dir='ltr'>capitularis.</span> 
     </span>
    </p>
   </div>
   <div class='ocr_carea' id='block_1_5' title="bbox 115 2157 295 2209">
    <p class='ocr_par' dir='ltr' id='par_1_9' title="bbox 115 2157 295 2209">
     <span class='ocr_line' id='line_1_52' title="bbox 150 2157 295 2180; baseline 0.021 -3"><span class='ocrx_word' id='word_1_264' title='bbox 150 2157 295 2180; x_wconf 75' lang='lat' dir='ltr'>ltefiniturium</span> 
     </span>
     <span class='ocr_line' id='line_1_53' title="bbox 115 2189 295 2209; baseline 0.033 -8"><span class='ocrx_word' id='word_1_265' title='bbox 115 2189 135 2209; x_wconf 66' lang='grc' dir='ltr'>ΡΙ</span> <span class='ocrx_word' id='word_1_266' title='bbox 141 2190 162 2202; x_wconf 70' lang='lat' dir='ltr'>{u</span> <span class='ocrx_word' id='word_1_267' title='bbox 169 2190 238 2206; x_wconf 66' lang='lat' dir='ltr'>ln4*120</span> <span class='ocrx_word' id='word_1_268' title='bbox 264 2192 295 2206; x_wconf 64' lang='lat' dir='ltr'>Se*</span> 
     </span>
    </p>
   </div>
   <div class='ocr_carea' id='block_1_6' title="bbox 1067 739 1072 2325">
    <p class='ocr_par' dir='ltr' id='par_1_10' title="bbox 1067 739 1072 2325">
     <span class='ocr_line' id='line_1_54' title="bbox 1067 739 1072 2325; baseline 0 0"><span class='ocrx_word' id='word_1_269' title='bbox 1067 739 1072 2325; x_wconf 95' lang='lat' dir='ltr'> </span> 
     </span>
    </p>
   </div>
   <div class='ocr_carea' id='block_1_7' title="bbox 116 2213 1071 2476">
    <p class='ocr_par' dir='ltr' id='par_1_11' title="bbox 116 2213 1071 2476">
     <span class='ocr_line' id='line_1_55' title="bbox 116 2213 223 2232; baseline 0.009 -1"><span class='ocrx_word' id='word_1_270' title='bbox 116 2213 223 2232; x_wconf 53' lang='lat' dir='ltr'>meante.</span> 
     </span>
     <span class='ocr_line' id='line_1_56' title="bbox 308 2238 1046 2278; baseline 0.005 -11"><span class='ocrx_word' id='word_1_271' title='bbox 308 2238 400 2277; x_wconf 86' lang='lat' dir='ltr'>ciale,</span> <span class='ocrx_word' id='word_1_272' title='bbox 416 2243 444 2269; x_wconf 88' lang='lat' dir='ltr'>et</span> <span class='ocrx_word' id='word_1_273' title='bbox 466 2244 564 2278; x_wconf 85' lang='lat' dir='ltr'>postea</span> <span class='ocrx_word' id='word_1_274' title='bbox 587 2239 622 2270; x_wconf 89' lang='lat' dir='ltr'>de</span> <span class='ocrx_word' id='word_1_275' title='bbox 645 2240 779 2270; x_wconf 83' lang='lat' dir='ltr'>semestri</span> <span class='ocrx_word' id='word_1_276' title='bbox 802 2241 832 2270; x_wconf 91' lang='lat' dir='ltr'>in</span> <span class='ocrx_word' id='word_1_277' title='bbox 855 2245 995 2271; x_wconf 83' lang='lat' dir='ltr'>semestre</span> <span class='ocrx_word' id='word_1_278' title='bbox 1017 2241 1046 2271; x_wconf 90' lang='lat' dir='ltr'>in</span> 
     </span>
     <span class='ocr_line' id='line_1_57' title="bbox 309 2286 1070 2332; baseline 0.007 -16"><span class='ocrx_word' id='word_1_279' title='bbox 309 2286 394 2317; x_wconf 89' lang='lat' dir='ltr'>domo</span> <span class='ocrx_word' id='word_1_280' title='bbox 427 2297 513 2327; x_wconf 86' lang='lat' dir='ltr'>quarn</span> <span class='ocrx_word' id='word_1_281' title='bbox 545 2289 711 2328; x_wconf 86' lang='lat' dir='ltr'>designabit</span> <span class='ocrx_word' id='word_1_282' title='bbox 745 2291 780 2320; x_wconf 88' lang='lat' dir='ltr'>de</span> <span class='ocrx_word' id='word_1_283' title='bbox 812 2291 873 2321; x_wconf 69' lang='lat' dir='ltr'>uua</span> <span class='ocrx_word' id='word_1_284' title='bbox 899 2291 928 2320; x_wconf 92' lang='lat' dir='ltr'>in</span> <span class='ocrx_word' id='word_1_285' title='bbox 961 2291 1070 2332; x_wconf 51' lang='lat' dir='ltr'>aliam¹</span> 
     </span>
     <span class='ocr_line' id='line_1_58' title="bbox 310 2337 1071 2378; baseline 0.008 -14"><span class='ocrx_word' id='word_1_286' title='bbox 310 2337 574 2374; x_wconf 81' lang='lat' dir='ltr'>congregationem,</span> <span class='ocrx_word' id='word_1_287' title='bbox 591 2338 725 2378; x_wconf 81' lang='lat' dir='ltr'>quodque</span> <span class='ocrx_word' id='word_1_288' title='bbox 745 2344 939 2378; x_wconf 81' lang='lat' dir='ltr'>congregetur</span> <span class='ocrx_word' id='word_1_289' title='bbox 959 2340 1046 2370; x_wconf 89' lang='lat' dir='ltr'>etiam</span> <span class='ocrx_word' id='word_1_290' title='bbox 1069 2340 1071 2364; x_wconf 65' lang='grc' dir='ltr'>ἰ</span> 
     </span>
     <span class='ocr_line' id='line_1_59' title="bbox 311 2384 932 2424; baseline 0.011 -12"><span class='ocrx_word' id='word_1_291' title='bbox 311 2384 424 2423; x_wconf 83' lang='lat' dir='ltr'>quoties</span> <span class='ocrx_word' id='word_1_292' title='bbox 447 2386 617 2424; x_wconf 89' lang='lat' dir='ltr'>provinciali</span> <span class='ocrx_word' id='word_1_293' title='bbox 640 2387 810 2418; x_wconf 89' lang='lat' dir='ltr'>benevismn</span> <span class='ocrx_word' id='word_1_294' title='bbox 835 2389 932 2419; x_wconf 86' lang='lat' dir='ltr'>fuerit.</span> 
     </span>
     <span class='ocr_line' id='line_1_60' title="bbox 140 2433 1050 2476; baseline 0.008 -15"><span class='ocrx_word' id='word_1_295' title='bbox 140 2448 189 2468; x_wconf 53' lang='lat' dir='ltr'>m„</span> <span class='ocrx_word' id='word_1_296' title='bbox 205 2447 299 2468; x_wconf 68' lang='lat' dir='ltr'>membra</span> <span class='ocrx_word' id='word_1_297' title='bbox 350 2441 450 2463; x_wconf 80' lang='lat' dir='ltr'>xxxin.</span> <span class='ocrx_word' id='word_1_298' title='bbox 475 2433 555 2468; x_wconf 87' lang='lat' dir='ltr'>Quod</span> <span class='ocrx_word' id='word_1_299' title='bbox 570 2435 768 2466; x_wconf 85' lang='lat' dir='ltr'>definitorium</span> <span class='ocrx_word' id='word_1_300' title='bbox 785 2438 965 2476; x_wconf 80' lang='lat' dir='ltr'>provinciale</span> <span class='ocrx_word' id='word_1_301' title='bbox 982 2448 1050 2468; x_wconf 83' lang='lat' dir='ltr'>eon-</span> 
     </span>
    </p>
   </div>
   <div class='ocr_carea' id='block_1_8' title="bbox 116 2475 1071 2527">
    <p class='ocr_par' dir='ltr' id='par_1_12' title="bbox 116 2475 1071 2527">
     <span class='ocr_line' id='line_1_61' title="bbox 116 2475 1071 2527; baseline 0.006 -16"><span class='ocrx_word' id='word_1_302' title='bbox 116 2477 134 2496; x_wconf 68' lang='lat'>0¹</span> <span class='ocrx_word' id='word_1_303' title='bbox 153 2475 272 2495; x_wconf 68' lang='lat'>¹⁴¹³&#39;¹¹²³²⁰⁵·</span> <span class='ocrx_word' id='word_1_304' title='bbox 311 2491 432 2520; x_wconf 82' lang='lat' dir='ltr'>surgere</span> <span class='ocrx_word' id='word_1_305' title='bbox 455 2481 540 2512; x_wconf 84' lang='lat' dir='ltr'>debet</span> <span class='ocrx_word' id='word_1_306' title='bbox 561 2493 593 2513; x_wconf 82' lang='lat' dir='ltr'>ex</span> <span class='ocrx_word' id='word_1_307' title='bbox 618 2489 698 2523; x_wconf 82' lang='lat' dir='ltr'>patre</span> <span class='ocrx_word' id='word_1_308' title='bbox 723 2486 892 2524; x_wconf 85' lang='lat' dir='ltr'>provinciali</span> <span class='ocrx_word' id='word_1_309' title='bbox 910 2487 950 2517; x_wconf 91' lang='lat' dir='ltr'>uti</span> <span class='ocrx_word' id='word_1_310' title='bbox 969 2496 1050 2527; x_wconf 86' lang='lat' dir='ltr'>prae·</span> <span class='ocrx_word' id='word_1_311' title='bbox 1070 2517 1071 2522; x_wconf 64' lang='grc'>,</span> 
     </span>
    </p>
   </div>
   <div class='ocr_carea' id='block_1_9' title="bbox 311 2531 1071 2674">
    <p class='ocr_par' dir='ltr' id='par_1_13' title="bbox 311 2531 1072 2674">
     <span class='ocr_line' id='line_1_62' title="bbox 311 2531 1071 2576; baseline 0.007 -14"><span class='ocrx_word' id='word_1_312' title='bbox 311 2531 424 2562; x_wconf 85' lang='lat' dir='ltr'>sidente</span> <span class='ocrx_word' id='word_1_313' title='bbox 447 2536 474 2561; x_wconf 87' lang='lat' dir='ltr'>et</span> <span class='ocrx_word' id='word_1_314' title='bbox 496 2541 531 2561; x_wconf 84' lang='lat' dir='ltr'>ex</span> <span class='ocrx_word' id='word_1_315' title='bbox 555 2536 680 2572; x_wconf 88' lang='lat' dir='ltr'>quatuor</span> <span class='ocrx_word' id='word_1_316' title='bbox 701 2534 904 2566; x_wconf 89' lang='lat' dir='ltr'>definitoribus</span> <span class='ocrx_word' id='word_1_317' title='bbox 935 2536 1050 2576; x_wconf 83' lang='lat' dir='ltr'>provin·</span> <span class='ocrx_word' id='word_1_318' title='bbox 1070 2535 1071 2545; x_wconf 68' lang='lat'><em>³</em></span> 
     </span>
     <span class='ocr_line' id='line_1_63' title="bbox 311 2561 1071 2625; baseline 0.005 -12"><span class='ocrx_word' id='word_1_319' title='bbox 311 2580 455 2617; x_wconf 79' lang='lat' dir='ltr'>cialibus,</span> <span class='ocrx_word' id='word_1_320' title='bbox 480 2581 529 2622; x_wconf 90' lang='lat' dir='ltr'>qui</span> <span class='ocrx_word' id='word_1_321' title='bbox 552 2591 652 2613; x_wconf 84' lang='lat' dir='ltr'>omnes</span> <span class='ocrx_word' id='word_1_322' title='bbox 684 2583 843 2615; x_wconf 87' lang='lat' dir='ltr'>decisivum</span> <span class='ocrx_word' id='word_1_323' title='bbox 876 2585 1048 2625; x_wconf 79' lang='lat' dir='ltr'>suffragium</span> <span class='ocrx_word' id='word_1_324' title='bbox 1070 2561 1071 2606; x_wconf 53' lang='lat' dir='ltr'>l</span> 
     </span>
     <span class='ocr_line' id='line_1_64' title="bbox 397 2639 1014 2674; baseline 0.005 -4"><span class='ocrx_word' id='word_1_325' title='bbox 397 2639 476 2670; x_wconf 70' lang='lat' dir='ltr'>Bau.</span> <span class='ocrx_word' id='word_1_326' title='bbox 498 2641 585 2671; x_wconf 79' lang='lat' dir='ltr'>Rom.</span> <span class='ocrx_word' id='word_1_327' title='bbox 604 2658 633 2663; x_wconf 76' lang='lat'><em>-</em></span> <span class='ocrx_word' id='word_1_328' title='bbox 658 2642 718 2673; x_wconf 69' lang='lat' dir='ltr'>Vol.</span> <span class='ocrx_word' id='word_1_329' title='bbox 743 2642 853 2674; x_wconf 72' lang='lat' dir='ltr'><em>XXIII.</em></span> <span class='ocrx_word' id='word_1_330' title='bbox 999 2644 1014 2670; x_wconf 78' lang='lat' dir='ltr'>S</span> 
     </span>
    </p>
   </div>
   <div class='ocr_carea' id='block_1_10' title="bbox 946 185 1232 209">
    <p class='ocr_par' dir='ltr' id='par_1_14' title="bbox 946 185 1232 209">
     <span class='ocr_line' id='line_1_65' title="bbox 946 185 1232 209; baseline 0.003 -1"><span class='ocrx_word' id='word_1_331' title='bbox 946 186 1087 208; x_wconf 67' lang='lat' dir='ltr'>CLEMENS</span> <span class='ocrx_word' id='word_1_332' title='bbox 1114 185 1158 209; x_wconf 79' lang='grc' dir='ltr'>ΧΠ</span> <span class='ocrx_word' id='word_1_333' title='bbox 1183 186 1232 209; x_wconf 81' lang='grc' dir='ltr'>ΡΡ.</span> 
     </span>
    </p>
   </div>
   <div class='ocr_carea' id='block_1_11' title="bbox 1090 178 2024 323">
    <p class='ocr_par' dir='ltr' id='par_1_15' title="bbox 1090 178 2024 323">
     <span class='ocr_line' id='line_1_66' title="bbox 1750 178 2024 216; baseline 0.018 -5"><span class='ocrx_word' id='word_1_334' title='bbox 1750 178 1791 211; x_wconf 81' lang='grc'>57</span> <span class='ocrx_word' id='word_1_335' title='bbox 1839 188 1886 213; x_wconf 83' lang='lat' dir='ltr'>An.</span> <span class='ocrx_word' id='word_1_336' title='bbox 1910 187 1937 214; x_wconf 90' lang='lat' dir='ltr'>C.</span> <span class='ocrx_word' id='word_1_337' title='bbox 1958 188 2024 216; x_wconf 77' lang='lat'>1730</span> 
     </span>
     <span class='ocr_line' id='line_1_67' title="bbox 1090 233 1837 274; baseline 0.004 -12"><span class='ocrx_word' id='word_1_338' title='bbox 1090 233 1259 271; x_wconf 81' lang='lat' dir='ltr'>habebunt,</span> <span class='ocrx_word' id='word_1_339' title='bbox 1291 239 1318 263; x_wconf 84' lang='lat' dir='ltr'>et</span> <span class='ocrx_word' id='word_1_340' title='bbox 1351 233 1471 264; x_wconf 78' lang='lat' dir='ltr'>insimul</span> <span class='ocrx_word' id='word_1_341' title='bbox 1510 238 1648 274; x_wconf 89' lang='lat' dir='ltr'>poterunt</span> <span class='ocrx_word' id='word_1_342' title='bbox 1683 234 1837 266; x_wconf 80' lang='lat' dir='ltr'>admittere</span> 
     </span>
     <span class='ocr_line' id='line_1_68' title="bbox 1091 282 1836 323; baseline 0.004 -12"><span class='ocrx_word' id='word_1_343' title='bbox 1091 282 1339 317; x_wconf 78' lang='lat' dir='ltr'>renunciationes,</span> <span class='ocrx_word' id='word_1_344' title='bbox 1360 283 1467 322; x_wconf 73' lang='lat' dir='ltr'>eligere</span> <span class='ocrx_word' id='word_1_345' title='bbox 1492 284 1664 313; x_wconf 80' lang='lat' dir='ltr'>definitores</span> <span class='ocrx_word' id='word_1_346' title='bbox 1688 294 1836 323; x_wconf 79' lang='lat' dir='ltr'>novosque</span> 
     </span>
    </p>
   </div>
   <div class='ocr_carea' id='block_1_12' title="bbox 1067 332 1836 392">
    <p class='ocr_par' dir='ltr' id='par_1_16' title="bbox 1067 332 1836 392">
     <span class='ocr_line' id='line_1_69' title="bbox 1067 332 1836 392; baseline 0.005 -32"><span class='ocrx_word' id='word_1_347' title='bbox 1067 351 1069 392; x_wconf 40' lang='lat'>4</span> <span class='ocrx_word' id='word_1_348' title='bbox 1091 332 1253 370; x_wconf 37' lang='lat' dir='ltr'>ministros</span> <span class='ocrx_word' id='word_1_349' title='bbox 1278 332 1478 372; x_wconf 84' lang='lat' dir='ltr'>redemptores</span> <span class='ocrx_word' id='word_1_350' title='bbox 1499 337 1526 363; x_wconf 90' lang='lat' dir='ltr'>et</span> <span class='ocrx_word' id='word_1_351' title='bbox 1544 338 1748 374; x_wconf 79' lang='lat' dir='ltr'>procuratores</span> <span class='ocrx_word' id='word_1_352' title='bbox 1767 344 1836 364; x_wconf 83' lang='lat' dir='ltr'>suae</span> 
     </span>
    </p>
   </div>
   <div class='ocr_carea' id='block_1_13' title="bbox 1090 381 1838 615">
    <p class='ocr_par' dir='ltr' id='par_1_17' title="bbox 1090 381 1838 615">
     <span class='ocr_line' id='line_1_70' title="bbox 1091 381 1836 421; baseline 0.004 -12"><span class='ocrx_word' id='word_1_353' title='bbox 1091 381 1270 418; x_wconf 82' lang='lat' dir='ltr'>provinciae,</span> <span class='ocrx_word' id='word_1_354' title='bbox 1284 381 1529 421; x_wconf 83' lang='lat' dir='ltr'>quotiescumque</span> <span class='ocrx_word' id='word_1_355' title='bbox 1548 382 1711 412; x_wconf 73' lang='lat' dir='ltr'>vacaverint</span> <span class='ocrx_word' id='word_1_356' title='bbox 1735 392 1836 412; x_wconf 84' lang='lat' dir='ltr'>eornm</span> 
     </span>
     <span class='ocr_line' id='line_1_71' title="bbox 1090 428 1836 470; baseline 0.005 -13"><span class='ocrx_word' id='word_1_357' title='bbox 1090 428 1197 466; x_wconf 81' lang='lat' dir='ltr'>officia,</span> <span class='ocrx_word' id='word_1_358' title='bbox 1222 439 1408 469; x_wconf 87' lang='lat' dir='ltr'>quocumque</span> <span class='ocrx_word' id='word_1_359' title='bbox 1435 430 1526 460; x_wconf 81' lang='lat' dir='ltr'>titulo</span> <span class='ocrx_word' id='word_1_360' title='bbox 1553 435 1676 464; x_wconf 79' lang='lat' dir='ltr'>vacent:</span> <span class='ocrx_word' id='word_1_361' title='bbox 1700 435 1836 470; x_wconf 84' lang='lat' dir='ltr'>poterunt</span> 
     </span>
     <span class='ocr_line' id='line_1_72' title="bbox 1090 477 1836 518; baseline 0.004 -11"><span class='ocrx_word' id='word_1_362' title='bbox 1090 477 1175 507; x_wconf 83' lang='lat' dir='ltr'>etiam</span> <span class='ocrx_word' id='word_1_363' title='bbox 1193 477 1301 516; x_wconf 79' lang='lat' dir='ltr'>eligere</span> <span class='ocrx_word' id='word_1_364' title='bbox 1318 478 1494 508; x_wconf 84' lang='lat' dir='ltr'>cbronistam</span> <span class='ocrx_word' id='word_1_365' title='bbox 1514 480 1698 518; x_wconf 77' lang='lat' dir='ltr'>provinciae.</span> <span class='ocrx_word' id='word_1_366' title='bbox 1723 490 1836 510; x_wconf 86' lang='lat' dir='ltr'>necnon</span> 
     </span>
     <span class='ocr_line' id='line_1_73' title="bbox 1091 526 1838 567; baseline 0.003 -11"><span class='ocrx_word' id='word_1_367' title='bbox 1091 526 1229 565; x_wconf 85' lang='lat' dir='ltr'>praebere</span> <span class='ocrx_word' id='word_1_368' title='bbox 1263 536 1437 557; x_wconf 89' lang='lat' dir='ltr'>consensum</span> <span class='ocrx_word' id='word_1_369' title='bbox 1474 532 1507 557; x_wconf 87' lang='lat' dir='ltr'>nt</span> <span class='ocrx_word' id='word_1_370' title='bbox 1545 528 1611 557; x_wconf 90' lang='lat' dir='ltr'>libri</span> <span class='ocrx_word' id='word_1_371' title='bbox 1650 529 1725 567; x_wconf 65' lang='lat' dir='ltr'>typis</span> <span class='ocrx_word' id='word_1_372' title='bbox 1758 538 1838 559; x_wconf 89' lang='lat' dir='ltr'>man-</span> 
     </span>
     <span class='ocr_line' id='line_1_74' title="bbox 1090 575 1838 615; baseline 0.003 -11"><span class='ocrx_word' id='word_1_373' title='bbox 1090 575 1208 609; x_wconf 71' lang='lat' dir='ltr'>dentur,</span> <span class='ocrx_word' id='word_1_374' title='bbox 1229 580 1255 605; x_wconf 89' lang='lat' dir='ltr'>et</span> <span class='ocrx_word' id='word_1_375' title='bbox 1280 584 1345 605; x_wconf 88' lang='lat' dir='ltr'>cum</span> <span class='ocrx_word' id='word_1_376' title='bbox 1372 576 1582 605; x_wconf 75' lang='lat' dir='ltr'>informatione</span> <span class='ocrx_word' id='word_1_377' title='bbox 1607 578 1698 615; x_wconf 86' lang='lat' dir='ltr'>patris</span> <span class='ocrx_word' id='word_1_378' title='bbox 1721 577 1838 615; x_wconf 84' lang='lat' dir='ltr'>provin-</span> 
     </span>
    </p>
   </div>
   <div class='ocr_carea' id='block_1_14' title="bbox 1068 624 1838 655">
    <p class='ocr_par' dir='ltr' id='par_1_18' title="bbox 1068 624 1838 655">
     <span class='ocr_line' id='line_1_75' title="bbox 1068 624 1838 655; baseline 0.004 -3"><span class='ocrx_word' id='word_1_379' title='bbox 1068 630 1069 651; x_wconf 55' lang='grc' dir='ltr'><strong><em>ὲ</em></strong></span> <span class='ocrx_word' id='word_1_380' title='bbox 1090 624 1174 653; x_wconf 87' lang='lat' dir='ltr'>cialis</span> <span class='ocrx_word' id='word_1_381' title='bbox 1198 624 1363 654; x_wconf 78' lang='lat' dir='ltr'>concedere</span> <span class='ocrx_word' id='word_1_382' title='bbox 1388 624 1466 653; x_wconf 89' lang='lat' dir='ltr'>iuxta</span> <span class='ocrx_word' id='word_1_383' title='bbox 1486 629 1600 654; x_wconf 78' lang='lat' dir='ltr'>nostras</span> <span class='ocrx_word' id='word_1_384' title='bbox 1616 625 1838 655; x_wconf 80' lang='lat' dir='ltr'>constitutiones</span> 
     </span>
    </p>
   </div>
   <div class='ocr_carea' id='block_1_15' title="bbox 1091 672 1838 761">
    <p class='ocr_par' dir='ltr' id='par_1_19' title="bbox 1091 672 1838 761">
     <span class='ocr_line' id='line_1_76' title="bbox 1091 672 1838 711; baseline 0.001 -9"><span class='ocrx_word' id='word_1_385' title='bbox 1091 672 1239 710; x_wconf 81' lang='lat' dir='ltr'>religiosis</span> <span class='ocrx_word' id='word_1_386' title='bbox 1271 681 1320 702; x_wconf 87' lang='lat' dir='ltr'>eas</span> <span class='ocrx_word' id='word_1_387' title='bbox 1358 672 1490 711; x_wconf 85' lang='lat' dir='ltr'>praevias</span> <span class='ocrx_word' id='word_1_388' title='bbox 1527 673 1665 702; x_wconf 87' lang='lat' dir='ltr'>licentias</span> <span class='ocrx_word' id='word_1_389' title='bbox 1701 673 1838 703; x_wconf 87' lang='lat' dir='ltr'>audiendi</span> 
     </span>
     <span class='ocr_line' id='line_1_77' title="bbox 1091 721 1838 761; baseline 0.001 -11"><span class='ocrx_word' id='word_1_390' title='bbox 1091 721 1289 751; x_wconf 81' lang='lat' dir='ltr'>consessiones</span> <span class='ocrx_word' id='word_1_391' title='bbox 1324 721 1500 758; x_wconf 85' lang='lat' dir='ltr'>mulierum,</span> <span class='ocrx_word' id='word_1_392' title='bbox 1527 730 1593 750; x_wconf 81' lang='lat' dir='ltr'>cum</span> <span class='ocrx_word' id='word_1_393' title='bbox 1617 721 1724 760; x_wconf 80' lang='lat' dir='ltr'>quibus</span> <span class='ocrx_word' id='word_1_394' title='bbox 1755 731 1838 761; x_wconf 87' lang='lat' dir='ltr'>prae-</span> 
     </span>
    </p>
   </div>
   <div class='ocr_carea' id='block_1_16' title="bbox 1068 768 1838 858">
    <p class='ocr_par' dir='ltr' id='par_1_20' title="bbox 1068 768 1838 858">
     <span class='ocr_line' id='line_1_78' title="bbox 1068 768 1838 807; baseline 0 -8"><span class='ocrx_word' id='word_1_395' title='bbox 1068 768 1070 784; x_wconf 67' lang='lat'>¹&#39;</span> <span class='ocrx_word' id='word_1_396' title='bbox 1091 769 1202 799; x_wconf 86' lang='lat' dir='ltr'>sentari</span> <span class='ocrx_word' id='word_1_397' title='bbox 1236 779 1266 799; x_wconf 91' lang='lat' dir='ltr'>se</span> <span class='ocrx_word' id='word_1_398' title='bbox 1295 769 1420 799; x_wconf 87' lang='lat' dir='ltr'>debeant</span> <span class='ocrx_word' id='word_1_399' title='bbox 1444 768 1613 799; x_wconf 85' lang='lat' dir='ltr'>Ordinariis</span> <span class='ocrx_word' id='word_1_400' title='bbox 1640 770 1783 807; x_wconf 89' lang='lat' dir='ltr'>locorum,</span> <span class='ocrx_word' id='word_1_401' title='bbox 1808 775 1838 800; x_wconf 85' lang='lat' dir='ltr'>ut</span> 
     </span>
     <span class='ocr_line' id='line_1_79' title="bbox 1068 817 1838 858; baseline 0.001 -10"><span class='ocrx_word' id='word_1_402' title='bbox 1068 823 1070 833; x_wconf 73' lang='lat'><strong><em>¹</em></strong></span> <span class='ocrx_word' id='word_1_403' title='bbox 1091 818 1126 848; x_wconf 81' lang='lat' dir='ltr'>ab</span> <span class='ocrx_word' id='word_1_404' title='bbox 1149 818 1191 848; x_wconf 86' lang='lat' dir='ltr'>eis</span> <span class='ocrx_word' id='word_1_405' title='bbox 1214 817 1460 858; x_wconf 86' lang='lat' dir='ltr'>approbationem</span> <span class='ocrx_word' id='word_1_406' title='bbox 1494 817 1661 855; x_wconf 86' lang='lat' dir='ltr'>obtineant,</span> <span class='ocrx_word' id='word_1_407' title='bbox 1686 823 1713 848; x_wconf 87' lang='lat' dir='ltr'>et</span> <span class='ocrx_word' id='word_1_408' title='bbox 1743 819 1838 850; x_wconf 83' lang='lat' dir='ltr'>facere</span> 
     </span>
    </p>
   </div>
   <div class='ocr_carea' id='block_1_17' title="bbox 1091 867 1839 1151">
    <p class='ocr_par' dir='ltr' id='par_1_21' title="bbox 1091 867 1839 1151">
     <span class='ocr_line' id='line_1_80' title="bbox 1091 867 1837 907; baseline 0.001 -10"><span class='ocrx_word' id='word_1_409' title='bbox 1091 867 1295 898; x_wconf 80' lang='lat' dir='ltr'>ordinationes</span> <span class='ocrx_word' id='word_1_410' title='bbox 1314 867 1349 897; x_wconf 86' lang='lat' dir='ltr'>ad</span> <span class='ocrx_word' id='word_1_411' title='bbox 1367 867 1472 898; x_wconf 84' lang='lat' dir='ltr'>melius</span> <span class='ocrx_word' id='word_1_412' title='bbox 1488 876 1550 897; x_wconf 77' lang='lat' dir='ltr'>esse</span> <span class='ocrx_word' id='word_1_413' title='bbox 1567 876 1635 897; x_wconf 88' lang='lat' dir='ltr'>suae</span> <span class='ocrx_word' id='word_1_414' title='bbox 1653 867 1837 907; x_wconf 81' lang='lat' dir='ltr'>provinciae,</span> 
     </span>
     <span class='ocr_line' id='line_1_81' title="bbox 1091 916 1839 956; baseline 0.001 -10"><span class='ocrx_word' id='word_1_415' title='bbox 1091 917 1208 956; x_wconf 90' lang='lat' dir='ltr'>aliaque</span> <span class='ocrx_word' id='word_1_416' title='bbox 1232 916 1357 947; x_wconf 85' lang='lat' dir='ltr'>faciendi</span> <span class='ocrx_word' id='word_1_417' title='bbox 1390 916 1559 946; x_wconf 78' lang='lat' dir='ltr'>facultatem</span> <span class='ocrx_word' id='word_1_418' title='bbox 1593 925 1741 955; x_wconf 78' lang='lat' dir='ltr'>exercere,</span> <span class='ocrx_word' id='word_1_419' title='bbox 1766 926 1839 956; x_wconf 86' lang='lat' dir='ltr'>quae</span> 
     </span>
     <span class='ocr_line' id='line_1_82' title="bbox 1092 965 1839 1004; baseline 0.001 -9"><span class='ocrx_word' id='word_1_420' title='bbox 1092 974 1143 1004; x_wconf 89' lang='lat' dir='ltr'>per</span> <span class='ocrx_word' id='word_1_421' title='bbox 1170 965 1385 1004; x_wconf 77' lang='lat' dir='ltr'>delegationem</span> <span class='ocrx_word' id='word_1_422' title='bbox 1417 965 1577 995; x_wconf 89' lang='lat' dir='ltr'>definitorii</span> <span class='ocrx_word' id='word_1_423' title='bbox 1605 965 1769 1004; x_wconf 80' lang='lat' dir='ltr'>generalis,</span> <span class='ocrx_word' id='word_1_424' title='bbox 1793 966 1839 996; x_wconf 86' lang='lat' dir='ltr'>vel</span> 
     </span>
     <span class='ocr_line' id='line_1_83' title="bbox 1092 1013 1837 1053; baseline 0.001 -10"><span class='ocrx_word' id='word_1_425' title='bbox 1092 1023 1143 1053; x_wconf 92' lang='lat' dir='ltr'>per</span> <span class='ocrx_word' id='word_1_426' title='bbox 1165 1023 1255 1044; x_wconf 85' lang='lat' dir='ltr'>novas</span> <span class='ocrx_word' id='word_1_427' title='bbox 1279 1014 1502 1044; x_wconf 83' lang='lat' dir='ltr'>constitutiones</span> <span class='ocrx_word' id='word_1_428' title='bbox 1520 1013 1553 1043; x_wconf 90' lang='lat' dir='ltr'>ad</span> <span class='ocrx_word' id='word_1_429' title='bbox 1570 1014 1736 1044; x_wconf 84' lang='lat' dir='ltr'>universale</span> <span class='ocrx_word' id='word_1_430' title='bbox 1762 1014 1837 1052; x_wconf 81' lang='lat' dir='ltr'>regi-</span> 
     </span>
     <span class='ocr_line' id='line_1_84' title="bbox 1092 1062 1835 1102; baseline 0.001 -10"><span class='ocrx_word' id='word_1_431' title='bbox 1092 1072 1157 1093; x_wconf 88' lang='lat' dir='ltr'>men</span> <span class='ocrx_word' id='word_1_432' title='bbox 1172 1062 1292 1093; x_wconf 87' lang='lat' dir='ltr'>Ordinis</span> <span class='ocrx_word' id='word_1_433' title='bbox 1309 1066 1483 1102; x_wconf 85' lang='lat' dir='ltr'>spectantes,</span> <span class='ocrx_word' id='word_1_434' title='bbox 1499 1063 1665 1102; x_wconf 84' lang='lat' dir='ltr'>pertineant</span> <span class='ocrx_word' id='word_1_435' title='bbox 1681 1063 1714 1092; x_wconf 91' lang='lat' dir='ltr'>ad</span> <span class='ocrx_word' id='word_1_436' title='bbox 1728 1063 1835 1102; x_wconf 89' lang='lat' dir='ltr'>ipsum.</span> 
     </span>
     <span class='ocr_line' id='line_1_85' title="bbox 1092 1111 1837 1151; baseline 0 -10"><span class='ocrx_word' id='word_1_437' title='bbox 1092 1111 1245 1141; x_wconf 82' lang='lat' dir='ltr'>Praeterea</span> <span class='ocrx_word' id='word_1_438' title='bbox 1269 1112 1304 1141; x_wconf 87' lang='lat' dir='ltr'>ad</span> <span class='ocrx_word' id='word_1_439' title='bbox 1327 1112 1423 1151; x_wconf 87' lang='lat' dir='ltr'>ipsum</span> <span class='ocrx_word' id='word_1_440' title='bbox 1458 1112 1608 1151; x_wconf 84' lang='lat' dir='ltr'>pertinet,</span> <span class='ocrx_word' id='word_1_441' title='bbox 1633 1111 1668 1141; x_wconf 89' lang='lat' dir='ltr'>de</span> <span class='ocrx_word' id='word_1_442' title='bbox 1691 1120 1837 1141; x_wconf 88' lang='lat' dir='ltr'>consensu</span> 
     </span>
    </p>
   </div>
   <div class='ocr_carea' id='block_1_18' title="bbox 1069 1157 1838 1199">
    <p class='ocr_par' dir='ltr' id='par_1_22' title="bbox 1069 1157 1838 1199">
     <span class='ocr_line' id='line_1_86' title="bbox 1069 1157 1838 1199; baseline 0.001 -10"><span class='ocrx_word' id='word_1_443' title='bbox 1069 1157 1070 1161; x_wconf 69' lang='grc'>’</span> <span class='ocrx_word' id='word_1_444' title='bbox 1093 1160 1256 1199; x_wconf 88' lang='lat' dir='ltr'>superioris</span> <span class='ocrx_word' id='word_1_445' title='bbox 1271 1160 1427 1199; x_wconf 78' lang='lat' dir='ltr'>generatis,</span> <span class='ocrx_word' id='word_1_446' title='bbox 1441 1160 1565 1199; x_wconf 83' lang='lat' dir='ltr'>seligere</span> <span class='ocrx_word' id='word_1_447' title='bbox 1577 1160 1742 1190; x_wconf 89' lang='lat' dir='ltr'>studentem</span> <span class='ocrx_word' id='word_1_448' title='bbox 1757 1160 1838 1190; x_wconf 90' lang='lat' dir='ltr'>tbeo-</span> 
     </span>
    </p>
   </div>
   <div class='ocr_carea' id='block_1_19' title="bbox 1091 1209 2033 1493">
    <p class='ocr_par' dir='ltr' id='par_1_23' title="bbox 1091 1209 1835 1296">
     <span class='ocr_line' id='line_1_87' title="bbox 1091 1209 1835 1248; baseline 0.001 -10"><span class='ocrx_word' id='word_1_449' title='bbox 1091 1209 1185 1247; x_wconf 80' lang='lat' dir='ltr'>logiae</span> <span class='ocrx_word' id='word_1_450' title='bbox 1201 1233 1208 1247; x_wconf 90' lang='lat'><strong><em>‚</em></strong></span> <span class='ocrx_word' id='word_1_451' title='bbox 1231 1213 1264 1239; x_wconf 85' lang='lat' dir='ltr'>ut</span> <span class='ocrx_word' id='word_1_452' title='bbox 1286 1209 1474 1246; x_wconf 86' lang='lat' dir='ltr'>nominetur,</span> <span class='ocrx_word' id='word_1_453' title='bbox 1496 1213 1523 1239; x_wconf 85' lang='lat' dir='ltr'>et</span> <span class='ocrx_word' id='word_1_454' title='bbox 1549 1209 1586 1239; x_wconf 91' lang='lat' dir='ltr'>sit</span> <span class='ocrx_word' id='word_1_455' title='bbox 1609 1210 1720 1248; x_wconf 84' lang='lat' dir='ltr'>collega</span> <span class='ocrx_word' id='word_1_456' title='bbox 1743 1209 1835 1239; x_wconf 88' lang='lat' dir='ltr'>nostri</span> 
     </span>
     <span class='ocr_line' id='line_1_88' title="bbox 1092 1258 1358 1296; baseline 0 -9"><span class='ocrx_word' id='word_1_457' title='bbox 1092 1258 1210 1296; x_wconf 84' lang='lat' dir='ltr'>collegii</span> <span class='ocrx_word' id='word_1_458' title='bbox 1232 1258 1358 1288; x_wconf 84' lang='lat' dir='ltr'>romani.</span> 
     </span>
    </p>

    <p class='ocr_par' dir='ltr' id='par_1_24' title="bbox 1093 1306 2032 1445">
     <span class='ocr_line' id='line_1_89' title="bbox 1133 1306 2032 1346; baseline 0.002 -10"><span class='ocrx_word' id='word_1_459' title='bbox 1133 1316 1230 1337; x_wconf 80' lang='lat' dir='ltr'>xxxiv.</span> <span class='ocrx_word' id='word_1_460' title='bbox 1255 1307 1336 1342; x_wconf 88' lang='lat' dir='ltr'>Quod</span> <span class='ocrx_word' id='word_1_461' title='bbox 1355 1307 1384 1336; x_wconf 91' lang='lat' dir='ltr'>in</span> <span class='ocrx_word' id='word_1_462' title='bbox 1404 1316 1473 1337; x_wconf 82' lang='lat' dir='ltr'>casu</span> <span class='ocrx_word' id='word_1_463' title='bbox 1496 1306 1660 1337; x_wconf 85' lang='lat' dir='ltr'>discordiae</span> <span class='ocrx_word' id='word_1_464' title='bbox 1685 1307 1837 1346; x_wconf 75' lang='lat' dir='ltr'>suffragio-</span> <span class='ocrx_word' id='word_1_465' title='bbox 1848 1321 2032 1343; x_wconf 37' lang='lat' dir='ltr'>nea-astutiam-</span> 
     </span>
     <span class='ocr_line' id='line_1_90' title="bbox 1093 1348 2031 1395; baseline 0 -9"><span class='ocrx_word' id='word_1_466' title='bbox 1093 1365 1157 1387; x_wconf 88' lang='lat' dir='ltr'>rum</span> <span class='ocrx_word' id='word_1_467' title='bbox 1179 1356 1353 1386; x_wconf 87' lang='lat' dir='ltr'>observetur</span> <span class='ocrx_word' id='word_1_468' title='bbox 1375 1356 1406 1386; x_wconf 92' lang='lat' dir='ltr'>in</span> <span class='ocrx_word' id='word_1_469' title='bbox 1431 1356 1599 1386; x_wconf 87' lang='lat' dir='ltr'>definitorio</span> <span class='ocrx_word' id='word_1_470' title='bbox 1627 1356 1704 1395; x_wconf 87' lang='lat' dir='ltr'>quod</span> <span class='ocrx_word' id='word_1_471' title='bbox 1727 1348 1900 1395; x_wconf 57' lang='lat' dir='ltr'>stabili-2335</span> <span class='ocrx_word' id='word_1_472' title='bbox 1922 1349 2031 1375; x_wconf 63' lang='lat' dir='ltr'>⁵¹¹ffi³⁸&#39;⁰&#39;</span> 
     </span>
     <span class='ocr_line' id='line_1_91' title="bbox 1094 1404 1458 1445; baseline -0.005 -9"><span class='ocrx_word' id='word_1_473' title='bbox 1094 1410 1153 1436; x_wconf 88' lang='lat' dir='ltr'>tum</span> <span class='ocrx_word' id='word_1_474' title='bbox 1179 1409 1222 1436; x_wconf 90' lang='lat' dir='ltr'>est</span> <span class='ocrx_word' id='word_1_475' title='bbox 1245 1414 1296 1445; x_wconf 89' lang='lat' dir='ltr'>pro</span> <span class='ocrx_word' id='word_1_476' title='bbox 1319 1404 1458 1444; x_wconf 87' lang='lat' dir='ltr'>capitulo.</span> 
     </span>
    </p>

    <p class='ocr_par' dir='ltr' id='par_1_25' title="bbox 1132 1453 2033 1493">
     <span class='ocr_line' id='line_1_92' title="bbox 1132 1453 2033 1493; baseline 0.007 -10"><span class='ocrx_word' id='word_1_477' title='bbox 1132 1463 1218 1484; x_wconf 74' lang='lat' dir='ltr'>xxxv.</span> <span class='ocrx_word' id='word_1_478' title='bbox 1242 1454 1323 1490; x_wconf 85' lang='lat' dir='ltr'>Quod</span> <span class='ocrx_word' id='word_1_479' title='bbox 1346 1454 1370 1484; x_wconf 89' lang='lat' dir='ltr'>si</span> <span class='ocrx_word' id='word_1_480' title='bbox 1393 1453 1581 1493; x_wconf 87' lang='lat' dir='ltr'>provincialis</span> <span class='ocrx_word' id='word_1_481' title='bbox 1604 1453 1731 1490; x_wconf 83' lang='lat' dir='ltr'>deficiat,</span> <span class='ocrx_word' id='word_1_482' title='bbox 1755 1457 1783 1484; x_wconf 89' lang='lat' dir='ltr'>et</span> <span class='ocrx_word' id='word_1_483' title='bbox 1805 1454 1838 1484; x_wconf 89' lang='lat' dir='ltr'>il·</span> <span class='ocrx_word' id='word_1_484' title='bbox 1875 1466 1974 1488; x_wconf 52' lang='lat' dir='ltr'>ramum</span> <span class='ocrx_word' id='word_1_485' title='bbox 1994 1469 2033 1489; x_wconf 68' lang='lat' dir='ltr'>en-</span> 
     </span>
    </p>
   </div>
   <div class='ocr_carea' id='block_1_20' title="bbox 1092 1494 2033 1543">
    <p class='ocr_par' dir='ltr' id='par_1_26' title="bbox 1092 1494 2033 1543">
     <span class='ocr_line' id='line_1_93' title="bbox 1092 1494 2033 1543; baseline 0.004 -11"><span class='ocrx_word' id='word_1_486' title='bbox 1092 1503 1147 1533; x_wconf 85' lang='lat' dir='ltr'>lius</span> <span class='ocrx_word' id='word_1_487' title='bbox 1170 1503 1300 1533; x_wconf 83' lang='lat' dir='ltr'>osticium</span> <span class='ocrx_word' id='word_1_488' title='bbox 1324 1512 1510 1543; x_wconf 89' lang='lat' dir='ltr'>quocumque</span> <span class='ocrx_word' id='word_1_489' title='bbox 1532 1502 1616 1532; x_wconf 89' lang='lat' dir='ltr'>titulo</span> <span class='ocrx_word' id='word_1_490' title='bbox 1640 1506 1732 1541; x_wconf 82' lang='lat' dir='ltr'>vacet,</span> <span class='ocrx_word' id='word_1_491' title='bbox 1767 1494 2033 1542; x_wconf 48' lang='grc' dir='ltr'>ἀρῆ-ῗξζ’1ἶζῃ,5ξ“ζζζζῖζ</span> 
     </span>
    </p>
   </div>
   <div class='ocr_carea' id='block_1_21' title="bbox 1069 1551 1836 1591">
    <p class='ocr_par' dir='ltr' id='par_1_27' title="bbox 1069 1551 1836 1591">
     <span class='ocr_line' id='line_1_94' title="bbox 1069 1551 1836 1591; baseline 0.001 -10"><span class='ocrx_word' id='word_1_492' title='bbox 1069 1569 1070 1574; x_wconf 65' lang='lat'>=</span> <span class='ocrx_word' id='word_1_493' title='bbox 1092 1552 1232 1582; x_wconf 90' lang='lat' dir='ltr'>nitorium</span> <span class='ocrx_word' id='word_1_494' title='bbox 1257 1551 1437 1591; x_wconf 87' lang='lat' dir='ltr'>provinciale</span> <span class='ocrx_word' id='word_1_495' title='bbox 1459 1551 1613 1591; x_wconf 89' lang='lat' dir='ltr'>(praeside</span> <span class='ocrx_word' id='word_1_496' title='bbox 1636 1552 1836 1591; x_wconf 81' lang='lat' dir='ltr'>designando,</span> 
     </span>
    </p>
   </div>
   <div class='ocr_carea' id='block_1_22' title="bbox 1091 1601 2032 2084">
    <p class='ocr_par' dir='ltr' id='par_1_28' title="bbox 1091 1601 1837 1877">
     <span class='ocr_line' id='line_1_95' title="bbox 1092 1601 1836 1641; baseline 0.003 -11"><span class='ocrx_word' id='word_1_497' title='bbox 1092 1601 1136 1631; x_wconf 89' lang='lat' dir='ltr'>vel</span> <span class='ocrx_word' id='word_1_498' title='bbox 1160 1601 1256 1641; x_wconf 87' lang='lat' dir='ltr'>potins</span> <span class='ocrx_word' id='word_1_499' title='bbox 1279 1601 1451 1639; x_wconf 83' lang='lat' dir='ltr'>designato,</span> <span class='ocrx_word' id='word_1_500' title='bbox 1477 1610 1528 1640; x_wconf 89' lang='lat' dir='ltr'>pro</span> <span class='ocrx_word' id='word_1_501' title='bbox 1551 1610 1619 1631; x_wconf 88' lang='lat' dir='ltr'>casu</span> <span class='ocrx_word' id='word_1_502' title='bbox 1645 1610 1659 1630; x_wconf 90' lang='lat' dir='ltr'>a</span> <span class='ocrx_word' id='word_1_503' title='bbox 1687 1601 1836 1641; x_wconf 87' lang='lat' dir='ltr'>superiore</span> 
     </span>
     <span class='ocr_line' id='line_1_96' title="bbox 1091 1650 1836 1689; baseline 0 -9"><span class='ocrx_word' id='word_1_504' title='bbox 1091 1650 1245 1689; x_wconf 84' lang='lat' dir='ltr'>generali)</span> <span class='ocrx_word' id='word_1_505' title='bbox 1279 1653 1307 1680; x_wconf 88' lang='lat' dir='ltr'>et</span> <span class='ocrx_word' id='word_1_506' title='bbox 1339 1650 1410 1680; x_wconf 87' lang='lat' dir='ltr'>socii</span> <span class='ocrx_word' id='word_1_507' title='bbox 1444 1650 1573 1680; x_wconf 86' lang='lat' dir='ltr'>actuales</span> <span class='ocrx_word' id='word_1_508' title='bbox 1595 1659 1702 1680; x_wconf 88' lang='lat' dir='ltr'>novum</span> <span class='ocrx_word' id='word_1_509' title='bbox 1726 1650 1836 1689; x_wconf 85' lang='lat' dir='ltr'>eligant</span> 
     </span>
     <span class='ocr_line' id='line_1_97' title="bbox 1091 1699 1837 1739; baseline 0 -10"><span class='ocrx_word' id='word_1_510' title='bbox 1091 1699 1275 1738; x_wconf 88' lang='lat' dir='ltr'>superiorem</span> <span class='ocrx_word' id='word_1_511' title='bbox 1300 1699 1478 1738; x_wconf 82' lang='lat' dir='ltr'>provinciae,</span> <span class='ocrx_word' id='word_1_512' title='bbox 1497 1699 1546 1738; x_wconf 91' lang='lat' dir='ltr'>qui</span> <span class='ocrx_word' id='word_1_513' title='bbox 1562 1699 1696 1729; x_wconf 85' lang='lat' dir='ltr'>minister</span> <span class='ocrx_word' id='word_1_514' title='bbox 1719 1699 1837 1739; x_wconf 85' lang='lat' dir='ltr'>provin-</span> 
     </span>
     <span class='ocr_line' id='line_1_98' title="bbox 1091 1748 1835 1786; baseline 0 -8"><span class='ocrx_word' id='word_1_515' title='bbox 1091 1749 1174 1779; x_wconf 90' lang='lat' dir='ltr'>cialis</span> <span class='ocrx_word' id='word_1_516' title='bbox 1208 1749 1395 1786; x_wconf 90' lang='lat' dir='ltr'>nominetur,</span> <span class='ocrx_word' id='word_1_517' title='bbox 1420 1753 1448 1778; x_wconf 88' lang='lat' dir='ltr'>et</span> <span class='ocrx_word' id='word_1_518' title='bbox 1480 1748 1560 1778; x_wconf 90' lang='lat' dir='ltr'>illius</span> <span class='ocrx_word' id='word_1_519' title='bbox 1589 1748 1718 1778; x_wconf 78' lang='lat' dir='ltr'>officium</span> <span class='ocrx_word' id='word_1_520' title='bbox 1741 1748 1835 1778; x_wconf 89' lang='lat' dir='ltr'>solum</span> 
     </span>
     <span class='ocr_line' id='line_1_99' title="bbox 1091 1797 1837 1837; baseline -0.001 -9"><span class='ocrx_word' id='word_1_521' title='bbox 1091 1797 1177 1828; x_wconf 86' lang='lat' dir='ltr'>duret</span> <span class='ocrx_word' id='word_1_522' title='bbox 1199 1807 1292 1837; x_wconf 86' lang='lat' dir='ltr'>nsque</span> <span class='ocrx_word' id='word_1_523' title='bbox 1314 1798 1349 1827; x_wconf 84' lang='lat' dir='ltr'>ad</span> <span class='ocrx_word' id='word_1_524' title='bbox 1372 1797 1575 1827; x_wconf 87' lang='lat' dir='ltr'>immediatum</span> <span class='ocrx_word' id='word_1_525' title='bbox 1592 1797 1752 1836; x_wconf 85' lang='lat' dir='ltr'>capitulum</span> <span class='ocrx_word' id='word_1_526' title='bbox 1770 1806 1837 1837; x_wconf 87' lang='lat' dir='ltr'>pro-</span> 
     </span>
     <span class='ocr_line' id='line_1_100' title="bbox 1092 1846 1228 1877; baseline 0 -1"><span class='ocrx_word' id='word_1_527' title='bbox 1092 1846 1228 1877; x_wconf 87' lang='lat' dir='ltr'>vinciale.</span> 
     </span>
    </p>

    <p class='ocr_par' dir='ltr' id='par_1_29' title="bbox 1092 1896 2032 2084">
     <span class='ocr_line' id='line_1_101' title="bbox 1132 1896 2031 1936; baseline 0.002 -11"><span class='ocrx_word' id='word_1_528' title='bbox 1132 1904 1230 1926; x_wconf 81' lang='lat' dir='ltr'>xxxvl.</span> <span class='ocrx_word' id='word_1_529' title='bbox 1254 1896 1335 1931; x_wconf 78' lang='lat' dir='ltr'>Quod</span> <span class='ocrx_word' id='word_1_530' title='bbox 1367 1896 1535 1926; x_wconf 88' lang='lat' dir='ltr'>definitores</span> <span class='ocrx_word' id='word_1_531' title='bbox 1569 1896 1764 1936; x_wconf 83' lang='lat' dir='ltr'>provinciales</span> <span class='ocrx_word' id='word_1_532' title='bbox 1786 1897 1836 1927; x_wconf 83' lang='lat' dir='ltr'>ha·</span> <span class='ocrx_word' id='word_1_533' title='bbox 1860 1907 2031 1927; x_wconf 46' lang='lat' dir='ltr'>Detur-odwinu-</span> 
     </span>
     <span class='ocr_line' id='line_1_102' title="bbox 1092 1935 2032 1987; baseline 0.001 -12"><span class='ocrx_word' id='word_1_534' title='bbox 1092 1945 1185 1975; x_wconf 90' lang='lat' dir='ltr'>bitent</span> <span class='ocrx_word' id='word_1_535' title='bbox 1215 1946 1246 1975; x_wconf 92' lang='lat' dir='ltr'>in</span> <span class='ocrx_word' id='word_1_536' title='bbox 1280 1945 1474 1975; x_wconf 89' lang='lat' dir='ltr'>conventibus</span> <span class='ocrx_word' id='word_1_537' title='bbox 1509 1955 1578 1975; x_wconf 87' lang='lat' dir='ltr'>suae</span> <span class='ocrx_word' id='word_1_538' title='bbox 1614 1946 1784 1985; x_wconf 85' lang='lat' dir='ltr'>provinciae</span> <span class='ocrx_word' id='word_1_539' title='bbox 1821 1935 2032 1987; x_wconf 43' lang='lat' dir='ltr'>assffssjiiississtssssssssfssssss</span> 
     </span>
     <span class='ocr_line' id='line_1_103' title="bbox 1093 1990 1908 2034; baseline 0.001 -10"><span class='ocrx_word' id='word_1_540' title='bbox 1093 1993 1324 2034; x_wconf 84' lang='lat' dir='ltr'>provincialibus</span> <span class='ocrx_word' id='word_1_541' title='bbox 1347 1993 1529 2033; x_wconf 81' lang='lat' dir='ltr'>designatis,</span> <span class='ocrx_word' id='word_1_542' title='bbox 1555 2003 1706 2034; x_wconf 85' lang='lat' dir='ltr'>nunquam</span> <span class='ocrx_word' id='word_1_543' title='bbox 1740 1990 1908 2025; x_wconf 70' lang='lat' dir='ltr'>tatilen&#39;⁰¹¹¹¹·</span> 
     </span>
     <span class='ocr_line' id='line_1_104' title="bbox 1093 2042 1837 2084; baseline 0.001 -11"><span class='ocrx_word' id='word_1_544' title='bbox 1093 2047 1231 2084; x_wconf 84' lang='lat' dir='ltr'>poterunt</span> <span class='ocrx_word' id='word_1_545' title='bbox 1265 2051 1328 2073; x_wconf 88' lang='lat' dir='ltr'>esse</span> <span class='ocrx_word' id='word_1_546' title='bbox 1362 2042 1460 2082; x_wconf 87' lang='lat' dir='ltr'>plures</span> <span class='ocrx_word' id='word_1_547' title='bbox 1493 2052 1581 2083; x_wconf 89' lang='lat' dir='ltr'>quam</span> <span class='ocrx_word' id='word_1_548' title='bbox 1603 2043 1660 2073; x_wconf 92' lang='lat' dir='ltr'>duo</span> <span class='ocrx_word' id='word_1_549' title='bbox 1683 2043 1711 2073; x_wconf 92' lang='lat' dir='ltr'>in</span> <span class='ocrx_word' id='word_1_550' title='bbox 1735 2043 1837 2074; x_wconf 85' lang='lat' dir='ltr'>eodem</span> 
     </span>
    </p>
   </div>
   <div class='ocr_carea' id='block_1_23' title="bbox 1068 2091 1835 2132">
    <p class='ocr_par' dir='ltr' id='par_1_30' title="bbox 1068 2091 1835 2132">
     <span class='ocr_line' id='line_1_105' title="bbox 1068 2091 1835 2132; baseline -0.001 -8"><span class='ocrx_word' id='word_1_551' title='bbox 1068 2099 1070 2106; x_wconf 81' lang='grc'><em>’</em></span> <span class='ocrx_word' id='word_1_552' title='bbox 1091 2097 1238 2124; x_wconf 81' lang='lat' dir='ltr'>conventu</span> <span class='ocrx_word' id='word_1_553' title='bbox 1263 2092 1306 2122; x_wconf 86' lang='lat' dir='ltr'>vel</span> <span class='ocrx_word' id='word_1_554' title='bbox 1330 2091 1472 2130; x_wconf 85' lang='lat' dir='ltr'>collegio,</span> <span class='ocrx_word' id='word_1_555' title='bbox 1501 2092 1558 2122; x_wconf 90' lang='lat' dir='ltr'>nisi</span> <span class='ocrx_word' id='word_1_556' title='bbox 1581 2102 1632 2132; x_wconf 90' lang='lat' dir='ltr'>per</span> <span class='ocrx_word' id='word_1_557' title='bbox 1654 2092 1741 2123; x_wconf 87' lang='lat' dir='ltr'>breve</span> <span class='ocrx_word' id='word_1_558' title='bbox 1764 2097 1835 2123; x_wconf 93' lang='lat' dir='ltr'>tem-</span> 
     </span>
    </p>
   </div>
   <div class='ocr_carea' id='block_1_24' title="bbox 1091 2141 1838 2374">
    <p class='ocr_par' dir='ltr' id='par_1_31' title="bbox 1091 2141 1838 2329">
     <span class='ocr_line' id='line_1_106' title="bbox 1092 2141 1837 2183; baseline -0.001 -10"><span class='ocrx_word' id='word_1_559' title='bbox 1092 2153 1157 2183; x_wconf 88' lang='lat' dir='ltr'>pus,</span> <span class='ocrx_word' id='word_1_560' title='bbox 1175 2146 1202 2172; x_wconf 88' lang='lat' dir='ltr'>et</span> <span class='ocrx_word' id='word_1_561' title='bbox 1224 2141 1404 2182; x_wconf 87' lang='lat' dir='ltr'>ubicumque</span> <span class='ocrx_word' id='word_1_562' title='bbox 1421 2141 1541 2179; x_wconf 80' lang='lat' dir='ltr'>suerint,</span> <span class='ocrx_word' id='word_1_563' title='bbox 1561 2142 1681 2172; x_wconf 88' lang='lat' dir='ltr'>sedeant</span> <span class='ocrx_word' id='word_1_564' title='bbox 1698 2147 1759 2182; x_wconf 89' lang='lat' dir='ltr'>post</span> <span class='ocrx_word' id='word_1_565' title='bbox 1784 2142 1837 2172; x_wconf 88' lang='lat' dir='ltr'>mi-</span> 
     </span>
     <span class='ocr_line' id='line_1_107' title="bbox 1091 2190 1838 2230; baseline -0.001 -8"><span class='ocrx_word' id='word_1_566' title='bbox 1091 2192 1238 2228; x_wconf 87' lang='lat' dir='ltr'>nistrum,</span> <span class='ocrx_word' id='word_1_567' title='bbox 1263 2190 1320 2220; x_wconf 89' lang='lat' dir='ltr'>nisi</span> <span class='ocrx_word' id='word_1_568' title='bbox 1350 2199 1489 2230; x_wconf 85' lang='lat' dir='ltr'>praesens</span> <span class='ocrx_word' id='word_1_569' title='bbox 1516 2190 1604 2220; x_wconf 86' lang='lat' dir='ltr'>suerit</span> <span class='ocrx_word' id='word_1_570' title='bbox 1626 2191 1762 2221; x_wconf 89' lang='lat' dir='ltr'>definitor</span> <span class='ocrx_word' id='word_1_571' title='bbox 1788 2200 1838 2229; x_wconf 85' lang='lat' dir='ltr'>ge-</span> 
     </span>
     <span class='ocr_line' id='line_1_108' title="bbox 1091 2239 1837 2280; baseline -0.001 -9"><span class='ocrx_word' id='word_1_572' title='bbox 1091 2241 1213 2279; x_wconf 71' lang='lat' dir='ltr'>uerutis,</span> <span class='ocrx_word' id='word_1_573' title='bbox 1238 2241 1289 2280; x_wconf 92' lang='lat' dir='ltr'>qui</span> <span class='ocrx_word' id='word_1_574' title='bbox 1312 2240 1422 2270; x_wconf 76' lang='lat' dir='ltr'>eisdem</span> <span class='ocrx_word' id='word_1_575' title='bbox 1445 2239 1649 2270; x_wconf 90' lang='lat' dir='ltr'>definitoribus</span> <span class='ocrx_word' id='word_1_576' title='bbox 1673 2240 1837 2280; x_wconf 86' lang='lat' dir='ltr'>provincia-</span> 
     </span>
     <span class='ocr_line' id='line_1_109' title="bbox 1092 2289 1475 2329; baseline -0.003 -9"><span class='ocrx_word' id='word_1_577' title='bbox 1092 2290 1169 2321; x_wconf 89' lang='lat' dir='ltr'>libus</span> <span class='ocrx_word' id='word_1_578' title='bbox 1192 2290 1360 2329; x_wconf 83' lang='lat' dir='ltr'>praesidere</span> <span class='ocrx_word' id='word_1_579' title='bbox 1379 2289 1475 2319; x_wconf 86' lang='lat' dir='ltr'>debet.</span> 
     </span>
    </p>

    <p class='ocr_par' dir='ltr' id='par_1_32' title="bbox 1132 2338 1837 2374">
     <span class='ocr_line' id='line_1_110' title="bbox 1132 2338 1837 2374; baseline 0.003 -5"><span class='ocrx_word' id='word_1_580' title='bbox 1132 2348 1241 2369; x_wconf 80' lang='lat' dir='ltr'>xxxvn.</span> <span class='ocrx_word' id='word_1_581' title='bbox 1275 2339 1358 2374; x_wconf 84' lang='lat' dir='ltr'>Quod</span> <span class='ocrx_word' id='word_1_582' title='bbox 1382 2339 1406 2368; x_wconf 87' lang='lat' dir='ltr'>si</span> <span class='ocrx_word' id='word_1_583' title='bbox 1429 2338 1457 2368; x_wconf 90' lang='lat' dir='ltr'>in</span> <span class='ocrx_word' id='word_1_584' title='bbox 1482 2343 1626 2369; x_wconf 87' lang='lat' dir='ltr'>conventu</span> <span class='ocrx_word' id='word_1_585' title='bbox 1660 2349 1718 2370; x_wconf 90' lang='lat' dir='ltr'>non</span> <span class='ocrx_word' id='word_1_586' title='bbox 1749 2340 1837 2371; x_wconf 78' lang='lat' dir='ltr'>suerit</span> 
     </span>
    </p>
   </div>
   <div class='ocr_carea' id='block_1_25' title="bbox 1070 2387 1836 2427">
    <p class='ocr_par' dir='ltr' id='par_1_33' title="bbox 1070 2387 1836 2427">
     <span class='ocr_line' id='line_1_111' title="bbox 1070 2387 1836 2427; baseline 0.003 -9"><span class='ocrx_word' id='word_1_587' title='bbox 1070 2388 1243 2425; x_wconf 57' lang='lat' dir='ltr'>,minister‚</span> <span class='ocrx_word' id='word_1_588' title='bbox 1264 2387 1354 2417; x_wconf 87' lang='lat' dir='ltr'>suerit</span> <span class='ocrx_word' id='word_1_589' title='bbox 1388 2392 1485 2417; x_wconf 90' lang='lat' dir='ltr'>tamen</span> <span class='ocrx_word' id='word_1_590' title='bbox 1518 2397 1635 2426; x_wconf 86' lang='lat' dir='ltr'>praeses</span> <span class='ocrx_word' id='word_1_591' title='bbox 1667 2388 1836 2427; x_wconf 83' lang='lat' dir='ltr'>designatus</span> 
     </span>
    </p>
   </div>
   <div class='ocr_carea' id='block_1_26' title="bbox 1092 2436 1836 2626">
    <p class='ocr_par' dir='ltr' id='par_1_34' title="bbox 1092 2436 1836 2626">
     <span class='ocr_line' id='line_1_112' title="bbox 1093 2436 1836 2477; baseline 0.003 -10"><span class='ocrx_word' id='word_1_592' title='bbox 1093 2447 1143 2477; x_wconf 91' lang='lat' dir='ltr'>per</span> <span class='ocrx_word' id='word_1_593' title='bbox 1166 2436 1348 2477; x_wconf 89' lang='lat' dir='ltr'>superiorem</span> <span class='ocrx_word' id='word_1_594' title='bbox 1372 2436 1539 2474; x_wconf 84' lang='lat' dir='ltr'>generalem</span> <span class='ocrx_word' id='word_1_595' title='bbox 1569 2437 1611 2466; x_wconf 76' lang='lat' dir='ltr'>vel</span> <span class='ocrx_word' id='word_1_596' title='bbox 1641 2437 1704 2467; x_wconf 89' lang='lat' dir='ltr'>eius</span> <span class='ocrx_word' id='word_1_597' title='bbox 1734 2438 1836 2469; x_wconf 86' lang='lat' dir='ltr'>defini-</span> 
     </span>
     <span class='ocr_line' id='line_1_113' title="bbox 1093 2484 1836 2526; baseline 0.003 -10"><span class='ocrx_word' id='word_1_598' title='bbox 1093 2486 1212 2522; x_wconf 81' lang='lat' dir='ltr'>torium,</span> <span class='ocrx_word' id='word_1_599' title='bbox 1230 2485 1292 2524; x_wconf 90' lang='lat' dir='ltr'>ipse</span> <span class='ocrx_word' id='word_1_600' title='bbox 1312 2493 1431 2523; x_wconf 88' lang='lat' dir='ltr'>praeses</span> <span class='ocrx_word' id='word_1_601' title='bbox 1447 2494 1548 2514; x_wconf 87' lang='lat' dir='ltr'>omnes</span> <span class='ocrx_word' id='word_1_602' title='bbox 1563 2484 1732 2516; x_wconf 88' lang='lat' dir='ltr'>definitores</span> <span class='ocrx_word' id='word_1_603' title='bbox 1751 2496 1836 2526; x_wconf 87' lang='lat' dir='ltr'>prae-</span> 
     </span>
     <span class='ocr_line' id='line_1_114' title="bbox 1092 2533 1833 2572; baseline 0.003 -6"><span class='ocrx_word' id='word_1_604' title='bbox 1092 2535 1195 2566; x_wconf 86' lang='lat' dir='ltr'>cedere</span> <span class='ocrx_word' id='word_1_605' title='bbox 1216 2533 1301 2564; x_wconf 88' lang='lat' dir='ltr'>debet</span> <span class='ocrx_word' id='word_1_606' title='bbox 1322 2533 1398 2563; x_wconf 87' lang='lat' dir='ltr'>sicut</span> <span class='ocrx_word' id='word_1_607' title='bbox 1420 2533 1577 2572; x_wconf 82' lang='lat' dir='ltr'>minister,</span> <span class='ocrx_word' id='word_1_608' title='bbox 1609 2539 1713 2566; x_wconf 84' lang='lat' dir='ltr'>neuter</span> <span class='ocrx_word' id='word_1_609' title='bbox 1736 2540 1833 2568; x_wconf 86' lang='lat' dir='ltr'>tamen</span> 
     </span>
     <span class='ocr_line' id='line_1_115' title="bbox 1093 2581 1632 2626; baseline 0.004 -12"><span class='ocrx_word' id='word_1_610' title='bbox 1093 2583 1260 2626; x_wconf 85' lang='lat' dir='ltr'>praesidere</span> <span class='ocrx_word' id='word_1_611' title='bbox 1284 2581 1395 2615; x_wconf 86' lang='lat' dir='ltr'>eisdem</span> <span class='ocrx_word' id='word_1_612' title='bbox 1416 2581 1632 2616; x_wconf 63' lang='lat' dir='ltr'>definitoribus</span> 
     </span>
    </p>
   </div>
  </div>
 </body>
</html>
