2182 3137
32 249 95 276 Ἀ11.
115 247 145 277 C.
168 245 235 275 ¹733

74 1164 155 1186 Causae
170 1164 233 1186 eden·

51 1191 92 1212 dae
145 1192 234 1213 hunisco

51 1219 211 1240 declarationis-

853 246 994 272 CLEMENS
1020 247 1067 272 xit
1091 248 1140 273 PP.
1168 246 1170 249 '

241 294 335 340 prilis
352 305 554 338 nnccxxxm,
580 295 785 340 pontificatus
805 296 907 329 nostri
927 307 983 330 an-

242 359 285 383 no
311 359 360 384 111.

277 412 340 439 Dat.
362 411 406 439 die
428 411 460 440 10
479 412 573 449 aprilis
595 411 674 446 1733,
696 411 795 448 pontis.
817 419 888 438 anno
909 417 947 439 111.

526 466 560 500 F.
587 467 677 501 eard.
704 465 890 500 OLtvEnius.

532 618 692 651 Lxxxlx.

243 688 363 723 Ordini
386 690 530 734 fratrum
565 689 836 723 Praedicatorum
869 688 984 730 confir-

286 748 397 778 matur
420 743 562 787 facultas
593 743 780 777 celebrandi
810 743 984 787 processio-

286 808 341 830 nes
374 797 432 831 SS.
468 798 619 841 Corporis
652 797 778 832 Christi
801 801 829 830 et
854 797 985 830 Rosarz'i

286 851 328 884 B.
354 850 482 884 Mariae
510 850 658 893 Virginis
674 878 681 891 ,
708 861 782 883 cum
814 849 985 892 confirma-

288 904 374 938 tione
398 905 512 938 Brevis
535 904 706 939 Clementis
729 903 814 937 VIII
834 908 861 937 et
887 903 986 937 Bene-

287 957 368 991 dicti
392 957 491 998 XIII,
515 957 603 1002 quod
624 957 842 991 declaratur¹.

456 1040 591 1067 Clemens
612 1040 693 1074 Papa
711 1039 777 1074 XII,

385 1086 422 1114 ad
441 1085 577 1113 futuram
596 1085 641 1113 rei
656 1084 843 1112 memoriam.

290 1156 304 1201 ἓ
328 1156 360 1189 1.
388 1156 483 1197 Cum,
510 1157 593 1189 sicut
624 1156 828 1200 accepimus,
855 1155 915 1189 etsi
948 1166 985 1189 ex

245 1208 318 1252 ipso
338 1213 451 1242 tenore
469 1207 712 1241 constitutionis
729 1213 872 1247 nostrae,
890 1206 985 1240 tertio

246 1262 399 1296 kalendas
425 1262 550 1306 aprilis,
570 1273 654 1295 anno
672 1261 908 1295 Incarnationis
929 1261 987 1294 Do-

246 1315 384 1349 minicae
409 1325 594 1356 nnccxxxn,
622 1326 703 1359 quae
729 1315 845 1359 incipit
869 1315 987 1348 Roma-

244 1380 307 1403 nus
332 1370 494 1413 Pontifex,
514 1374 583 1412 etc„
609 1371 843 1414 promulgatae,
863 1369 988 1413 perspi-

246 1434 304 1457 cue
330 1424 579 1467 luculenterque
604 1428 770 1467 appareat,
797 1433 855 1466 per
880 1422 988 1456 mode·

247 1477 406 1511 rationem
432 1488 449 1510 a
474 1477 568 1510 nobis
595 1476 674 1510 inibi
692 1476 886 1517 adhibitam,
905 1486 987 1509 non-

246 1531 306 1565 nisi
333 1532 371 1565 ad
399 1531 553 1565 terminos
586 1531 664 1564 iuris
697 1531 859 1564 redactam
887 1529 987 1563 fuisse

247 1584 333 1618 inter
357 1585 420 1618 alia
445 1584 714 1618 constitutionem
747 1584 849 1618 felicis
876 1594 985 1617 recor-

247 1638 387 1672 dationis
418 1638 584 1672 Benedicti
611 1638 669 1671 PP.
698 1638 763 1671 xttl
797 1637 988 1681 praedeees-

247 1692 331 1726 soris
356 1693 469 1733 nostri,
490 1693 579 1725 cuius
596 1692 724 1726 initium
740 1698 788 1726 est
804 1692 983 1731 Pretiosus,

247 1750 316 1789 etc.,
342 1757 427 1779 anno
454 1746 598 1780 eiusdem
624 1746 860 1779 Incarnationis
885 1745 986 1779 domi-

247 1800 339 1833 nicae
363 1809 548 1841 noccxxvn,
576 1811 620 1834 vit
653 1800 807 1834 kalendas
832 1799 929 1839 iunii,
956 1809 988 1832 e-

247 1859 418 1894 mannaim,
445 1854 581 1898 eiusque
607 1854 842 1888 declarationes
868 1864 903 1886 116
923 1853 989 1897 pri-

248 1906 366 1950 vilegia
391 1907 462 1948 illa,
496 1908 636 1951 gratias,
675 1908 818 1949 favores,
844 1907 988 1947 indulta,

250 1961 489 2004 exemptiones,
509 1961 677 1995 facultates
692 1967 724 1995 et
737 1961 988 2001 declarationes

250 2026 331 2059 quae
356 2015 478 2049 ibidem
507 2015 618 2049 Ordini
651 2016 784 2049 fratrum
818 2015 988 2049 Praedica-

250 2074 357 2102 torum
384 2069 422 2103 de
448 2080 530 2104 novo
557 2080 710 2103 concessa
728 2070 877 2110 fuerunt,
904 2069 990 2102 nibi-

249 2122 392 2156 lominus
418 2123 530 2167 aliqui,
552 2123 819 2158 constitutionem
845 2129 988 2157 nostram

249 2176 379 2210 sinistre
405 2188 442 2211 ac
475 2188 570 2211 secus
598 2189 692 2222 quam
726 2189 784 2222 par
813 2183 860 2211 est
892 2178 991 2211 inter-

249 2237 426 2276 pretantes,
452 2232 623 2276 plerasque
650 2233 722 2267 lites
750 2238 781 2266 et
805 2238 991 2266 controver—

250 2284 313 2318 sias
350 2285 501 2319 l'ratribus
542 2286 717 2330 praedictis
757 2285 919 2319 moverint
958 2285 989 2318 in

251 2339 390 2372 diversis
415 2339 495 2373 locis
520 2350 556 2373 ac
582 2339 811 2379 tribunalibus,
835 2350 892 2383 per
913 2350 992 2383 quas

251 2393 420 2436 privilegia
434 2398 466 2427 et
484 2394 732 2438 praerogativas,
751 2393 868 2438 quibus
893 2394 991 2427 iidem

251 2447 376 2488 fratres,
400 2447 592 2491 priusquam
626 2448 695 2492 ipsa
720 2447 909 2481 constitutio
935 2448 993 2481 Be-

252 2501 372 2535 nedicti
392 2501 652 2544 praedecessoris
671 2507 844 2543 emanaret,
864 2512 901 2535 ex
922 2501 994 2535 aliis

252 2555 406 2599 legitimis
432 2555 534 2588 titulis
559 2561 592 2589 et
624 2555 890 2590 concessionibus
917 2566 994 2599 apo-

1661 235 1721 271 491

1027 307 1125 339 gnare
1152 296 1351 337 adnituntur,
1372 296 1545 340 dictusque
1570 294 1654 329 Ordo
1675 304 1766 338 prae-

1027 349 1121 393 cipue
1162 356 1295 385 vexetur
1331 350 1502 384 occasione
1534 348 1765 383 celebrationis

1027 403 1162 437 duarum
1199 405 1470 448 processionum,
1496 403 1766 448 publicarumque

1025 457 1313 500 supplicationum,
1339 457 1534 491 sanctissimi
1560 467 1679 499 nempe
1705 455 1764 488 Eu-

1027 510 1199 544 charistiae
1218 511 1425 551 sacramenti,
1449 522 1485 545 ac
1504 511 1628 544 Rosarii
1649 511 1683 543 B,
1706 509 1768 542 Ma-

1027 564 1093 598 riae
1120 565 1275 608 Virginis,
1302 566 1427 599 tametsi
1453 566 1540 599 illam
1573 564 1766 598 sanctissimi

1027 618 1248 652 Eucharistiae
1288 619 1481 652 sacramenti
1518 619 1569 652 die
1605 618 1768 652 dominica

1028 671 1111 705 infra
1136 678 1279 706 octavam
1312 673 1466 716 Corporis
1493 673 1611 706 Christi
1638 684 1655 705 a
1680 682 1769 705 reco-

1027 726 1144 759 lendae
1169 726 1346 759 memoriae
1369 727 1425 759 Pio
1439 727 1462 759 Y
1477 732 1508 760 et
1523 727 1689 760 Clemente
1706 724 1769 757 Ylll

1028 779 1182 813 Romanis
1220 780 1431 814 Pontificibus
1463 779 1769 826 praedecessoribus

1028 834 1168 874 nostris,
1195 834 1281 868 iuxta
1307 834 1453 868 eiusdem
1478 833 1651 868 Clementis
1678 843 1771 877 prae-

1030 888 1212 922 decessoris
1246 888 1298 921 die
1331 897 1388 922 1111
1423 888 1530 921 martii
1556 897 1703 927 unxcvn,
1730 887 1771 920 al·

1030 948 1130 976 teram
1162 953 1236 976 vero
1274 942 1399 976 Rosarii
1426 942 1460 975 Β.
1488 941 1606 975 Mariae
1631 940 1771 984 Virginis

1030 996 1192 1030 dominica
1216 996 1322 1039 prima
1347 995 1490 1029 octobris
1515 995 1555 1029 ab
1573 995 1644 1038 ipso
1670 995 1772 1027 Bene-

1030 1050 1115 1084 dicto
1141 1050 1394 1094 praedecessore
1427 1059 1486 1093 per
1514 1059 1586 1082 suas
1621 1048 1673 1082 die
1701 1059 1715 1079 x
1743 1059 1771 1080 a·

1030 1103 1124 1147 prilis
1148 1113 1296 1138 iinccxxv
1331 1103 1364 1136 111
1396 1102 1496 1136 simili
1522 1103 1625 1136 forma
1663 1101 1771 1134 Brevis

1031 1157 1215 1200 respective
1258 1157 1425 1201 expeditas
1464 1156 1606 1198 litteras,
1644 1164 1771 1188 necnon

1030 1211 1285 1245 declarationem
1323 1210 1374 1244 die
1409 1220 1483 1244 xviii
1509 1209 1578 1243 iulii
1613 1218 1772 1244 nnccxxvt

1031 1265 1171 1308 desuper
1210 1265 1343 1304 editam,
1382 1263 1555 1307 quotannis
1592 1261 1772 1306 peragendi

1030 1318 1164 1352 facultas
1199 1319 1304 1352 eidem
1340 1317 1451 1351 Ordini
1489 1317 1610 1350 diserte
1647 1315 1773 1349 indulta

1032 1371 1139 1412 suerit,
1166 1371 1312 1415 adeoque
1338 1376 1411 1405 ante
1437 1375 1649 1404 memoratam
1671 1369 1773 1402 Bene-

1031 1425 1107 1458 dicti
1133 1425 1397 1470 praedecessoris
1423 1423 1712 1462 constitutionem,
1739 1422 1772 1455 in

1031 1490 1094 1524 qua
1107 1479 1241 1523 eiusque
1260 1478 1535 1513 declarationibus
1554 1477 1666 1510 Ordini
1681 1487 1773 1520 prae-

1031 1532 1117 1566 dicto
1144 1532 1224 1566 nibil
1250 1533 1390 1576 amplius
1422 1532 1506 1566 circa
1531 1532 1611 1565 duas
1637 1540 1771 1575 proees-

1031 1587 1139 1620 siones
1166 1586 1326 1630 praefatas
1362 1585 1532 1626 tribuitur,
1560 1595 1655 1629 quam
1688 1584 1775 1628 quod

1031 1640 1092 1673 iam
1118 1644 1212 1673 antea
1237 1650 1296 1683 per
1329 1639 1462 1672 eosdem
1489 1639 1597 1679 Pium,
1623 1637 1774 1671 Clemen-

1032 1702 1094 1729 tem
1121 1699 1152 1727 et
1177 1693 1387 1727 Benedictum
1421 1693 1694 1737 praedecessores
1729 1697 1776 1725 at-

1030 1748 1187 1781 tributum
1213 1747 1331 1788 suerat·,
1358 1751 1390 1779 et
1415 1746 1489 1790 quia
1514 1756 1605 1779 mens
1628 1750 1659 1779 et
1676 1745 1777 1778 inten-

1033 1803 1076 1836 tio
1101 1807 1210 1835 nostra
1235 1811 1301 1835 non
1334 1805 1402 1841 est,
1430 1811 1490 1833 nec
1523 1810 1668 1843 unquam
1695 1799 1776 1839 suit,

1033 1856 1156 1900 gratiis,
1182 1855 1328 1896 indultis,
1355 1853 1620 1898 exemptionibus
1646 1858 1676 1886 et
1712 1852 1777 1896 pri-

1032 1910 1158 1953 vilegiis
1194 1909 1280 1942 dicto
1306 1908 1417 1942 Ordini
1445 1908 1579 1941 fratrum
1606 1906 1775 1940 Praedica-

1035 1970 1139 1997 torum
1165 1968 1238 1996 ante
1264 1968 1447 1996 enarratam
1484 1961 1650 1995 Benedicti
1682 1971 1775 2004 prae-

1033 2016 1216 2050 decessoris
1262 2015 1527 2049 constitutionem
1577 2013 1742 2047 concessis
1766 2039 1772 2053 ,

1033 2070 1222 2115 praesertim
1249 2074 1400 2113 respectu
1433 2069 1570 2102 duarum
1596 2067 1777 2112 processio-

1034 2136 1111 2159 num
1137 2123 1334 2163 buiusmodi,
1367 2123 1500 2167 aliquod
1534 2122 1583 2155 vel
1608 2122 1775 2155 minimum

1035 2188 1191 2222 generare
1227 2176 1484 2220 praeiudicium:
1512 2176 1588 2210 binc
1614 2182 1662 2209 est
1687 2175 1776 2219 quod

1035 2243 1118 2272 nos,
1146 2232 1217 2265 lites
1244 2236 1276 2265 ct
1305 2230 1543 2264 controversias
1574 2230 1734 2274 praefatas
1760 2239 1777 2263 6

1035 2286 1144 2319 medio
1181 2285 1316 2325 tollere,
1351 2295 1528 2327 carumque
1554 2283 1774 2324 occasionem,

1036 2345 1069 2373 et
1093 2338 1228 2383 quodvis
1254 2338 1341 2372 aliud
1367 2338 1400 2371 in
1426 2338 1616 2381 praemissis
1641 2337 1778 2381 impedi-

1036 2399 1181 2426 mentum
1212 2391 1404 2425 submovere
1436 2391 1624 2435 cupientes,
1649 2401 1779 2425 necnon

1036 2447 1189 2481 Ordinem
1215 2452 1247 2479 et
1272 2446 1386 2479 fratres
1412 2445 1601 2489 praedictos
1627 2445 1779 2489 speciali-

1036 2501 1096 2534 bus
1123 2500 1285 2534 savoribus
1306 2505 1337 2533 et
1353 2499 1464 2542 gratiis
1490 2499 1641 2542 prosequi
1669 2500 1780 2533 volen-

1038 2561 1096 2597 tes,
1121 2555 1264 2598 ipsorum
1291 2554 1425 2586 fratrum
1461 2553 1642 2596 singulares
1660 2563 1781 2601 *perso-

252 2608 373 2643 stolicis
404 2608 630 2653 potiebantur,
656 2609 791 2653 aggredi
824 2614 856 2642 et
891 2619 995 2653 oppu-
1037 2620 1094 2642 nas
1134 2619 1152 2641 a
1192 2607 1362 2652 quibusvis
1406 2606 1777 2648 excommunicationis,

289 2673 301 2700 1
322 2671 534 2701 Constitutiones
555 2671 598 2702 liic
617 2671 741 2701 laudatas
760 2671 821 2707 lege
841 2679 892 2701 suo
909 2671 980 2701 loco.
999 2696 1001 2698 ,
1039 2662 1265 2707 suspensionis
1298 2668 1329 2697 et
1353 2660 1537 2704 interdicti,
1563 2661 1702 2706 aliisque
1729 2673 1781 2696 CC-

1775 243 1824 270 Α11.
1847 241 1959 270 c.1733

1815 2182 1935 2204 nerianum
1945 2183 1971 2205 ito

1787 2217 1829 2237 qna
1843 2218 1861 2231 111
1878 2214 1971 2232 rubrica.
