2182 3137
42 258 90 285 An.
105 256 134 282 C.
156 254 224 282 ¹734

233 304 292 337 bus
314 306 517 349 praemissis,
544 316 670 339 necnon
697 305 861 349 quibusvis
886 314 970 337 con-

236 358 456 392 stitutionibus
481 365 510 392 et
535 359 791 392 ordinationibus
820 358 971 401 apostoli·

237 412 293 453 cis,
311 413 491 456 ceterisque
510 413 681 446 contrariis
699 412 968 456 quibuscumque.

269 475 366 501 Datum
388 475 497 508 Romae,
519 475 590 512 apud
611 475 636 502 S.
659 476 779 509 Petrum,
800 474 851 501 snb
870 473 970 501 annulo

236 518 390 553 piscatoris,
410 520 454 547 die
473 527 538 547 xxm
559 520 711 548 novembris
731 526 838 552 uncvu,
860 519 970 554 pontifi-

235 567 311 590 catus
331 564 415 591 nostri
440 573 509 592 anno
529 571 567 592 111.

57 635 188 656 Innocentius
199 635 225 656 XI

122 663 125 665 Α
280 627 294 670 ἓ
320 627 352 660 4.
380 627 588 660 Postmodum
614 627 761 670 pluribus
787 637 823 660 ex
846 625 970 658 debito-

42 662 136 709 ξιθοοιῖἶζὲι
156 668 223 709 ciffi}
235 679 324 712 ribus
352 680 618 713 communitatum
643 680 709 713 sive
726 679 969 712 universitatum

42 717 133 736 tutioues
145 718 166 736 et
180 716 224 735 chi-

41 742 149 767 rogi-apha
178 748 223 762 esse
236 732 431 773 huiusmodi,
457 735 633 777 praecipue
659 733 895 773 ecclesiasticis,
918 737 971 765 aut

42 769 224 831 {Ziltff‘lssssffil
235 785 304 818 aliis
329 786 538 829 privilegiatis
564 787 728 830 personis,
755 796 888 819 suorum
907 785 971 829 pri-

42 822 426 882 iffinff⁰¹¹⁸³¹³⁸vilegiorum
462 846 631 883 praetextu
664 850 735 873 sese
769 840 808 873 ab
835 850 970 873 onerum

235 893 356 926 eisdem
380 894 669 926 communitatibus
702 894 887 926 debitorum
920 903 971 926 so-

234 946 355 980 lutione
380 957 514 990 prorsus
540 946 648 987 eximi,
676 952 729 979 aut
750 948 863 980 saltem
881 947 969 979 illam

233 999 400 1032 retardare
425 1000 638 1040 studentibus,
659 1006 691 1033 et
707 1005 881 1044 propterea
900 1011 971 1033 cau-

234 1063 284 1086 sas
320 1053 516 1086 solutionem
541 1054 739 1097 praedictam
771 1064 970 1088 concernen-

233 1111 283 1139 tes
307 1107 347 1139 ad
372 1107 450 1139 alias
470 1106 746 1150 Congregationes
765 1107 892 1151 aliaque
917 1108 971 1140 tri-

234 1160 366 1194 bunalia
391 1160 485 1194 Urbis
511 1161 745 1202 deserentibus,
774 1161 970 1194 recolendae

234 1215 412 1248 memoriae
437 1215 643 1249 Innocentius
668 1216 753 1259 Papa
778 1216 838 1255 XI,
874 1215 969 1249 etiam

235 1269 472 1312 praedecessor
495 1276 614 1309 noster,
641 1280 701 1313 pro
727 1280 760 1302 re
782 1269 969 1302 huiusmodi

235 1323 447 1356 examinanda
483 1329 514 1356 et
545 1323 730 1357 definienda
763 1324 968 1367 praecipuam

234 1375 527 1420 Congrcgationem
553 1388 590 1410 ex
616 1378 720 1411 dictae
746 1377 776 1410 S.
794 1377 830 1410 R.
847 1377 881 1410 E.
904 1388 971 1410 car-

236 1429 391 1463 dinalium
415 1430 709 1474 Congregationum
734 1441 832 1473 super
856 1430 971 1463 immu-

235 1482 335 1516 nitate
360 1484 580 1517 ecclesiastica
604 1489 636 1517 et
662 1484 865 1516 decretorum
891 1483 971 1516 Con-

236 1537 300 1570 cilii
336 1538 517 1571 Tridentini
552 1538 767 1582 interpretum
803 1549 839 1571 ac
875 1549 971 1582 super

236 1591 529 1624 consultationibus
554 1591 783 1635 episcoporum
820 1596 851 1624 et
876 1602 971 1634 regu-

235 1643 350 1676 larium
378 1654 505 1677 necnon
532 1645 610 1677 Boni
630 1644 807 1687 Regiminis
827 1644 970 1677 eiusdem

236 1696 265 1730 S.
283 1697 319 1730 R.
340 1697 374 1730 E.
394 1698 610 1731 cardinalibus
636 1697 808 1741 praesectis
829 1698 971 1731 illarum-

236 1761 297 1794 que
322 1751 502 1784 secretariis
527 1751 749 1794 deputaverit;
776 1756 808 1784 et
832 1751 971 1794 Congre-

236 1804 321 1846 gatio
346 1804 393 1837 sic
418 1804 573 1848 deputata
598 1804 794 1845 huiusmodi,
821 1806 920 1838 semel
940 1810 971 1838 et

236 1856 351 1890 iterum
377 1857 510 1898 habita,
534 1868 633 1890 unum
658 1858 810 1892 videlicet
834 1858 893 1891 sub
919 1859 970 1892 die

236 1921 267 1945 ιν
292 1911 473 1944 decembris
497 1912 573 1944 anni
598 1911 722 1945 Domini
748 1922 903 1953 MDCLxxx,
922 1923 971 1945 cu-

237 1965 287 1997 ius
311 1969 404 1998 tenor
428 1969 493 1997 est:
519 1977 531 1996 α
550 1964 660 2003 Quoad
679 1975 778 1998 onera
798 1966 971 1999 cameralia

238 2018 394 2052 solvenda
433 2019 472 2051 ab
510 2019 736 2052 ecclesiasticis
757 2047 763 2059 ,
801 2026 971 2052 serventur

238 2071 485 2104 constitutiones
518 2076 549 2104 et
580 2071 801 2116 chirographa
831 2084 971 2106 summo-

238 2135 308 2157 rum
334 2124 534 2165 Pontificum,
555 2131 651 2168 prout
668 2126 788 2166 iacent,
808 2131 839 2159 et
863 2126 969 2169 quoad

239 2188 350 2212 eorum
369 2179 669 2223 interpretationem
687 2185 717 2212 et
735 2180 970 2219 executio-nem,

239 2232 278 2265 ad
294 2232 585 2276 Congregationem
602 2233 682 2266 Boni
700 2233 876 2277 Regiminis
896 2246 923 2274 »;
941 2239 971 2266 et

239 2287 377 2320 alterum
414 2288 544 2321 decreta
576 2288 680 2331 (quae
710 2293 827 2331 postea
852 2288 890 2321 ab
918 2299 971 2321 eo-

240 2340 311 2373 dem
325 2340 514 2374 Innocentio
528 2341 780 2384 praedecessore
793 2341 971 2385 approbata

240 2394 349 2437 suere)
375 2394 432 2427 sub
458 2394 509 2427 die
533 2405 572 2427 xv
598 2394 731 2428 ianuarii
768 2395 969 2438 insequentis

240 2447 315 2480 anni
329 2457 486 2481 mnchxx1
500 2447 660 2481 ediderit:
680 2448 901 2481 secundodicti
921 2449 971 2481 dc-

241 2501 320 2534 creti
347 2505 440 2534 tenor
465 2506 513 2534 est
537 2511 696 2544 sequens:
728 2514 740 2532 α
761 2501 873 2540 Quoad
897 2512 971 2535 onc-

241 2564 275 2587 ra
291 2554 563 2594 communitativa,
584 2554 649 2588 suis
675 2555 746 2587 loco
773 2560 803 2587 et
829 2560 971 2598 tempore

242 2608 468 2653 exprimenda,
497 2609 732 2642 ecclesiasticos
758 2618 822 2642 non
848 2610 969 2650 teneri,

240 2662 294 2696 ubi
311 2667 485 2708 suppetunt
507 2663 673 2696 facultates
691 2662 969 2705 communitatum2

844 255 986 280 CLEMENS
1012 255 1058 279 XII
1082 256 1131 280 1³1².

1643 247 1706 281 597
1753 257 1844 283 amc.
1869 257 1935 284 1734

1017 310 1046 337 et
1063 305 1286 348 providebitur
1304 305 1334 338 in
1353 305 1477 338 casibus
1497 306 1748 349 particularibus

1017 368 1073 400 per
1089 368 1209 391 sacram
1224 358 1509 402 Congregationem
1525 359 1601 392 Boni
1617 359 1750 401 Regimi-

1015 411 1081 451 nis;
1101 411 1233 444 clericos
1251 413 1452 454 coniugales,
1472 413 1567 446 etiam
1590 414 1748 446 habentes

1015 464 1170 506 requisita
1207 475 1276 508 cap.
1304 466 1396 499 11De
1420 466 1487 498 vilei
1523 471 1551 498 e!
1585 467 1748 499 honestate

1015 517 1203 550 clericorum
1230 518 1260 550 in
1284 529 1328 558 vr,
1355 525 1386 551 et
1411 520 1491 552 sacri
1518 520 1651 554 Concilii
1681 520 1748 552 'rri-

1015 570 1161 611 dcntini,
1199 572 1301 604 teneri
1328 573 1366 604 ad
1393 573 1499 605 omnia
1526 584 1624 606 onera
1649 574 1749 607 realia

1015 629 1045 656 et
1070 624 1177 663 mixta,
1205 625 1263 657 nisi
1290 631 1402 658 contra
1428 637 1486 668 pro
1514 627 1559 659 eis
1587 627 1669 659 adsit
1707 628 1750 660 le-

1016 676 1124 719 gitima
1150 678 1366 718 consuetudo;
1394 689 1456 721 quo
1481 690 1556 712 vero
1582 681 1620 712 ad
1640 690 1750 712 eorum

1017 729 1233 763 interventum
1260 731 1289 763 in
1316 732 1476 771 consiliis,
1501 733 1749 776 supplicandum

1016 793 1086 815 csse
1106 783 1292 816 Beatissimo
1309 789 1341 815 ut
1358 783 1517 816 Ordinarii
1537 785 1747 828 prohibeant,

1017 841 1077 868 tam
1104 836 1238 869 clericos
1263 836 1403 869 caelibes
1430 848 1522 880 quam
1550 838 1748 881 coniilgatOS‚

1016 889 1177 922 habentes
1209 890 1394 932 supradicta
1419 891 1592 934 requisita,
1620 902 1689 924 esse
1711 892 1750 924 de

1016 942 1172 981 consilio,
1210 942 1268 975 nisi
1305 943 1450 986 legitime
1487 945 1752 978 renunciaverint

1015 997 1185 1040 privilegio
1211 997 1381 1031 clericatus
1409 1010 1439 1030 »:

1058 1052 1072 1094 ἓ
1097 1051 1129 1084 5.
1156 1051 1286 1084 Demum
1312 1053 1456 1085 eiusdem
1493 1053 1565 1096 piae
1603 1052 1751 1086 recorda-
1772 1090 1775 1093 ,
1799 1064 1828 1084 Ab
1845 1064 1945 1084 innocen.

1016 1105 1111 1139 tionis
1136 1106 1344 1138 Innocentius
1370 1106 1454 1150 Papa
1480 1107 1530 1139 XII
1558 1107 1750 1150 praedeces-
1762 1090 1944 1141 iisssxiiffi'ifflss

1761 1145 1810 1163 tuoni
1830 1144 1944 1163 ‹tenuanda-

1015 1169 1068 1192 sor
1087 1165 1208 1199 noster,
1227 1159 1388 1202 deputata,
1410 1171 1471 1203 pro
1490 1161 1700 1193 renovatione
1719 1167 1942 1196 ettunnemuenw-

1015 1213 1236 1246 declaratione
1262 1214 1505 1246 constitutionis
1530 1214 1603 1257 piae
1629 1197 1943 1247 memo-23i¹s³1i1¹.‘f.¹','¹ssi'c''.‘'

1014 1267 1079 1300 riae
1105 1267 1181 1300 Sixti
1208 1267 1312 1310 Papae
1339 1267 1370 1306 V,
1394 1267 1543 1300 similiter
1563 1268 1750 1311 praedeces-

1015 1321 1094 1354 soris
1131 1320 1253 1360 nostri,
1280 1319 1476 1353 erectionem
1503 1321 1645 1364 plurium
1670 1320 1751 1353 Con-

1014 1375 1239 1418 gregationuin
1266 1375 1369 1408 dietae
1387 1374 1418 1407 S.
1432 1375 1468 1407 R.
1485 1375 1519 1407 E.
1540 1374 1750 1408 cardinalium

1014 1429 1229 1469 continentis,
1256 1429 1441 1472 particulari
1466 1430 1608 1473 plurium
1634 1429 1751 1463 Roma-

1014 1494 1074 1516 nae
1099 1483 1210 1516 Curiae
1238 1484 1455 1526 praelatorum
1480 1483 1748 1526 Congregationc,

1015 1538 1180 1570 decretum
1207 1537 1293 1570 illius
1320 1537 1371 1569 die
1397 1547 1426 1570 lx
1451 1537 1581 1580 augusti
1599 1538 1673 1570 anni
1692 1538 1752 1570 Do-

1015 1590 1092 1623 mini
1126 1600 1268 1623 uncxcui
1298 1596 1504 1630 emanatum,
1529 1589 1615 1634 quo¹
1641 1601 1750 1623 causas

1014 1644 1215 1688 supradictas
1242 1649 1354 1676 contra
1372 1653 1606 1687 quoscumque,
1625 1655 1751 1678 necnon

1015 1697 1262 1741 appellationeS,
1289 1697 1547 1738 reclamationes,
1570 1702 1624 1730 aut
1641 1708 1751 1731 recur-

1015 1761 1066 1784 sus
1092 1761 1188 1794 super
1212 1750 1398 1793 praemissis
1424 1751 1576 1784 omuibus
1606 1751 1751 1794 interpo-

1015 1805 1160 1846 nendos,
1198 1815 1234 1837 ac
1258 1804 1479 1847 cognitionem
1506 1805 1750 1848 privilegiorum

1015 1864 1046 1891 et
1070 1858 1319 1902 exemptionum,
1345 1868 1383 1890 an
1406 1858 1460 1891 illa
1477 1857 1749 1901 suffragarentur,

1015 1917 1110 1955 atque
1136 1921 1283 1950 onerum,
1308 1921 1347 1943 an
1369 1911 1422 1943 illa
1441 1916 1548 1944 essent
1566 1912 1749 1953 cameralia,

1015 1964 1280 1998 communicativa
1312 1965 1360 1997 vel
1394 1964 1511 2003 mixta,
1539 1970 1685 2007 spectare
1710 1964 1750 1996 ad

1014 2018 1308 2061 Congregationcm
1334 2018 1413 2050 Boni
1440 2017 1619 2060 Regiminis
1643 2018 1747 2060 priva-

1016 2072 1076 2105 tive
1102 2072 1208 2115 quoad
1235 2081 1347 2104 omnes
1365 2071 1443 2104 alias
1465 2072 1748 2114 Congregationes,

1015 2126 1135 2159 iudices
1161 2131 1192 2158 et
1218 2125 1413 2165 tribunalia,
1440 2125 1564 2158 etiamsi
1599 2131 1750 2168 ageretur

1015 2181 1053 2213 de
1076 2179 1226 2223 personis
1252 2183 1282 2212 et
1299 2179 1376 2211 locis
1395 2179 1623 2212 ecclesiasticis
1647 2189 1749 2223 quan-

1016 2232 1130 2265 tumvis
1157 2231 1313 2275 exemptis
1340 2237 1371 2264 et
1392 2231 1603 2275 privilegiatis
1624 2243 1660 2265 ae
1681 2243 1750 2276 spc-

1015 2287 1084 2319 ciali
1112 2288 1187 2319 nota
1212 2286 1327 2328 (lignis,
1355 2287 1414 2318 sub
1441 2286 1551 2318 eadem
1578 2286 1628 2319 die
1646 2296 1677 2319 Jx
1695 2298 1750 2319 au-

1015 2341 1097 2383 gusti
1113 2340 1359 2383 approbaverit:
1380 2339 1537 2382 particula
1552 2345 1658 2372 autem
1674 2340 1749 2372 dieti

1016 2395 1150 2434 decreti,
1176 2393 1434 2426 iurisdictionem
1459 2393 1643 2436 praedictae
1669 2393 1749 2428 Con-

1015 2448 1211 2492 gregationis
1236 2446 1314 2480 Boni
1340 2446 1516 2489 Regiminis
1538 2457 1748 2488 concernens,

1015 2507 1064 2535 est
1095 2512 1254 2546 sequens,
1281 2500 1446 2533 videlicet:
1478 2514 1490 2531 κμ
1524 2500 1560 2533 Et
1594 2502 1748 2544 quoniam

1015 2559 1087 2598 post
1112 2555 1259 2588 eamdem
1279 2559 1407 2586 sanctae
1432 2554 1607 2587 memoriae
1631 2554 1708 2587 Sixti
1726 2554 1748 2586 V

1014 2607 1278 2641 constitutionem
1304 2606 1520 2650 Congregatio
1549 2606 1623 2640 Boni
1654 2606 1747 2651 Regi-

1051 2672 1062 2698 1
1084 2670 1161 2699 Deest
1176 2670 1288 2697 verbum
1303 2669 1412 2698 censuit
1428 2669 1468 2697 vel
1484 2670 1585 2698 statuit
1599 2670 1636 2707 (a.
1653 2671 1700 2707 τ.),
