2182 3137
203 274 258 302 ‘An-
277 273 308 302 C.
322 273 392 302 1732
437 264 502 298 454

241 1827 329 1848 Sanctio
347 1832 398 1853 poe-

214 1854 275 1876 natis.

397 322 576 366 specialiter
603 325 633 354 et
659 329 808 363 expresse
837 328 872 351 ac
896 318 1081 362 plenissime
1099 322 1129 351 et

398 374 596 418 amplissime
633 373 826 415 derogamus
866 382 901 405 ac
937 371 1128 413 derogatum

398 438 468 462 esse
493 429 638 460 volumus
657 432 688 459 et
705 425 893 458 mandamus
910 437 918 466 ;
945 424 1128 467 ceterisque

399 481 567 515 contrariis
594 481 860 524 quibuscumque.

380 553 387 566 s
442 535 456 578 ἓ
480 534 534 568 30.
561 535 711 567 Volumus
736 543 865 576 quoque
897 537 928 565 el
952 531 1130 575 apostolica

217 578 588 622 ''25¹‘'mtf'flTauctoiitate
610 588 825 626 decernimus,
857 586 914 619 has
936 591 1060 618 nostras
1081 585 1129 618 lit-

207 635 222 648 Π
267 634 280 674 ἶ
307 634 335 647 “⁴
355 634 387 647 ω’
400 647 483 674 teras
507 641 538 674 in
565 641 712 674 libellum
740 640 853 682 redigi,
879 639 1015 682 aliisque
1042 647 1132 681 prae-

401 695 607 727 decessorum
633 699 815 727 nostrorum
837 691 1132 729 constitutionibus,

401 758 483 792 quae
510 748 540 780 in
567 748 667 790 prima
699 746 953 789 congregatione
988 743 1131 786 generali

401 807 476 845 post
501 801 663 834 decessum
690 799 860 838 pontificis,
894 804 925 831 et
958 797 1076 831 deinde
1102 796 1132 828 in

401 855 545 888 conclavi
570 854 731 896 leguntur,
753 852 892 894 adiungi,
915 861 949 884 ac
976 853 1037 883 una
1062 860 1132 882 cum

402 909 446 942 eis
473 908 545 951 legi,
568 918 693 940 necnon
713 907 926 939 iuramentum
952 915 968 937 a
994 902 1134 936 cardina-

402 963 485 995 libus
511 962 549 995 de
571 961 692 994 eisdem
725 959 842 993 nostris
875 957 990 992 litteris
1022 957 1135 990 obser-

402 1017 513 1049 vandis
540 1015 650 1051 emitti,
670 1019 767 1057 prout
788 1022 918 1055 quoque
944 1011 1015 1044 illas
1040 1009 1134 1042 simul

403 1080 473 1103 cum
512 1068 604 1101 dictis
639 1065 922 1100 constitutionibus
963 1065 1135 1106 quimerno

403 1121 619 1154 Cancellariae
646 1119 849 1163 Apostolicae
869 1117 1020 1157 adscribi,
1041 1122 1136 1159 atque

403 1175 442 1208 ad
468 1175 572 1207 valvas
597 1173 751 1206 ecclesiae
784 1170 1007 1204 Lateranensis
1023 1196 1030 1210 ,
1055 1168 1138 1201 basi-

404 1229 484 1262 licae
509 1227 665 1270 Principis
691 1226 939 1270 Apostolorum,
968 1224 1136 1265 dictaeque

404 1282 621 1315 Cancellariae
651 1286 682 1313 et
713 1280 744 1312 in
770 1279 836 1311 acie
860 1277 1072 1321 Campissorae
1098 1275 1136 1307 de

403 1334 489 1368 Urbe
521 1333 704 1378 publicari;
738 1333 885 1365 volentes
919 1331 1015 1363 etiam
1050 1328 1137 1372 quod

404 1388 547 1432 ipsarum
579 1386 797 1431 praesentium
835 1386 1014 1418 litterarum
1053 1388 1138 1415 tran-

405 1442 554 1485 sumptiS‚
573 1452 628 1474 seu
647 1440 814 1483 exemplis,
838 1439 933 1472 etiam
957 1437 1137 1480 impressis,

406 1506 501 1529 manu
526 1495 660 1528 alieuius
695 1493 812 1526 notarii
850 1491 969 1536 publici
1003 1490 1140 1523 subscri-

407 1550 470 1594 ptis
495 1555 527 1582 et
551 1549 658 1591 sigillo
684 1557 843 1591 personae
869 1546 899 1578 in
922 1544 1138 1578 ecclesiastica

408 1603 564 1646 dignitate
605 1602 794 1635 constitutae
834 1599 987 1639 munitis,
1027 1597 1139 1630 eadem

407 1666 541 1700 prorsus
566 1655 645 1688 sides
671 1655 702 1687 in
728 1653 846 1686 iudicio
883 1657 914 1685 et
949 1656 1035 1684 extra
1062 1649 1141 1682 illud

408 1709 612 1748 adhibeatur,
628 1718 709 1751 quae
723 1705 950 1750 praesentibus
965 1704 1042 1748 ipsis
1055 1702 1143 1735 adhi-

407 1763 541 1795 beretur
559 1761 584 1794 si
611 1761 715 1794 forent
733 1758 894 1792 exhibitae
912 1758 961 1790 vel
979 1762 1139 1789 ostensae.

453 1815 541 1860 331.
569 1814 653 1847 Nulli
690 1823 768 1856 ergo
804 1811 937 1845 omnino
976 1809 1142 1843 hominum

409 1869 504 1902 liceat,
528 1867 679 1911 paginam
706 1867 788 1898 lianc
811 1871 992 1898 nostrorum
1026 1862 1143 1896 confir-

408 1921 570 1960 mationis,
610 1918 863 1963 approbationis,
899 1915 1141 1955 admonitionis,

410 1974 614 2013 hortationis,
625 1973 863 2011 mandatorum,
881 1975 1143 2014 praeceptorum,

409 2029 626 2068 decretorum,
652 2029 852 2064 statutorum,
889 2023 1142 2061 ordinationum,

409 2080 665 2125 suppressioniS,
692 2077 914 2118 extinctionis,
940 2075 1142 2114 abolitionis,

409 2133 650 2177 prohibitionis,
668 2130 839 2165 voluntatis
866 2136 898 2163 et
922 2128 1142 2172 derogationis

409 2187 600 2230 intringere,
624 2187 672 2219 vel
698 2185 726 2218 ei
753 2195 829 2218 ausu
867 2183 1038 2216 temerario
1073 2192 1142 2215 con-

411 2241 536 2281 traire3
572 2240 598 2272 si
638 2239 719 2283 quis.
744 2244 849 2271 autem
888 2237 950 2270 hoc
988 2240 1143 2269 attentare

409 2292 674 2339 praesumpserit,
708 2291 963 2334 indignationem
996 2288 1144 2332 omnipo-

410 2348 507 2381 tentis
539 2347 593 2379 Dei
628 2356 663 2378 ac
690 2345 857 2378 beatorum
885 2343 967 2376 Petri
1000 2349 1032 2375 et
1056 2341 1143 2374 Pauli

411 2401 632 2445 apostolorum
647 2399 716 2432 eius
733 2409 767 2431 se
791 2396 916 2431 noverit
929 2395 1144 2428 incursurum.

453 2455 566 2488 Datum
592 2454 727 2493 Romae,
756 2451 840 2495 apud
872 2450 903 2484 S.
930 2449 1059 2482 Mariam
1085 2448 1146 2480 Ma-

411 2509 534 2549 iorem,
567 2518 653 2541 anno
692 2503 925 2540 lucarnationis
963 2502 1145 2536 dominicae

971 269 1152 294 nummum
1175 267 1327 293 Romnum

1347 313 1396 364 ᾖ
1421 312 1508 350 EGO
1535 309 1738 349 CLEMENS

1200 392 1421 420 CATHOLICAE
1449 390 1643 417 necessust:
1671 387 1874 416 muscopus,

1214 686 1218 696 ‘
1246 687 1272 725 C
1297 674 1341 753 ,ss
1363 687 1492 753 scj‘fus
1513 617 1576 801 ᾖ
1611 685 1750 750 5ἴί““ῑ]3Ἰ

1292 761 1295 771 s
1344 744 1535 797 remus,
1600 742 1752 776 mutus

1179 1241 1197 1277 ἦ.

1179 1291 1196 1326 ,ἰ-

1179 1340 1196 1376 †

1218 1339 1279 1377 Ego
1306 1338 1410 1369 Petrus
1439 1338 1593 1379 episcopus
1616 1338 1798 1369 Tusculanus
1825 1337 1919 1368 cardi-

1260 1387 1335 1418 nalis
1357 1387 1529 1425 Ottobonus‚
1553 1388 1583 1419 S.
1609 1389 1644 1419 R.
1670 1388 1702 1418 E.
1727 1386 1918 1418 vice-cancel-

1260 1436 1361 1476 tarius,
1385 1437 1535 1477 promitto,
1560 1447 1649 1468 voveo
1672 1441 1701 1468 et
1722 1437 1797 1468 iuro.

1182 1536 1200 1571 ,ἰ-

1183 1585 1200 1621 †
1223 1584 1280 1622 Ego
1303 1584 1464 1615 Ludovicus
1487 1585 1639 1624 episcopus
1661 1583 1835 1615 Albanensis
1856 1592 1919 1614 car-

1263 1634 1368 1664 dinalis
1390 1634 1485 1671 Picus,
1509 1634 1658 1674 promitto,
1682 1637 1738 1664 etc.

1184 1684 1202 1720 †
1224 1683 1282 1721 Ego
1304 1682 1325 1712 1.
1353 1683 1387 1713 R.
1415 1683 1491 1713 tituli
1524 1684 1553 1712 S.
1578 1682 1726 1713 Laurentii
1758 1682 1787 1712 in
1810 1681 1921 1712 Lucina

1265 1730 1419 1770 presbyter
1441 1731 1595 1761 cardinalis
1611 1731 1784 1770 imperialis,
1802 1735 1858 1761 etc.

1184 1782 1201 1817 -ῐ-
1223 1780 1280 1818 Ego
1306 1779 1328 1810 1.
1357 1780 1391 1810 A.
1426 1781 1582 1810 cardinalis
1614 1780 1690 1810 tituli
1724 1782 1754 1810 S.
1777 1779 1856 1810 Petri
1882 1779 1917 1810 ad

1265 1828 1384 1858 Vincula
1408 1828 1557 1868 presbyter
1572 1829 1607 1858 dc
1623 1829 1686 1865 Via,
1707 1832 1762 1858 etc.

1185 1879 1203 1913 †
1225 1877 1283 1915 Ego
1312 1877 1346 1907 A.
1371 1878 1400 1907 F.
1436 1877 1513 1907 tituli
1545 1877 1574 1907 S.
1599 1877 1736 1906 Praxedis
1770 1876 1920 1917 presbyter

1266 1928 1296 1956 S.
1315 1927 1349 1956 P..
1367 1926 1397 1956 E.
1415 1926 1570 1956 cardinalis
1587 1926 1759 1965 Zondadari,
1783 1930 1839 1956 etc.

1185 1977 1203 2012 †
1225 1975 1283 2013 Ego
1306 1975 1336 2005 P.
1360 1975 1396 2004 M.
1421 1975 1498 2004 tituli
1521 1974 1549 2005 S.
1574 1975 1678 2005 Mariae
1700 1973 1917 2014 Transtyberim

1264 2024 1294 2053 S.
1320 2024 1354 2054 P..
1382 2024 1413 2054 E.
1440 2023 1590 2063 presbyter
1611 2024 1767 2054 cardinalis
1788 2022 1922 2054 Corradi-

1266 2083 1331 2112 nus,
1355 2076 1410 2103 etc.

1185 2123 1204 2308 -i--t--i-t-

1225 2270 1283 2309 Ego
1306 2270 1424 2300 Curtius
1447 2270 1522 2300 tituli
1551 2268 1579 2299 S.
1602 2267 1748 2299 Eustachii
1770 2267 1799 2298 S.
1823 2268 1858 2298 R.
1882 2267 1915 2298 Ε.

1266 2319 1416 2359 presbyter
1438 2318 1594 2349 cardinalis
1622 2317 1739 2356 Origus,
1762 2321 1820 2348 etc.

1187 2369 1206 2552 -i-i--i-t-

411 2572 594 2602 »iucem-mi,
619 2571 650 2595 1v
674 2570 775 2593 nonas
800 2556 953 2597 octobris,
979 2555 1147 2600 pontifica-
1188 2567 1205 2603 τ
1226 2566 1286 2604 Ego
1308 2565 1443 2596 Nicotaus
1464 2565 1541 2596 tituli
1563 2564 1606 2596 Ss.
1634 2563 1718 2595 Nerei
1748 2566 1776 2594 et
1797 2562 1922 2593 Achillei

413 2620 463 2650 tus
488 2616 588 2648 nostri
615 2624 699 2647 anno
727 2622 774 2649 111.

1267 2614 1372 2646 S.R.E.
1391 2614 1540 2656 presbyter
1552 2614 1707 2645 cardinalis
1718 2613 1851 2653 Spinula‚
1865 2616 1920 2642 etc.

448 2677 510 2705 Dat.
527 2678 575 2705 die
589 2678 606 2706 5
619 2676 656 2713 (t)
672 2676 791 2706 octobris
807 2675 886 2710 1732,
901 2673 1005 2712 pontif.
1021 2679 1093 2701 anno
1108 2677 1146 2700 111.
1188 2666 1206 2703 †

1908 258 1958 287 Αιι.
1979 257 2008 287 C.
2026 257 2093 288 ¹732

2163 1775 2182 1919 l
