2182 3137
71 215 124 246 Au.
150 215 179 243 C.
198 214 266 243 1734

899 215 1040 240 CLEMENS
1065 217 1108 241 xtt
1132 217 1180 241 FP.

1701 208 1764 242 585

269 263 454 297 versitatum
473 263 654 307 dispendio,
670 263 776 296 statim
795 263 878 296 intra
897 263 1010 296 decem
1032 266 1033 290 l
1055 256 1301 298 universitatum
1334 266 1476 299 archivio
1509 272 1714 306 asservetur,
1742 266 1799 298 sed

269 316 338 349 dies
363 316 402 349 ab
428 316 528 360 ipsius
555 316 751 359 receptionis
769 316 820 349 die
842 327 1011 349 numeran-

270 369 336 409 dOS,
363 369 408 402 sic
434 369 547 408 revisa,
573 370 756 412 approbata
782 374 814 401 ct
838 376 1009 410 correcta,

269 423 309 455 ad
326 422 510 465 praedictas
535 422 786 455 conununitates
807 432 863 454 scu
883 422 1011 455 univer·
1032 428 1033 434 ¹

269 475 380 508 sitates
405 475 598 508 remittatur.

311 528 462 561 Districtc
488 534 593 561 autem
626 528 812 562 inhibemus
846 527 903 560 sub
929 528 1010 561 indi-

269 581 432 623 gnationis
469 587 600 614 nostrae
639 587 669 614 et
709 581 779 614 aliis
812 581 1010 623 gravissimis

268 640 382 667 nostro
409 639 440 667 et
465 645 689 667 successorum
719 640 902 667 nostrorum
930 634 1032 666 arbi-³

271 688 330 721 trio
355 688 562 731 imponendis
588 688 724 731 poenis,
750 697 790 720 ue
816 698 876 730 pro
902 687 1009 730 sigillo

267 743 315 774 vel
331 752 390 784 pro
405 741 574 784 scriptura,
589 742 710 780 charta,
723 746 914 779 atramento,
926 742 1008 780 cera,
1031 769 1032 780 ,

268 795 409 838 capsula,
425 795 579 834 cordulis,
606 794 716 827 aliisve
742 793 861 834 rebus,
888 793 925 826 ad
954 785 1032 839 ¹¹¹¹·ss

266 847 405 880 jusmodi
431 847 670 890 expeditionem
686 846 933 890 pertinentibus,
952 857 1007 879 seu
1031 855 1032 873 ἓ

266 911 326 943 pro
352 901 465 934 labore
491 907 546 933 aut
571 900 750 943 regalibus,
777 900 942 944 quidpiam
969 911 1007 933 ne
1031 923 1032 927 ,

265 953 435 986 minimum
456 954 587 997 quidem
615 954 758 989 obulum=
778 954 839 986 hac
857 954 896 986 de
915 956 1008 986 causa
1030 946 1031 976 Ῑ

265 1006 422 1049 praedicti
459 1006 655 1040 camerarius
682 1012 736 1039 aut
762 1006 1005 1046 thesaurarius,

266 1070 420 1093 eorumve
446 1059 574 1100 notarii,
602 1059 802 1099 tabelliones,
830 1059 1006 1098 secretarii,

267 1112 451 1154 familiares,
477 1118 531 1146 aut
557 1113 696 1156 quilibet
721 1112 868 1145 officialis
888 1114 936 1146 vel
956 1112 1008 1144 mi·

265 1166 373 1207 nister,
393 1166 531 1209 exigere,
550 1166 597 1200 vel
616 1167 711 1200 etiam
730 1172 845 1210 sponte
865 1166 1007 1199 oblatum

265 1219 410 1263 recipere
429 1225 626 1262 praesumat.
648 1219 830 1258 Quinimmo
849 1219 1008 1259 volumus,

265 1279 299 1305 ut
316 1273 387 1306 sine
413 1274 478 1306 ulla
503 1275 593 1306 morti
611 1273 720 1306 onmia
737 1273 849 1316 gratis,
865 1279 895 1306 et
913 1279 1010 1316 prout

265 1327 298 1359 in
322 1325 576 1360 Poenitentiaria
597 1327 783 1369 Apostolica
810 1326 877 1358 tieri
905 1328 1005 1366 solet,

265 1379 334 1413 sine
349 1381 459 1423 aliqua
475 1380 638 1413 solutione
660 1380 876 1422 expediantur
894 1385 924 1412 ct
942 1379 1008 1412 mit-
1030 1398 1031 1408 i

267 1438 386 1466 tantur.
406 1435 510 1477 Atque
535 1434 568 1466 in
594 1434 657 1466 hoc
676 1433 874 1466 camerarius
892 1438 923 1465 et
942 1433 1008 1466 the·

265 1487 428 1520 saurarius
454 1487 612 1531 praedicti
639 1498 765 1520 summo
791 1487 899 1520 studio
926 1487 1007 1519 invi-

265 1541 387 1584 gilent:
413 1546 444 1574 et
469 1540 494 1573 si
528 1540 669 1583 aliquem
703 1551 739 1573 ex
773 1540 838 1573 suis
865 1541 912 1573 vel
938 1540 1008 1572 aliis
1030 1555 1031 1564 κ

264 1593 410 1635 notariis,
437 1593 673 1633 tabellionibus,
700 1593 896 1632 secretariis,
919 1593 1009 1625 fami-

264 1646 419 1687 liaribus,
456 1646 648 1679 officialibus
687 1651 741 1679 aut
773 1645 927 1678 ministris
960 1647 1007 1678 vel

265 1700 432 1733 minimum
447 1700 625 1743 quidquam
645 1699 812 1743 recepisse
828 1699 1009 1742 deprehen-

265 1753 372 1786 derint
396 1758 450 1786 aut
468 1753 689 1796 cognoverint,
710 1758 823 1785 contra
841 1762 895 1785 eos
913 1752 1008 1785 etiam

264 1806 319 1840 ad¹
345 1806 535 1850 privationis
561 1806 740 1839 officiorum
767 1810 799 1838 et
824 1816 1009 1846 munerum,

264 1870 345 1903 quae
378 1859 546 1899 obtinent,
573 1859 851 1902 inhabilitatisque
885 1859 923 1892 ad
955 1859 1009 1892 illa

264 1914 314 1946 vel
346 1913 408 1946 alia
434 1913 465 1945 in
491 1918 660 1956 posterum
697 1913 895 1953 obtinenda,
922 1913 1009 1946 exilii

265 1967 412 2011 perpetui
427 1967 465 1999 ab
484 1966 568 2000 Urbe
587 1972 618 2000 et
636 1967 704 1999 eius
719 1966 877 2006 districtu,
894 1972 924 1999 et
938 1967 1008 2000 aliis

264 2019 469 2063 gravioribus
500 2020 615 2063 poenis
652 2020 850 2063 procedant3
877 2020 1009 2060 scituri,

265 2074 289 2106 si
315 2073 520 2106 connivendo
546 2078 601 2105 aut
627 2073 822 2113 tolerando,
852 2078 906 2106 ant
930 2074 1009 2106 alias

265 2126 528 2171 quomodolibet,
556 2126 782 2170 receptionum
808 2131 838 2158 ct
870 2126 1010 2159 exactio-

265 2191 341 2213 num
369 2180 557 2213 liuiusmodi
584 2190 644 2222 per
661 2191 696 2213 se
715 2181 763 2213 vel
789 2180 870 2213 alios
888 2180 1008 2213 conscii

265 2239 319 2267 aut
333 2233 508 2278 participes
524 2234 652 2274 fuerint,
666 2244 699 2266 se
718 2244 847 2277 quoquc
864 2239 1010 2266 nostrum

265 2293 297 2321 et
322 2298 543 2321 successorum
577 2292 763 2320 nostrorum
797 2286 951 2319 iudicium
978 2286 1008 2318 in

265 2342 376 2375 haere
395 2351 538 2374 severam
565 2345 600 2372 ut
625 2340 806 2383 praefertur
831 2339 1007 2372 subituros.

308 2395 426 2428 Verum
464 2394 578 2426 eadem
616 2393 734 2425 tabella
771 2403 826 2425 scu
853 2392 1007 2432 libellus,

266 2448 375 2482 eiusve
401 2447 600 2489 exemplum,
618 2446 663 2478 sic
684 2450 875 2485 correctum,
896 2456 1011 2489 appro-

264 2502 376 2535 batum
401 2506 433 2534 et
457 2500 540 2532 intra
573 2500 684 2532 decem
718 2499 786 2531 dies
813 2499 984 2532 remissum
1001 2526 1008 2540 ‚

267 2555 386 2588 nedum
419 2553 450 2586 in
482 2552 626 2596 ipsarum
662 2551 929 2585 communitatum
953 2562 1010 2586 seu

303 2619 313 2643 1
337 2615 486 2651 Praeposit.
509 2616 547 2642 ad
567 2614 704 2642 redundat
722 2616 761 2650 (tt.
779 2615 829 2648 T.).

336 2669 417 2700 Ruit.
432 2671 516 2701 Rom.
532 2685 566 2691 —
586 2670 648 2699 Vol.
663 2669 774 2699 XXIII.
922 2669 955 2697 74

1055 316 1085 349 in
1121 318 1253 360 publico
1280 319 1388 361 aliquo
1422 320 1572 352 omnibus
1608 319 1731 362 patenti
1764 330 1800 352 ac

1055 370 1227 412 conspicuo
1255 372 1326 404 loco
1364 383 1421 415 pro
1455 373 1576 405 foribus
1602 374 1716 412 aulae,
1743 372 1798 405 uhi

1056 422 1194 454 habetur
1220 424 1385 465 publicum
1404 426 1583 465 consilium,
1604 426 1653 459 vel
1677 426 1729 458 ubi
1752 425 1799 459 ius

1055 474 1171 507 dieitur
1190 481 1221 507 ct
1240 476 1392 519 frequens
1419 479 1532 520 populi
1552 479 1592 510 sit
1609 489 1796 518 concursus,

1055 528 1204 569 alligatur
1229 535 1260 561 ct
1287 535 1444 571 perpetuo
1473 532 1663 574 retineatur.

1098 580 1161 613 Nec
1188 582 1280 614 liccat
1295 582 1324 614 in
1346 584 1567 622 l'uturnni,nisi
1584 585 1623 617 de
1645 587 1799 627 expressa

1054 633 1205 667 Gamerae
1232 636 1448 677 Apostolum,
1469 641 1532 675 aut,
1551 638 1577 669 si
1604 648 1724 680 urgens
1743 649 1799 671 ne-

1055 687 1185 719 cessitas
1211 698 1334 720 morau]
1362 699 1425 721 non
1454 690 1613 731 patiatur,
1640 692 1798 731 guberna-

1056 739 1136 771 toris
1154 745 1210 771 aut
1228 740 1387 782 praesidis
1402 741 1567 773 civitatum
1587 747 1618 774 ct
1639 743 1798 783 locorum,

1054 793 1107 835 qui
1134 793 1237 824 statim
1256 799 1372 836 postca
1389 795 1603 827 camerarium
1624 801 1655 828 ct
1674 796 1798 828 thesau-

1055 845 1172 877 rarium
1200 847 1384 887 generalem
1420 847 1608 889 praedictos
1645 849 1797 881 certiores

1055 898 1093 929 de
1120 908 1158 930 eo
1184 898 1321 932 reddere
1350 904 1529 939 teneantur,
1557 900 1698 940 licentia,
1726 911 1798 932 eum

1054 949 1237 982 interventu
1264 952 1486 993 procuratoris
1508 952 1626 985 fiscalis
1652 953 1797 986 eiusdem

1054 1002 1126 1043 loci,
1147 1005 1241 1036 causa
1267 1005 1407 1046 cognita,
1433 1004 1529 1037 etiam
1555 1005 1704 1038 similiter
1729 1016 1799 1048 gra-

1030 1065 1031 1075 *
1055 1055 1092 1088 tis
1119 1057 1350 1097 concedenda,
1379 1058 1518 1090 tabellae
1552 1057 1652 1100 ipsius
1678 1069 1733 1091 seu
1761 1059 1799 1092 li-

1030 1108 1031 1114 ’
1053 1109 1129 1142 belli
1158 1115 1315 1151 tenorem,
1336 1111 1431 1143 etiam
1458 1110 1671 1154 sequentibus
1691 1112 1797 1150 annis,

1053 1161 1222 1196 immutare
1259 1168 1313 1196 aut
1349 1165 1508 1204 alterare,
1536 1174 1643 1207 neque
1673 1165 1797 1208 absque

1053 1215 1218 1258 praedicta
1243 1216 1383 1257 licentia,
1409 1217 1505 1250 etiarn
1531 1217 1565 1250 in
1590 1217 1719 1250 casibus
1740 1218 1798 1251 im-

1053 1268 1200 1312 provisis,
1225 1269 1399 1313 inopinatis
1426 1276 1479 1303 aut
1505 1271 1656 1311 insolitis,
1676 1272 1798 1316 aliquid

1053 1324 1138 1355 ultra
1163 1328 1319 1356 contenta
1336 1323 1369 1356 in
1394 1324 1581 1357 huiusmodi
1609 1326 1726 1359 tabella
1743 1332 1799 1359 aut

1053 1376 1164 1409 libello
1180 1387 1324 1419 crogare.
1342 1376 1499 1421 Quicquid
1515 1389 1590 1412 vero
1607 1380 1691 1412 ultra
1708 1390 1797 1423 prae·

1052 1429 1189 1473 scriptas
1215 1441 1357 1463 summas
1385 1437 1553 1473 erogatum
1571 1432 1675 1473 fuerit,
1694 1433 1727 1466 id
1746 1444 1799 1467 vo-

1030 1480 1031 1485 ’
1053 1484 1171 1523 tumus,
1190 1489 1225 1515 ut
1242 1484 1281 1516 ab
1308 1483 1362 1524 eis,
1386 1484 1502 1527 quibus
1528 1485 1678 1528 exigendi
1697 1491 1729 1520 et
1747 1497 1798 1520 so-

1052 1536 1171 1569 lidandi
1194 1543 1344 1580 computa
1362 1543 1393 1571 et
1411 1538 1553 1572 rationes
1568 1540 1710 1582 expensi,
1731 1540 1796 1574 sive

1052 1590 1135 1629 illas,
1156 1594 1188 1623 ut
1214 1591 1340 1631 dicitur,
1362 1592 1551 1634 syndicandi
1578 1603 1654 1625 cura
1679 1593 1798 1626 incum-

1052 1643 1108 1683 bit,
1135 1654 1341 1687 nequaquau]
1368 1649 1474 1678 ratum
1500 1646 1670 1686 habeatur,
1690 1657 1798 1690 neque

1052 1696 1129 1739 ipsis
1154 1697 1382 1730 communibus
1408 1698 1540 1731 aerariis
1566 1698 1728 1732 dictorum
1754 1701 1799 1733 lo-

1053 1761 1173 1790 corum,
1200 1756 1253 1783 aut
1279 1751 1405 1791 massis,
1432 1752 1487 1784 sed
1514 1753 1665 1795 personis
1690 1753 1799 1796 singu-

1053 1805 1193 1845 laribus,
1221 1816 1302 1848 quac
1336 1811 1483 1849 sumptus
1519 1806 1608 1849 ipsos
1636 1807 1795 1847 fecerint,

1053 1868 1231 1902 expensum
1255 1858 1394 1891 feratur:
1420 1869 1501 1902 quae
1527 1859 1623 1892 etiam
1643 1859 1682 1892 ad
1701 1859 1796 1900 illius,

1054 1917 1215 1955 tamquam
1243 1912 1281 1944 ab
1308 1912 1354 1945 eis
1380 1912 1526 1946 indebite
1564 1913 1677 1953 ablati,
1707 1913 1798 1946 resti-

1055 1965 1213 1998 tutionem
1241 1970 1425 1998 teneantur.

1097 2018 1130 2051 ld
1157 2023 1263 2051 autem
1289 2029 1353 2062 quo
1380 2019 1560 2052 accuratius
1587 2025 1741 2061 servetur,
1767 2026 1799 2053 et

1054 2071 1239 2104 earumdem
1267 2071 1442 2112 civitatum,
1461 2078 1618 2106 terrarum
1640 2084 1675 2106 ac
1697 2084 1798 2117 popu-

1054 2124 1156 2157 lorum
1183 2125 1314 2158 utilitati
1333 2125 1469 2168 amplius
1489 2127 1687 2167 consulatur,
1705 2137 1797 2170 prae-

1054 2178 1210 2220 cipimus,
1237 2183 1270 2210 ut
1295 2177 1434 2221 quilibet
1460 2179 1637 2212 modernus
1659 2185 1711 2212 aut
1737 2191 1797 2223 pro

1056 2237 1201 2274 tempore
1236 2230 1378 2264 existens
1415 2231 1635 2274 gubernator,
1663 2243 1796 2276 praeses

1054 2290 1109 2317 aut
1133 2289 1294 2327 potestas,
1322 2290 1385 2317 tam
1411 2295 1447 2318 ex
1474 2296 1559 2318 nune
1586 2296 1643 2318 scu
1669 2286 1701 2318 in
1727 2286 1797 2329 ipso

1054 2337 1158 2381 primo
1184 2338 1342 2379 ingressu,
1366 2349 1460 2381 quatu
1490 2338 1608 2371 deinde
1635 2339 1742 2371 statim
1767 2339 1799 2371 fi-

1055 2391 1122 2424 nito
1143 2396 1289 2434 tempore
1310 2391 1528 2433 magistratus,
1550 2402 1607 2434 per
1625 2402 1799 2435 quoscum-

1055 2456 1116 2489 que
1148 2445 1273 2488 priores
1308 2446 1496 2485 massarios,
1523 2447 1719 2480 camerarios
1745 2453 1800 2480 aut

1054 2498 1209 2532 officiales
1227 2499 1319 2541 gesti,
1336 2499 1420 2532 intra
1439 2500 1550 2533 decem
1569 2500 1647 2539 dieS‚
1664 2500 1703 2533 ab
1721 2500 1798 2544 ipsis

1054 2552 1216 2596 prioribus
1242 2551 1415 2593 massariis,
1436 2553 1621 2586 camerariis
1648 2563 1704 2586 seu
1730 2554 1799 2587 offi-

1053 2606 1212 2648 cialibus,
1238 2605 1292 2650 qui
1316 2606 1504 2651 magistratu
1537 2608 1718 2652 funguntur
1743 2613 1798 2642 aut

1812 218 1858 243 An.
1881 218 1909 244 C.
1932 217 1996 246 ¹734
