2182 3137
18 253 67 281 An.
82 251 110 278 C.
132 251 200 279 ¹733

824 245 965 271 CLEMENS
991 245 1037 270 ΧΠ
1062 246 1111 270 ΡΡ.

208 299 339 339 Cumque
361 299 396 329 ad
417 308 480 329 eam
503 307 565 328 rem
588 297 645 328 duo
673 296 857 337 potissimum
882 304 951 324 con-

209 349 314 388 ferant,
331 358 454 388 quorum
477 348 601 378 alterum
617 347 647 377 in
663 356 718 377 usu
737 345 868 376 iustitiae
892 345 951 375 dis-

210 397 367 428 tributivae
389 397 540 435 consistit,
561 397 687 427 alterum
710 395 740 425 in
763 404 808 433 eo,
833 398 875 432 ut,
900 393 950 433 qui

210 447 369 487 provinciis
403 447 542 486 praefecti
570 449 660 484 sunt,
685 454 733 474 eas
757 447 889 483 prompte
918 452 951 472 ac

210 496 345 526 celeriter
377 495 457 525 obire
472 520 479 534 ,
503 494 642 525 coenobia
671 493 786 532 singula
810 492 948 529 invisere,

210 545 331 575 fratrum
348 554 443 574 mores
465 553 498 573 ac
520 543 703 583 disciplinam
727 550 900 580 cognoscere
923 544 951 569 et

211 593 385 624 confirmare
407 593 540 633 possint:
565 602 618 622 nos
641 596 796 632 propterea
812 615 819 629 ,
844 589 951 630 quibus

211 643 282 673 haec
305 652 392 673 curae
415 641 555 681 cordique
577 645 656 679 sunt,
680 650 712 670 ea
736 649 772 669 ne
795 639 825 669 iu
848 639 952 668 desue-

212 693 343 723 tudinem
375 691 483 722 sensim
516 690 644 727 abeant,
667 698 770 719 cavere
800 687 949 717 dehemus.

211 743 287 772 Sane
309 741 465 772 Barensem
483 743 611 770 nostram
631 738 810 778 provinciam
826 737 950 766 fratrum

212 790 356 821 Minorum
389 790 424 820 de
455 788 644 819 Observantia
659 811 667 825 ,
691 796 765 826 quae
787 785 817 816 S.
840 785 950 815 Nicolai

213 840 390 880 appellatur,
418 838 561 869 eiusmodi
594 836 786 867 incommodis
818 834 951 865 laborare

212 892 395 928 compertum
419 892 479 925 est,
502 891 534 917 ut
555 886 585 916 in
608 886 709 916 eadem
732 886 818 923 longo
841 888 952 924 tempo-

212 939 254 969 ris
277 937 430 969 intervallo
452 946 546 976 neque
568 936 691 974 iustitia,
709 944 782 975 quae
804 934 950 964 desidera-

212 987 308 1024 batur,
329 986 517 1017 distributiva
540 989 654 1015 servata
678 985 725 1023 sit,
749 992 844 1023 neque
867 982 952 1012 mini-

211 1037 266 1067 stri
289 1035 484 1076 provinciales
516 1044 579 1065 eam
609 1033 760 1064 commode
794 1032 875 1062 obire
902 1041 952 1071 po-

212 1086 335 1124 tuerint,
359 1095 412 1116 nec
432 1094 499 1115 vero
515 1084 543 1114 in
561 1083 727 1124 praesentia
746 1082 869 1122 possint.
887 1081 950 1121 Ipsa

213 1135 357 1175 siquidem
379 1144 445 1165 cum
467 1133 609 1164 latissime
632 1136 740 1172 pateat,
759 1135 787 1162 et
811 1136 866 1162 tam
890 1140 950 1161 am-

212 1185 259 1225 ple
282 1194 332 1225 per
353 1188 464 1215 tractus
486 1187 580 1214 terrae
603 1182 801 1222 protrahatur,
819 1185 850 1211 ut
865 1181 950 1221 quin-

211 1238 296 1273 genta
330 1242 468 1274 passuum
501 1233 592 1263 millia
625 1231 752 1262 circuitu
781 1235 898 1261 centum
922 1234 951 1260 et

212 1283 364 1322 sexaginta
386 1282 598 1321 longitudinem
621 1281 790 1317 contineat,
820 1284 848 1310 et
870 1280 950 1310 insu—

213 1341 264 1372 per
281 1332 311 1362 in
334 1332 469 1371 regiones
491 1331 562 1361 duas
585 1330 675 1360 divisa
693 1330 741 1368 sit,
758 1330 861 1365 altera,
878 1337 952 1368 quae

211 1382 347 1413 Barensis
365 1385 499 1420 vocatur,
515 1380 661 1420 habetque
684 1379 823 1410 coenobia
847 1379 952 1418 viginti

212 1436 241 1462 et
270 1435 355 1469 octo,
388 1429 529 1460 Liciensis
558 1430 671 1468 altera,
695 1438 770 1469 quae
803 1427 951 1458 coenobiis

212 1485 326 1511 constat
349 1480 467 1510 omnino
490 1479 665 1515 duodecim,
689 1483 717 1508 et
745 1477 887 1508 fratribus
909 1477 952 1507 ul-

212 1532 256 1560 tra
279 1529 459 1567 ducentum,
484 1528 606 1569 proinde
629 1528 660 1558 tit
682 1532 713 1558 ut
729 1526 901 1557 Barensium
924 1531 952 1557 et

212 1579 378 1610 Licensium
394 1579 474 1609 nulla
491 1578 703 1618 propemodum
725 1577 762 1607 sit
784 1577 951 1608 communio

212 1633 299 1669 atque
321 1628 467 1668 societas,
489 1627 623 1658 minister
645 1627 753 1657 etenim
788 1626 952 1666 provincia-

212 1677 267 1718 lis,
290 1678 339 1709 ubi
361 1688 399 1708 ex
421 1676 598 1708 Barensibus
631 1677 792 1706 assumitur
806 1699 813 1713 ‚
836 1675 951 1706 itineris

212 1727 394 1767 longitudine
423 1726 612 1767 prohibetur,
636 1726 737 1766 hyeme
760 1725 950 1765 praesertim,

212 1777 367 1818 quominus
382 1802 389 1816 ‚
414 1777 464 1807 ubi
496 1776 656 1807 necessitas
679 1775 824 1816 postulet,
848 1775 883 1805 ad
907 1775 951 1805 Li-

213 1827 355 1857 ciensium
387 1826 526 1857 coenobia
559 1826 721 1865 fratresque
754 1825 889 1855 visendos
922 1834 952 1854 se

213 1877 361 1915 conferat,
384 1876 414 1906 id
436 1876 512 1916 quod
535 1875 661 1906 maximo
684 1875 862 1905 detrimento
885 1884 952 1914 pro-

214 1926 329 1956 vinciae
352 1926 498 1965 praefatae
521 1925 674 1955 consuevit
702 1934 775 1954 esse.
804 1924 855 1955 Cui
877 1924 952 1954 malo

215 1979 372 2014 utcumque
408 1984 562 2004 occurrere
601 1974 750 2013 provincia
787 1974 850 2013 ipsa
886 1982 952 2004 cum

214 2024 322 2063 vellet,
346 2023 522 2063 iampridem
554 2032 641 2062 supra
673 2022 824 2052 hominum
847 2031 953 2052 memo-

213 2074 286 2104 riam
309 2072 447 2111 instituit,
471 2076 514 2111 ut,
538 2071 666 2102 ministri
690 2071 879 2111 provincialis
902 2081 953 2101 au-

214 2123 359 2159 ctoritate,
374 2121 592 2152 commissarius
611 2120 805 2159 delegaretur,
823 2120 873 2159 qui
889 2130 954 2150 coe-

213 2171 300 2203 nobia
323 2171 488 2201 Licensium
511 2170 699 2209 gubernaret,
717 2170 741 2200 si
762 2180 797 2200 ex
820 2170 955 2200 Barensi-

213 2221 268 2253 bus
291 2222 426 2251 minister
447 2225 534 2259 esset,
558 2221 602 2251 vel
625 2220 782 2250 Barensem
804 2220 952 2258 regionem

214 2275 394 2312 procuraret,
428 2270 479 2301 ubi
510 2270 657 2300 Licienses
690 2269 833 2300 haberent
869 2269 955 2299 mini-

214 2326 320 2352 strum.
344 2321 398 2351 Sed
421 2320 475 2350 hac
497 2320 611 2350 ratione
633 2328 700 2350 cum
723 2329 780 2349 non
804 2319 874 2349 satis
896 2319 955 2349 uti-

214 2379 271 2411 que
295 2370 444 2411 provisum
466 2369 514 2406 sit,
539 2378 624 2409 saepe
648 2369 725 2399 enim
750 2368 874 2398 fratrum
897 2368 955 2398 (lis-

214 2420 287 2451 sidia
311 2419 398 2450 huius
420 2418 463 2449 rei
485 2419 585 2457 causa,
608 2418 765 2458 magnique
788 2422 883 2448 motus
906 2426 954 2447 ex-

215 2469 349 2508 titerunt,
373 2468 543 2507 negantium
564 2467 700 2497 videlicet
717 2476 817 2507 parere
834 2476 864 2497 se
881 2467 954 2497 velle

214 2519 368 2559 praefectis
389 2517 502 2548 duobus
517 2542 524 2556 ,
548 2526 672 2557 quorum
705 2517 779 2547 alter
801 2516 953 2553 ministri,

214 2568 287 2598 alter
309 2567 505 2598 commissarii
527 2566 721 2606 appellatione
743 2575 804 2596 rem
825 2575 955 2596 commu-

993 294 1069 324 inter
1097 294 1245 324 nationem
1276 298 1431 334 utramque
1461 293 1557 324 fovere
1581 291 1732 329 volentes,

994 344 1207 374 communicato
1230 344 1316 374 etiam
1346 343 1469 374 consilio
1503 351 1569 373 cum
1603 341 1733 371 eiusdem

995 393 1161 432 provinciae
1184 393 1333 423 visitatore
1356 397 1382 423 et
1407 392 1539 432 patribus
1566 391 1657 421 nostri
1687 389 1735 419 de-

995 442 1115 472 finitorii
1143 443 1307 480 generalis,
1332 442 1425 472 secuti
1449 442 1536 472 etiam
1569 439 1733 479 exemplum

994 491 1114 531 capituli
1130 493 1277 530 generalis
1290 491 1524 528 Mediolanensis,
1538 490 1613 530 quod
1630 489 1733 519 iisdem

994 541 1028 571 de
1061 541 1156 570 causis
1179 541 1329 570 Lituaniae
1363 540 1544 580 provinciam
1576 539 1734 568 novissime

994 590 1120 620 instituit
1144 594 1229 629 atque
1246 589 1391 627 fundavit,
1408 590 1436 619 in
1460 590 1535 618 hanc
1558 587 1733 618 sententiam

994 639 1112 670 adducti
1135 648 1247 677 sumus,
1265 648 1352 678 quam
1375 638 1577 668 sanctissimus
1600 637 1734 667 dominus

995 693 1095 719 noster
1123 689 1256 719 Clemens
1279 687 1328 717 XII
1358 688 1494 726 dignatus
1527 691 1572 717 est
1603 695 1735 725 compro-

995 738 1076 776 bare,
1099 742 1132 768 ut
1149 737 1292 767 Liciensis
1313 737 1443 775 regionis
1459 746 1492 766 ac
1507 735 1649 766 territorii
1669 744 1736 765 coe-

995 788 1080 818 nobia
1103 787 1257 817 duodecim
1279 787 1308 816 in
1337 795 1440 816 novam
1469 785 1650 825 provinciam
1680 784 1737 813 eri—

995 846 1142 876 geremus,
1162 840 1193 866 ut
1217 846 1246 866 re
1264 836 1329 875 ipsa
1351 845 1402 876 per
1425 835 1510 864 hasce
1532 834 1645 864 litteras
1668 842 1736 871 apo-

995 887 1115 917 stolieae
1132 886 1314 916 auctoritatis
1330 894 1450 916 munere
1465 887 1581 914 utentes
1596 882 1736 920 erigimus

995 940 1024 966 et
1056 935 1263 967 constituimus
1293 944 1358 965 cum
1392 933 1528 964 omnibus
1560 931 1734 972 privilegiis,

996 985 1207 1025 praerogativis
1223 989 1251 1014 et
1267 983 1440 1022 honoribus,
1458 982 1564 1022 quibus
1580 981 1654 1011 aliae
1671 989 1738 1020 pro-

996 1035 1108 1065 vinciae
1131 1033 1249 1065 Ordinis
1273 1033 1366 1063 nostri
1396 1032 1430 1062 de
1452 1033 1516 1062 iure
1539 1030 1585 1060 vel
1613 1037 1736 1060 consue-

997 1086 1096 1117 tudine
1119 1084 1246 1123 gaudere
1279 1082 1394 1119 solent,
1419 1085 1569 1111 reservato
1599 1079 1736 1118 antiquae

996 1135 1165 1175 provinciae
1187 1135 1218 1163 S.
1241 1132 1354 1163 Nicolai
1377 1129 1600 1171 praecedentiae
1625 1129 1736 1159 honore

995 1184 1120 1223 aliisque
1143 1181 1365 1222 praerogativis,
1383 1179 1489 1220 quibus
1506 1179 1540 1209 ad
1556 1179 1628 1208 haec
1644 1187 1736 1218 usque

996 1238 1125 1273 tempora
1147 1236 1249 1262 ornata
1272 1235 1336 1267 est3
1367 1229 1538 1259 mandantes
1562 1227 1736 1268 provinciali

995 1283 1130 1313 ministro
1151 1282 1240 1312 huius
1262 1289 1354 1311 novae
1376 1278 1554 1319 provinciae,
1579 1287 1665 1318 quam
1692 1277 1736 1307 Li-

996 1333 1125 1363 ciensem
1158 1330 1299 1371 appellari
1332 1329 1488 1367 volumus,
1518 1332 1550 1358 ut
1582 1328 1612 1358 in
1646 1327 1736 1366 sigilli

996 1382 1115 1412 maioris
1137 1390 1222 1411 usum
1245 1379 1371 1418 effigiem
1394 1379 1487 1408 sancti
1510 1377 1601 1417 patris
1617 1375 1737 1406 Antonii

995 1431 1138 1466 Patavini,
1162 1429 1284 1460 minoris
1300 1438 1368 1459 vero
1385 1427 1476 1468 patris
1492 1426 1606 1457 Orontii
1623 1425 1738 1456 Licien-

995 1481 1070 1511 sium
1093 1479 1223 1519 episcopi
1246 1483 1332 1518 atque
1351 1477 1466 1518 patroni
1482 1475 1638 1515 imaginem
1656 1474 1738 1505 adhi-

995 1530 1071 1560 beat.
1088 1529 1290 1568 Praecipimus
1306 1527 1394 1557 etiam
1411 1525 1547 1556 omnibus
1566 1529 1595 1555 et
1612 1523 1736 1563 singulis

996 1579 1135 1610 fratribus
1158 1583 1216 1609 tam
1240 1576 1380 1608 Liciensis
1402 1585 1489 1616 quam
1512 1574 1649 1605 Barensis
1672 1583 1738 1613 pro-

995 1629 1158 1659 vinciarum
1190 1627 1220 1657 in
1252 1627 1362 1657 virtute
1394 1629 1511 1655 sanctae
1540 1623 1735 1662 obedientiae,

995 1688 1028 1709 ac
1050 1677 1103 1708 suh
1127 1678 1222 1718 poena
1244 1674 1559 1707 excommunicationis
1582 1674 1645 1713 ipso
1661 1674 1737 1703 facto

995 1727 1201 1763 incurrendae,
1226 1730 1258 1756 ut
1279 1725 1447 1756 istiusmodi
1469 1724 1662 1761 divisionem,
1687 1732 1738 1752 no-

996 1786 1106 1817 vaeque
1129 1776 1296 1816 provinciae
1329 1774 1530 1805 fundationem
1561 1770 1735 1813 approbent,

996 1832 1146 1867 ratamque
1168 1825 1295 1857 habeant
1311 1835 1319 1863 3
1338 1823 1551 1855 obnunciantes
1574 1826 1736 1863 praeterea,

996 1888 1049 1908 nos
1080 1882 1228 1916 tamquam
1260 1875 1291 1905 in
1320 1874 1458 1905 rebellem
1492 1883 1525 1903 ac
1557 1873 1736 1912 pertinacem

997 1936 1156 1967 poenarum
1172 1925 1329 1956 severitate
1345 1923 1615 1961 animadversuros,
1632 1922 1657 1951 si
1672 1921 1738 1961 quis

996 1981 1114 2008 nostrae
1137 1976 1205 2006 huic
1226 1974 1369 2005 voluntati
1392 1978 1478 2013 atque
1500 1972 1643 2003 sanctioni
1666 1981 1738 2011 quo—

997 2026 1040 2056 vis
1061 2025 1145 2055 modo
1167 2023 1379 2055 intercesserit.

1037 2075 1140 2105 Datum
1173 2074 1282 2104 Romae
1314 2082 1349 2102 ex
1381 2071 1541 2108 Ara-caeli,
1574 2070 1620 2101 die
1649 2079 1738 2101 xxviii

997 2123 1137 2155 februarii
1158 2130 1339 2152 Moccxxmn.
1365 2138 1399 2142 —
1422 2119 1490 2150 Loco
1505 2121 1524 2157 †
1539 2119 1638 2165 sigilli.

1036 2172 1084 2201 Fr.
1109 2170 1251 2200 losrpnrs
1271 2169 1367 2199 Manu
1391 2176 1427 2197 ΑΒ
1449 2167 1568 2206 13110111,
1603 2167 1739 2197 commis-

997 2221 1092 2251 sarius
1114 2219 1259 2258 generalis
1281 2217 1447 2248 ordinarius
1470 2221 1498 2247 et
1520 2216 1709 2257 apostolicus.

1036 2270 1075 2300 De
1099 2269 1235 2299 mandato
1258 2267 1443 2307 paternitatis
1465 2276 1533 2296 suae
1555 2266 1739 2296 reverendis·

997 2319 1098 2357 simae,
1122 2318 1170 2348 Fr.
1194 2317 1371 2348 VINCENTst‘s
1393 2315 1541 2346 Aaron-irs
1565 2324 1602 2346 DE
1624 2317 1736 2354 carm,

998 2367 1174 2399 secretarius
1197 2362 1352 2406 generalis.

1042 2444 1056 2488 ξ
1081 2443 1112 2476 02.
1139 2442 1215 2476 Cum
1241 2448 1362 2484 autem,
1394 2441 1478 2476 sicut
1502 2439 1737 2487 cadem7cxpo-

998 2497 1072 2530 sitio
1098 2496 1327 2539 subiungebat,
1354 2495 1456 2529 dictus
1486 2495 1643 2540 Iosephus
1668 2496 1734 2529 Ma-

998 2551 1067 2591 ria,
1095 2550 1293 2594 praemissa,
1321 2560 1385 2592 quo
1412 2549 1534 2582 firmius
1561 2550 1739 2583 subsistant

214 2627 282 2649 nem
297 2617 528 2648 administraret:
543 2625 595 2646 nos
608 2620 773 2656 propterea,
787 2615 953 2646 huiusmodi
999 2614 1035 2638 ³0
1060 2609 1228 2637 Sssl'Vssnlffl'
1253 2602 1411 2644 θ-ἳῖῑῧῑῑῦὃ»
1439 2604 1636 2647 3Ρο5ῑο1ῑοἱ10
1662 2614 1738 2638 COU-

213 2664 408 2696 incommodis
430 2673 584 2696 occurrere
607 2667 836 2704 perpetuamque
854 2671 954 2703 pacem
999 2656 1188 2693 firmationis
1215 2662 1345 2691 nostrae
1378 2657 1561 2701 patrocinio
1595 2668 1737 2692 commu-

1629 231 1688 266 501
1738 241 1788 268 An.
1806 240 1834 268 c.
1860 240 1932 269 ¹733

1794 2450 1932 2472 Confirmamr

1748 2476 1806 2499 dicta
1823 2478 1910 2501 divisio.
