2182 3137
194 187 242 213 An.
264 188 293 214 c.
311 187 380 215 1730
425 178 490 212 10ss

191 824 321 844 Protestatio
345 823 373 843 fa-

190 851 373 876 ciendaantepro-

190 876 312 897 fossionem.

225 1793 254 1814 De
269 1794 370 1819 magistro

187 1821 322 1842 novitiorum.

189 2568 240 2589 Eius
251 2568 371 2594 privilegia.

389 239 446 265 tam
470 235 703 265 informationem
726 234 755 264 in
778 235 873 264 forma
894 235 1065 264 authentica
1081 235 1124 264 vel

387 293 487 313 secum
510 283 642 320 adducat,
666 282 709 312 vel
729 283 820 321 priori
842 292 907 312 cum
925 287 1003 313 certo
1021 283 1125 313 nuntio

387 332 485 361 statim
510 331 545 360 ad
565 330 774 360 monasterium
793 330 933 368 remittat,
950 330 1000 360 ubi
1016 340 1031 360 a
1049 331 1125 370 prio-

386 389 417 409 re
440 384 468 410 et
497 379 643 418 deputatis
666 379 820 417 diligenter
851 379 1055 416 examinetur3
1079 383 1123 417 et,

386 433 530 467 quatenus
561 428 595 457 de
627 427 707 457 illius
739 427 923 465 legitimitate
946 431 1067 464 constet,
1089 427 1125 457 ab

391 477 494 505 iisdem
511 476 689 514 approbetur
704 476 963 515 subscribaturque
979 475 1015 505 ab
1031 476 1126 505 omni-

385 524 438 554 bus
462 524 680 564 approbationis
712 524 884 561 decretum,
906 528 934 553 et
965 529 1032 554 ante
1061 533 1126 563 pro-

386 574 540 602 fessionem
573 572 677 602 novitii
710 573 790 611 prior
812 573 940 611 capitulo
970 572 1122 609 notificet,

384 621 510 660 qualiter
526 621 612 658 facta,
630 621 795 650 examinata
812 624 840 650 et
856 620 1014 659 approbata
1037 621 1125 650 fuerit

384 670 446 699 eius
468 669 656 705 informatio-3
675 673 774 708 postea
796 669 826 698 in
849 669 980 699 archivio
998 679 1125 700 conven-

385 721 431 747 tus
454 717 643 747 custodienda
666 721 841 756 reponatur,
865 722 897 747 ut
924 718 955 748 in
983 719 1125 748 constitu-

385 767 463 795 tione
486 766 660 804 gregoriana
681 766 847 795 ordinatur.

444 816 599 855 Postquam
623 815 720 844 omnia
743 815 890 854 praedicta
909 814 1019 844 fuerint
1041 814 1125 845 abso-

387 865 459 901 luta,
483 873 635 902 annusque
659 863 839 902 probationis
861 864 1047 902 terminatus,
1072 873 1124 893 no-

383 914 471 944 vitius
490 913 525 942 ad
548 913 760 952 professionem
783 913 955 950 solemnem,
972 914 1049 943 utin
1072 923 1124 944 no-

382 968 441 992 stro
463 961 623 999 ordinario,
648 970 711 1000 cap.
735 971 773 998 xi,
796 962 809 1000 ἕ
832 962 861 1000 4,
893 962 955 991 sine
983 962 1123 992 dilatione

383 1011 551 1040 admittatur
568 1020 575 1047 ς
595 1009 673 1039 etad
695 1009 834 1039 maiorem
859 1011 1012 1044 cautelam,
1035 1015 1122 1049 prout

381 1061 532 1100 hucusque
555 1058 765 1088 inviolabiliter
788 1059 974 1088 observatum
997 1059 1068 1096 fuit,
1092 1060 1122 1089 in

380 1110 489 1138 litteris
521 1118 591 1138 suae
625 1107 813 1147 professionis
847 1118 862 1137 a
894 1108 1004 1138 novitio
1040 1109 1120 1138 illam

380 1159 532 1188 emittente
563 1158 612 1186 fiat
645 1166 770 1196 sequens
803 1158 994 1196 protestatio:
1023 1168 1036 1186 (t
1059 1160 1121 1196 Ego

380 1208 470 1237 frater
492 1207 524 1236 N.
537 1206 570 1235 N.
587 1209 710 1236 attestor
732 1209 760 1235 et
782 1207 933 1245 profiteor,
957 1206 1034 1245 quod
1057 1216 1120 1236 sum

380 1256 559 1285 christianus
575 1259 658 1284 vetus
672 1264 710 1284 ex
725 1254 860 1284 omnibus
883 1259 1006 1294 quatuor
1022 1255 1119 1295 lineis,

383 1310 412 1335 et
433 1305 510 1344 quod
533 1313 649 1342 semper
671 1313 704 1333 ac
732 1304 899 1333 constiterit
927 1304 1118 1343 contrarium,

381 1358 409 1384 et
428 1362 474 1383 me
490 1352 598 1382 habere
613 1352 741 1391 aliquam
762 1353 906 1382 maculam
922 1362 972 1383 seu
989 1353 1122 1383 infectio-

380 1412 447 1432 nem
476 1402 660 1438 iudaeorum,
687 1411 871 1438 maurorum,
899 1411 1119 1441 saracenorum,

379 1460 431 1481 seu
467 1451 588 1490 quodvis
622 1451 702 1480 aliud
738 1451 983 1489 impedimentum
1019 1455 1120 1481 contra

380 1500 479 1529 Bullas
501 1499 675 1538 apostolicas
693 1499 797 1529 Ordini
811 1499 904 1529 sancti
921 1499 1012 1538 patris
1027 1501 1120 1530 nostri

380 1548 551 1587 Hieronymi
583 1557 748 1586 concessas,
785 1548 891 1587 expelli
918 1549 981 1578 volo
1004 1559 1019 1578 a
1042 1549 1120 1579 dicto

380 1596 500 1633 Ordine,
521 1597 724 1636 expoliarique
746 1597 825 1626 illius
848 1596 969 1635 habitu,
993 1602 1021 1627 et
1044 1598 1119 1637 quod

380 1646 451 1675 haec
474 1645 614 1684 professio
639 1654 654 1674 a
684 1654 728 1674 me
760 1646 833 1675 facta
865 1646 992 1675 invalida
1026 1647 1063 1676 sit
1092 1652 1120 1677 et

381 1694 491 1726 nullius
515 1694 645 1723 effectus.
672 1704 685 1721 >›
712 1693 978 1733 Subscribaturque
1001 1704 1015 1724 a
1039 1695 1121 1725 novi-

381 1746 420 1775 tio
442 1753 539 1774 coram
562 1743 697 1773 testibus,

441 1793 565 1832 Insuper
588 1791 711 1830 quilibet
734 1792 814 1830 prior
832 1801 898 1821 cum
915 1792 1120 1831 deputatorum

381 1842 503 1872 consilio
519 1841 606 1879 eligat
622 1841 650 1869 iu
671 1841 843 1878 magistrum
860 1841 1037 1871 novitiorum
1061 1851 1122 1872 mo-

383 1891 510 1920 nachum
533 1889 718 1928 prudentem,
753 1893 918 1928 expertam,
952 1890 1120 1928 quindecim

382 1940 483 1969 saltem
514 1947 606 1968 annos
630 1947 644 1967 a
668 1938 838 1976 receptione
866 1938 983 1968 habitus
1012 1939 1122 1969 liaben-

382 1993 451 2024 tem,
475 1987 585 2026 quique
607 1986 642 2015 de
663 1986 815 2023 religionis
838 1986 911 2024 zelo,
936 1996 1048 2016 morum
1073 1989 1123 2018 lio-

381 2040 507 2074 nestate,
525 2035 584 2064 vita
600 2034 772 2073 exemplari,
789 2035 1046 2075 spiritualiumque
1065 2036 1123 2066 dis-

382 2086 512 2115 cretione
534 2084 571 2113 sit
593 2083 701 2122 optime
724 2084 958 2118 commendatus,
979 2085 1062 2114 cuius
1080 2085 1123 2114 di-

381 2133 516 2170 recti0ni‚
540 2132 713 2162 correctioni
743 2136 770 2161 et
795 2132 967 2171 disciplinae
997 2138 1053 2163 tam
1073 2143 1123 2164 no-

382 2182 445 2212 vitii
462 2191 549 2221 quam
565 2181 686 2220 professi
702 2190 795 2220 usque
812 2181 846 2210 ad
862 2182 994 2220 expletos
1010 2187 1122 2222 septem

382 2231 499 2261 habitus
521 2239 613 2260 annos
636 2230 754 2259 omnino
787 2230 964 2268 subiiciant;
997 2231 1124 2270 priores-

382 2290 438 2319 que
461 2280 537 2308 dicto
560 2279 700 2316 magistro
716 2287 831 2308 omnem
847 2279 1049 2308 auctoritatem
1074 2289 1123 2309 ne-

382 2328 541 2358 cessariam
564 2327 725 2356 concedant
759 2331 787 2356 et
815 2327 1009 2364 committant,
1034 2333 1066 2358 ut
1088 2328 1123 2358 ab

382 2375 518 2406 omnibus
554 2375 607 2405 sub
642 2374 800 2414 disciplina,
831 2375 894 2405 eius
930 2375 1123 2406 existentibus

383 2423 556 2461 obediatur,
594 2427 753 2453 veneretur
786 2427 814 2453 et
846 2424 933 2453 simul
963 2424 1121 2463 timeatur,

383 2481 490 2511 eosque
506 2473 624 2502 omnino
639 2473 796 2510 instruere,
808 2473 933 2502 educare
949 2477 977 2503 et
992 2474 1021 2503 in
1038 2474 1124 2513 spiri-

383 2520 511 2550 tualibus
527 2521 607 2551 iuxta
623 2524 729 2551 statuta
746 2521 863 2551 Ordinis
879 2521 1004 2559 dirigere
1020 2522 1121 2560 possit.

442 2568 546 2598 Nullus
578 2573 729 2607 praeterea
753 2569 924 2608 monachus,
954 2569 989 2599 ad
1022 2570 1124 2600 liuius-

971 187 1150 211 BULLARIUM
1176 187 1330 212 ROMANUM

1168 235 1245 265 modi
1267 236 1400 274 magistri
1433 237 1609 268 novitiorum
1643 248 1750 269 munus
1783 241 1906 280 electus,

1167 283 1230 313 sine
1248 283 1379 322 legitima
1400 286 1489 315 causa
1510 295 1526 315 a
1548 286 1645 325 priore
1666 287 1856 327 approbanda
1878 298 1909 319 se

1166 340 1307 362 excusare
1335 337 1363 362 et
1395 333 1523 364 eximere
1557 335 1669 374 possit3
1703 340 1731 366 et
1754 337 1778 366 si
1800 337 1907 377 aliquis

1167 379 1230 409 sine
1246 380 1324 410 dicta
1339 383 1426 411 causa
1444 391 1474 412 se
1490 384 1686 422 excusaverit,
1704 389 1732 414 et
1754 390 1910 425 acceptare

1166 428 1298 458 renuerit
1319 429 1448 460 officium
1471 430 1651 470 huiusmodi,
1674 433 1710 462 ad
1734 433 1840 472 prieris
1862 443 1910 464 ar-

1166 475 1286 505 bitrium
1310 477 1459 516 puniatur.
1484 479 1636 510 Praedicto
1659 481 1746 510 etiam
1769 482 1910 520 magistro

1166 524 1282 554 nullum
1305 525 1390 555 detur
1412 527 1540 557 officium
1557 538 1622 558 cum
1646 530 1764 568 proprio
1787 539 1909 561 munere

1166 572 1413 612 incompossibilia,
1437 576 1571 615 quodque
1594 577 1654 607 sive
1688 578 1718 608 in
1750 579 1907 618 novitiatu,

1167 621 1227 650 sive
1250 621 1279 651 in
1302 622 1403 661 choro,
1421 624 1481 653 sive
1503 625 1533 654 in
1556 626 1710 656 refectorio
1733 637 1746 656 a
1770 637 1822 657 suo
1845 637 1909 658 mu-

1167 678 1236 699 nere
1259 670 1400 710 impedire
1422 676 1471 702 aut
1493 673 1636 704 divertere
1659 675 1828 714 aliqualiter
1844 685 1908 715 pos-

1166 718 1203 747 sit
1221 727 1228 754 3
1252 727 1306 748 nec
1328 720 1362 749 ad
1386 720 1464 750 aliud
1480 721 1509 750 iu
1527 722 1641 752 tabellis
1656 723 1813 762 deputetur
1830 734 1908 754 com-

1166 766 1317 805 munibus,
1341 778 1428 807 quam
1445 769 1479 799 ad
1496 770 1719 809 hebdomadam,
1737 772 1905 812 lectionem,

1167 815 1386 855 pluvialemque
1402 827 1454 856 pro
1476 819 1635 849 celebranti
1651 820 1817 850 comitando
1832 830 1839 858 ;
1864 825 1908 851 to-

1167 868 1287 903 tumque
1316 869 1431 905 tempus
1453 877 1510 906 quo
1532 868 1602 897 dicti
1636 869 1768 906 magistri
1799 878 1907 900 munus

1166 913 1330 943 exercuerit
1345 923 1430 953 supra
1448 924 1540 945 annos
1562 926 1577 945 a
1600 918 1767 956 receptione
1789 917 1908 949 habitus

1166 961 1337 1000 completos,
1362 963 1396 992 ad
1419 963 1589 994 lucrandam
1617 966 1832 1004 exemptionem
1857 966 1907 996 tri-

1165 1009 1244 1046 ginta
1268 1019 1410 1040 annorum
1434 1012 1489 1050 ipsi
1513 1013 1622 1051 pariter
1644 1018 1841 1053 computetur.

1205 1057 1308 1088 Caveat
1331 1064 1425 1089 autem
1449 1061 1614 1099 praedictus
1637 1062 1792 1100 magister,
1822 1067 1854 1093 ut
1875 1063 1906 1093 in

1166 1105 1338 1136 educatione
1360 1108 1536 1137 novitiorum
1553 1113 1581 1138 et
1597 1109 1650 1139 sub
1672 1110 1735 1139 eius
1750 1110 1908 1150 disciplina

1165 1155 1358 1185 existentium
1374 1180 1381 1194 ,
1405 1156 1584 1196 illorumque
1606 1158 1816 1188 correctionem
1830 1183 1838 1197 ,
1861 1159 1906 1189 in.-

1165 1202 1357 1233 structionem
1379 1204 1409 1233 in
1423 1209 1524 1234 nostro
1536 1205 1685 1236 ordinario
1697 1215 1761 1246 cap.
1779 1216 1807 1237 x1
1822 1216 1907 1246 prae-

1164 1251 1303 1290 scriptam
1327 1257 1355 1282 et
1381 1252 1541 1283 laudabiles
1573 1255 1817 1285 monasteriorum
1839 1265 1906 1286 con-

1164 1300 1333 1330 suetudines
1355 1302 1474 1332 omnino
1507 1307 1613 1333 servet.
1636 1303 1776 1334 Attendat
1798 1304 1903 1342 etiarn,

1164 1358 1218 1387 ne,
1243 1351 1292 1389 qui
1315 1354 1383 1380 sunt
1405 1351 1434 1380 in
1457 1352 1601 1381 novitiatu
1616 1376 1623 1390 ,
1647 1353 1740 1382 ullum
1762 1361 1906 1383 commer-

1163 1399 1252 1433 cium,
1267 1401 1517 1430 conversationem
1533 1410 1585 1431 seu
1598 1402 1904 1438 communicationem,

1163 1447 1222 1477 nisi
1245 1449 1375 1487 praecise
1397 1449 1426 1478 in
1450 1451 1625 1480 necessariis
1658 1450 1787 1480 breviter
1819 1460 1906 1490 expe-

1163 1496 1299 1533 diendis,
1328 1507 1394 1527 cum
1424 1499 1576 1529 monacbis
1607 1504 1687 1529 extra
1711 1500 1905 1530 existentibus

1164 1544 1307 1582 habeant3
1325 1550 1351 1576 et
1368 1547 1392 1576 si
1408 1546 1458 1585 qui
1478 1547 1508 1576 in
1532 1547 1586 1577 hoc
1608 1548 1719 1578 fuerint
1733 1548 1905 1588 delinquen—

1163 1598 1217 1632 tes,
1234 1595 1364 1632 gravitcr
1376 1596 1486 1634 puniat.
1502 1597 1595 1635 Super
1607 1607 1663 1636 quo
1680 1598 1805 1627 maxime
1818 1598 1904 1627 etiam

1163 1643 1318 1681 invigilent
1348 1644 1481 1682 priores,
1506 1645 1608 1675 vicarii
1632 1650 1660 1675 et
1683 1645 1881 1685 praesidentes
1896 1671 1903 1684 ,

1165 1693 1323 1722 monachos
1345 1697 1425 1722 extra
1449 1693 1641 1730 novitiatum,
1666 1694 1717 1733 qui
1739 1694 1768 1724 in
1792 1696 1906 1734 praedi-

1163 1742 1217 1771 ctis
1240 1742 1420 1779 defecerint,
1445 1744 1501 1773 tale
1530 1744 1738 1773 commercium
1762 1744 1805 1774 vel
1828 1754 1907 1775 com-

1164 1790 1392 1821 municationem
1415 1791 1567 1829 habentes,
1587 1793 1698 1832 pariter
1720 1793 1903 1832 corrigendo.

1164 1839 1269 1868 Eorum
1301 1839 1401 1869 nullus
1433 1841 1468 1869 ad
1497 1840 1669 1870 novitiatum
1699 1841 1837 1871 accedere
1859 1842 1905 1872 vel

1163 1887 1277 1926 ingredi
1299 1888 1393 1918 valeat
1407 1912 1415 1927 ,
1439 1889 1496 1918 nisi
1518 1890 1552 1919 de
1575 1890 1707 1928 magistri
1729 1890 1775 1920 vel
1797 1891 1906 1930 prioris

1164 1937 1300 1974 licentia,
1324 1937 1460 1977 idemque
1493 1938 1664 1969 observetur
1697 1939 1726 1969 in
1757 1940 1906 1970 communi

1164 1983 1344 2022 dormitorio,
1362 1984 1411 2014 ubi
1430 1989 1458 2014 et
1479 1985 1595 2024 quando
1617 1986 1722 2016 novitii
1743 1986 1904 2024 dormiunt,

1164 2040 1215 2061 seu
1238 2032 1266 2061 in
1290 2032 1422 2072 quolibet
1444 2033 1501 2063 alio
1517 2033 1591 2071 loco,
1609 2034 1659 2064 ubi
1675 2033 1729 2064 suh
1748 2035 1906 2074 disciplina

1165 2081 1297 2119 magistri
1319 2082 1476 2112 existentes
1499 2083 1607 2113 suerint
1629 2084 1809 2122 congregati.

1204 2130 1291 2160 Curet
1315 2131 1436 2170 proinde
1450 2155 1457 2169 ,
1482 2141 1518 2161 ne
1539 2131 1570 2161 in
1592 2131 1735 2162 novitiatu
1757 2132 1906 2163 existenti-

1165 2179 1218 2209 bus
1241 2180 1356 2219 aliquod
1379 2181 1569 2218 consignetur
1591 2180 1737 2220 osficium,
1761 2181 1791 2211 in
1814 2191 1906 2220 quan-

1166 2233 1228 2257 tum
1251 2229 1402 2258 commode
1419 2229 1483 2259 fieri
1505 2229 1606 2268 possit,
1624 2230 1700 2268 quod
1723 2230 1780 2260 illis
1802 2231 1907 2260 distra-

1166 2276 1271 2306 ctionis
1283 2285 1334 2306 seu
1357 2276 1530 2307 diversionis
1552 2278 1666 2307 occasio
1682 2278 1730 2314 sit,
1748 2287 1799 2308 seu
1818 2287 1905 2308 causa

1165 2333 1228 2353 esse
1254 2325 1345 2362 possit
1373 2325 1541 2355 commercii
1571 2329 1600 2355 et
1631 2326 1905 2356 communicationis

1165 2381 1231 2402 cum
1255 2373 1405 2403 monachis
1432 2378 1516 2403 extra
1548 2374 1734 2413 disciplinam
1757 2375 1907 2405 existenti-

1166 2420 1231 2458 bus,
1253 2421 1403 2460 multoque
1426 2422 1523 2451 minus
1547 2432 1613 2452 cum
1635 2422 1850 2460 saecularibus3
1867 2427 1905 2461 et,

1166 2479 1232 2500 cum
1265 2471 1456 2501 recreationis
1488 2473 1576 2501 causa„
1607 2471 1638 2501 in
1671 2472 1770 2502 hortos
1803 2472 1847 2502 vel
1875 2473 1905 2502 in

1166 2528 1300 2558 campum
1323 2519 1376 2549 sub
1398 2520 1551 2560 disciplina
1568 2520 1630 2550 eius
1645 2521 1806 2551 existentes
1824 2530 1905 2559 egre-

1166 2568 1298 2607 diuntur,
1322 2578 1388 2598 cum
1410 2569 1473 2609 ipso
1496 2570 1654 2608 magistro,
1677 2570 1734 2607 vel,
1757 2578 1791 2599 eo
1814 2569 1906 2609 impe-

1920 197 1969 221 Αη.
1986 196 2014 222 C.
2038 195 2107 228 ¹730

1917 1082 2014 1103 omnium
2033 1083 2102 1108 magi-

1917 1109 1954 1129 stri
1963 1109 2099 1130 novitiorum.

2154 127 2156 195 l

2154 243 2156 266 l

2153 270 2156 303 1
