2182 3137
171 201 221 222 an,
239 201 266 222 t..
293 196 357 222 ¹732
403 185 467 220 332)

180 1897 264 1918 Poenae
289 1899 363 1916 contra

180 1930 222 1944 nou
250 1923 363 1944 admitten*

179 1951 219 1971 dos
229 1950 363 1976 recipientes.

367 244 407 273 rei
430 244 542 274 alienae
566 243 729 273 rationibus
752 243 913 281 obnoxius,
938 252 1032 282 neque
1063 242 1107 272 iu-

366 291 439 321 dicis
462 291 606 321 sententia
629 292 716 321 exilio
742 292 908 327 mulctatus,
934 291 989 320 nisi
1014 290 1108 320 credi-

367 339 480 369 toribus
503 345 531 369 et
555 340 776 377 magistratibus
799 339 994 375 satisfecerit,

445 388 573 424 Quinto,
599 398 651 417 nec
674 388 809 426 coniugio
843 389 967 425 ligatus,
991 387 1047 416 nisi
1071 387 1107 416 de

367 446 510 467 consensu
533 437 677 475 coniugis,
703 441 729 466 et
752 438 826 466 sacta
850 446 946 466 coram
971 437 1106 475 episcopo

366 485 550 524 separatione
566 495 573 521 3

447 535 551 568 Sexto,
585 543 637 562 nec
672 533 699 562 in
737 534 934 563 ecelesiastica
965 533 1107 571 dignitate

366 581 554 618 constitutus,
571 581 616 610 cui
641 591 709 610 cura
735 582 897 611 animarum
922 592 1034 611 annexa
1058 582 1106 618 sit,

367 631 423 660 nisi
447 631 475 659 in
500 640 587 660 manu
610 631 654 660 sui
678 631 799 670 praelati
816 631 894 660 illam
912 631 1107 667 abdicaverim

446 679 591 719 Septimo,
616 689 669 708 nee
692 680 797 709 notlms
812 703 819 716 ,
844 690 936 718 neque
959 680 1015 708 alio
1039 680 1108 708 vitio

367 728 501 758 laborans
524 729 771 766 irregularitatem
800 729 959 758 inducente
987 733 1014 758 et
1043 738 1109 767 pro—

366 786 479 806 cessum
504 777 538 806 ad
561 786 660 806 sacros
682 778 799 806 ordines
831 777 1027 816 impediente,
1053 776 1108 805 nisi

368 824 487 855 obtenta
511 825 546 854 ab
569 825 693 855 habente
726 825 892 855 facultatem
926 825 1109 855 absolutione

367 883 417 903 sen
441 874 669 913 dispensatione;

448 925 565 959 Octavo,
589 933 641 952 nec
665 932 752 960 aeger
775 932 908 961 corpore,
933 932 986 952 nec
1010 923 1110 952 morbo

369 971 500 1001 cuiusvis
522 971 679 1008 obnoxius,
700 980 753 1000 nec
777 972 908 1007 insanus,
933 975 981 1000 aut
1004 971 1111 1000 mentis

370 1021 468 1049 minus
490 1029 609 1058 compos
632 1029 721 1055 snae;
746 1020 794 1049 sed
828 1029 950 1058 corpore
973 1029 1062 1048 sanus
1085 1024 1112 1048 et

370 1069 484 1106 integer
500 1069 548 1105 sit,
566 1072 594 1097 et
610 1068 726 1097 interno
742 1073 899 1097 externove
916 1068 986 1097 vitio
1002 1073 1110 1105 careat,

370 1127 427 1156 quo
441 1117 475 1146 ab
492 1117 645 1146 ordinibus
664 1117 870 1156 suscipiendis,
884 1122 933 1146 aut
948 1117 1112 1146 exhibendo

372 1165 512 1195 fratribus
535 1165 699 1194 ministerio
722 1165 910 1204 impediatnr3

451 1213 550 1250 Nono,
576 1223 629 1242 nee
657 1213 706 1252 qni
731 1213 759 1242 in
783 1214 840 1242 alio
863 1213 1041 1243 monasterio
1064 1218 1112 1243 aut

371 1262 480 1292 Ordine
504 1262 714 1300 professionem
751 1262 869 1297 emisit,
894 1262 950 1291 nisi
985 1262 1076 1301 petita
1099 1272 1111 1291 a

370 1311 488 1350 proprio
512 1311 642 1349 praelato
675 1310 785 1348 veniit,
810 1314 837 1339 et
859 1313 959 1340 nostra
981 1311 1112 1348 generali

373 1359 599 1397 congregatione
623 1363 780 1388 annuente.
806 1359 937 1388 Monaobi
961 1368 1039 1397 vero,
1064 1361 1112 1398 qni

372 1418 422 1438 sua
447 1408 531 1437 nobis
556 1408 732 1437 monasteria
756 1408 942 1446 superiorum
967 1407 1112 1446 permissu

371 1457 556 1492 tradiderim,
570 1457 593 1485 si
610 1457 869 1494 Congregationem
886 1461 1015 1485 nostram
1032 1459 1114 1495 opta-

372 1506 485 1539 verint,
503 1506 537 1535 ad
561 1515 670 1535 annum
694 1506 848 1535 (tumtaxat
864 1510 933 1535 sunt
951 1506 1090 1545 probandi
1106 1516 1112 1543 ;

373 1565 430 1595 quo
453 1559 589 1594 peracto,
615 1554 724 1592 rogatis
756 1555 992 1592 congregationis
1015 1564 1113 1583 mona-

371 1605 492 1633 chorum
515 1604 550 1633 de
573 1612 652 1632 more
675 1603 832 1640 suffragiis,
850 1603 885 1632 ad
905 1603 1114 1642 professionem

373 1652 589 1689 admittantur,
613 1651 709 1681 locum
733 1660 802 1680 vero
832 1655 897 1690 post
932 1652 1091 1681 monachos
1106 1676 1113 1689 ‚

372 1712 445 1741 quos
468 1701 655 1737 invenerunt,
679 1700 841 1731 obtineant.
865 1700 919 1735 Qui
941 1710 1010 1730 vero
1034 1701 1114 1730 novi-

373 1751 432 1781 tius
454 1751 483 1779 in
506 1750 562 1779 alio
586 1749 763 1779 monasterio
796 1754 845 1779 aut
870 1749 981 1779 Ordine
1004 1749 1113 1788 suerit,

373 1809 431 1829 non
456 1799 617 1838 recipiatur
639 1799 695 1828 nisi
725 1798 760 1827 de
792 1799 912 1827 lieentia
934 1798 1046 1828 abbatis
1068 1808 1116 1836 ge-

373 1849 493 1878 neralis.

414 1906 463 1926 vu.
488 1896 584 1926 Abbas
601 1895 781 1931 monasterii,
799 1899 956 1935 antequam
974 1896 1115 1925 novitium

374 1945 518 1980 admittat,
536 1944 667 1983 exploret
690 1944 766 1973 circa
790 1944 887 1973 onmia
912 1944 1072 1982 praedicta,
1089 1947 1117 1973 et

374 2004 496 2024 examen
520 1994 569 2022 fiat
594 1993 622 2022 in
645 1993 873 2030 congregatione
895 1993 1115 2021 monachorum.

375 2044 404 2073 Si
421 2043 510 2072 abbas
528 2042 671 2072 novitium
695 2046 760 2080 post
783 2042 977 2080 praemissum
994 2051 1117 2070 examen

376 2092 537 2128 admiserit,
561 2091 666 2120 deinde
690 2091 791 2120 vitium
812 2091 841 2120 in
864 2100 897 2119 eo
920 2090 1118 2128 deprebende-

377 2142 426 2179 rit,
443 2145 494 2170 aut
517 2140 757 2179 impedimentum
782 2140 951 2178 quodlibet,
980 2140 1119 2168 continuo

377 2190 459 2219 illum
483 2199 497 2218 e
520 2188 698 2217 monasterio
731 2188 870 2216 dimittat.
896 2187 924 2217 Si
948 2197 1016 2216 vero
1039 2197 1119 2226 prae-

377 2239 487 2268 dictum
510 2247 634 2267 examen
658 2237 845 2275 neglexerit,
880 2236 915 2265 ab
945 2236 1050 2266 abbate
1072 2246 1121 2274 ge-

377 2287 469 2317 nerali
493 2287 623 2324 graviter
650 2285 706 2314 erit
729 2285 905 2323 puniendus.
940 2284 993 2319 Qui
1022 2289 1119 2314 autem

378 2336 521 2365 novitium
545 2334 729 2374 susceperit,
759 2334 856 2364 sciens
878 2333 1119 2372 impedimentum

379 2384 496 2423 aliquod
513 2394 547 2412 ex
570 2383 727 2423 praedietis
750 2382 875 2420 obstare,
893 2392 929 2411 ex
953 2382 1045 2419 gradu
1068 2391 1120 2412 suo

379 2433 515 2470 excidat,
540 2432 590 2470 qui
613 2431 641 2461 id
666 2440 754 2460 ausus
788 2432 895 2465 fuerit,
919 2431 981 2460 sine
1015 2432 1118 2467 mora,

379 2492 432 2512 nec
455 2482 489 2512 ad
514 2481 606 2510 ullum
629 2480 767 2519 deinceps
783 2480 812 2509 in
830 2480 972 2518 religione
995 2480 1118 2518 gradum

379 2532 501 2561 idoneus
523 2530 665 2569 dignusve
687 2534 841 2560 censeatur
865 2530 925 2569 ipse
939 2553 946 2567 ‚
970 2533 998 2559 et
1020 2538 1121 2559 omnes

380 2580 526 2617 monachi,
544 2579 593 2619 qui
615 2580 644 2609 in
669 2578 899 2617 Congregatione
914 2580 974 2608 una
990 2587 1055 2608 cum
1070 2578 1121 2607 illo

969 194 1150 218 nULLARtUM
1176 194 1330 217 ROMANUM

1897 197 1947 218 An.
1969 196 1998 220 C.
2018 195 2086 221 ¹732

1150 241 1354 280 interfuerint,
1379 242 1412 271 ad
1445 242 1624 277 triennium,
1648 251 1705 281 qno
1737 242 1850 280 expleto
1873 250 1888 270 a

1149 291 1376 328 congregatione
1410 291 1641 328 liegumenorum
1672 291 1889 320 restitutionem

1150 339 1312 369 obtineant.
1337 340 1469 369 Novitius
1502 349 1592 375 vero,
1616 349 1681 369 eum
1715 340 1744 369 in
1773 339 1889 368 modum

1151 392 1298 426 receptus,
1312 388 1335 417 si
1352 397 1405 417 nee
1421 388 1490 417 dum
1514 388 1723 426 professionem
1747 387 1888 423 emiserit,

1151 437 1330 466 monasterio
1353 437 1537 475 expellatur,
1561 436 1604 466 sin
1628 440 1724 466 autem
1746 437 1891 475 professus

1150 486 1247 523 suerit,
1266 495 1311 514 res
1327 485 1361 514 ad
1379 485 1634 523 congregationem
1659 485 1890 522 begumenorum

1151 533 1287 563 devoluta
1311 538 1465 563 censeatur
1482 557 1489 570 ,
1516 543 1588 572 quae
1622 543 1686 562 rum
1711 534 1893 563 reverendis-

1151 582 1224 611 simo
1246 582 1364 611 domino
1394 583 1558 621 patriarcba
1583 587 1632 612 aut.
1653 582 1784 620 legitimo
1807 591 1892 621 supe-

1152 629 1229 659 riore
1251 640 1369 663 causam
1391 630 1522 659 deliniet..

1192 688 1250 708 vm.
1269 680 1357 709 Debet
1374 680 1493 718 insuper
1511 679 1599 708 abbas
1615 679 1650 708 de
1667 679 1767 708 novitii
1785 683 1898 713 aetate,-

1153 728 1261 765 indole,
1286 728 1423 766 seientia,
1448 728 1628 765 valetudine,
1659 729 1744 757 causa
1768 727 1893 756 vocatio-

1153 779 1198 806 nis
1221 777 1256 806 ad
1279 781 1387 807 statum
1411 777 1592 815 religiosum,
1617 781 1644 806 et
1667 777 1772 806 ceteris
1795 776 1893 805 buius-

1153 825 1231 854 modi
1264 834 1460 862 cognoseere3
1484 825 1570 864 idque
1594 826 1643 854 siat
1672 825 1700 854 in
1735 833 1893 862 congrega—

1154 874 1232 903 tione
1256 874 1475 903 monachorum.

1931 688 1961 707 tio
1985 687 2087 707 examine.

1193 931 1232 951 lx.
1257 922 1412 961 Postquam
1441 932 1509 960 ergo
1538 922 1626 951 abbas
1648 932 1713 951 cum
1738 922 1895 951 monacho-

1155 980 1219 999 rnm
1237 971 1467 1008 congregatione
1483 971 1690 1000 admissionem
1708 971 1812 1000 novitii
1828 980 1895 1010 pro-

1154 1018 1251 1053 bavit,
1276 1023 1335 1047 tum
1360 1028 1428 1047 vero
1458 1018 1553 1047 locum
1577 1029 1591 1047 a
1615 1019 1756 1049 fratribus
1778 1028 1895 1058 separa-

1156 1071 1215 1095 tum
1239 1066 1282 1095 illi
1305 1066 1489 1103 assignabit,
1513 1067 1611 1105 ibique
1642 1068 1676 1096 ad
1706 1072 1770 1096 octo
1792 1067 1894 1097 saltem

1155 1117 1216 1145 dies
1238 1116 1310 1145 eitra
1336 1115 1452 1145 babitus
1475 1116 1666 1145 mutationem
1693 1120 1829 1154 maneat,
1854 1120 1897 1146 at-

1155 1175 1211 1204 que
1234 1165 1345 1195 interea
1370 1165 1486 1202 regulas
1507 1165 1637 1201 Ordinis,
1654 1170 1760 1195 statuta
1777 1170 1805 1194 et
1827 1175 1896 1195 con—

1155 1214 1327 1243 suetudines
1360 1214 1516 1242 examinet.
1551 1214 1581 1243 Et
1616 1215 1740 1253 prinmm
1777 1214 1894 1253 quidem

1156 1263 1282 1292 novitius
1298 1262 1463 1300 generalem
1480 1267 1663 1300 peecatorum
1682 1263 1896 1292 consessionem

1156 1311 1231 1350 apud
1249 1311 1430 1340 sacerdotem
1448 1311 1482 1339 ad
1499 1311 1685 1349 excipiendas
1700 1311 1895 1340 saecularium

1156 1360 1354 1389 consessiones
1371 1359 1406 1388 ab
1424 1359 1562 1397 episeopo
1585 1359 1776 1397 approbatum
1800 1359 1894 1394 obeat,

1156 1413 1244 1447 atque
1267 1417 1378 1437 sacram
1403 1407 1639 1437 communionem
1666 1407 1819 1446 percipiat.
1843 1407 1897 1437 Po-

1157 1461 1237 1494 stea,
1263 1456 1429 1485 convocatis
1463 1456 1634 1493 monacbis,
1658 1457 1718 1484 sive
1752 1455 1897 1485 matutino

1156 1505 1217 1534 sive
1233 1505 1400 1543 vespertino
1417 1509 1559 1543 tempore,
1576 1504 1665 1533 abbas
1687 1504 1830 1533 novitium
1853 1504 1898 1533 in-

1156 1553 1225 1583 ‹luat
1242 1557 1376 1591 tyronum
1395 1553 1493 1582 babitu
1516 1553 1597 1582 iuxta
1625 1553 1713 1582 ritum
1733 1552 1896 1592 Syriacum.

1198 1611 1226 1631 x.
1252 1602 1283 1631 ln
1307 1602 1437 1640 quolibet
1457 1602 1634 1631 monasterio
1647 1601 1790 1631 habeatur
1812 1601 1897 1639 liber,

1158 1651 1187 1680 in
1211 1661 1267 1690 quo
1290 1651 1381 1680 abbas
1403 1651 1551 1680 describat
1573 1660 1679 1680 nomen
1702 1651 1804 1680 novitii
1823 1674 1830 1687 ,
1855 1660 1901 1680 co—

1158 1709 1296 1738 gnomen,
1322 1700 1457 1738 patriam⁷
1478 1700 1567 1737 diem,
1592 1708 1721 1729 mensem
1741 1704 1769 1728 et
1791 1708 1900 1729 annum

1158 1758 1216 1788 quo
1240 1749 1370 1778 habitum
1406 1749 1507 1778 novitii
1539 1748 1680 1787 suscepit.
1705 1748 1849 1777 Similiter
1871 1748 1901 1778 in

1159 1797 1259 1827 codice
1292 1797 1448 1826 atinotetur
1470 1797 1531 1826 dies
1554 1797 1584 1826 in
1607 1806 1664 1835 quo
1688 1796 1837 1835 professus
1859 1801 1903 1826 est

1159 1847 1354 1876 monasticum
1378 1846 1509 1876 habitum
1541 1846 1739 1885 suscipiendo.
1764 1846 1798 1875 Et
1821 1855 1904 1884 prae-

1159 1896 1254 1925 dictus
1277 1895 1351 1924 liber
1373 1895 1403 1924 in
1433 1895 1563 1925 archivio
1586 1895 1756 1924 monasterii
1778 1903 1904 1934 repona-

1160 1948 1218 1974 tur.
1422 1951 1425 1953 ’

1200 2002 1240 2022 xl.
1270 1992 1417 2031 Tyrocinii
1451 2001 1545 2021 annus
1578 1992 1781 2031 supputandus
1810 1993 1866 2022 erit
1888 2001 1903 2022 a

1161 2042 1216 2076 die,
1241 2051 1298 2081 quo
1322 2041 1455 2070 habitum
1479 2041 1582 2070 novitii
1604 2041 1746 2079 induerit,
1771 2045 1800 2070 et
1823 2041 1903 2080 prior

1163 2095 1312 2129 tempore,
1338 2090 1433 2128 potior
1465 2091 1502 2119 sit
1531 2090 1560 2119 in
1583 2090 1686 2127 gradu.
1709 2089 1746 2118 At
1768 2089 1903 2119 sacerdos

1162 2149 1240 2176 eum,
1259 2140 1308 2178 qni
1325 2139 1459 2168 sacerdos
1477 2148 1534 2168 non
1551 2143 1605 2176 est,
1625 2138 1783 2177 praeeedit,
1801 2142 1828 2168 et
1843 2138 1904 2167 dia-

1162 2198 1253 2218 conus
1275 2198 1333 2217 non
1355 2188 1522 2217 diaconum.

1203 2246 1251 2266 ΧΗ.
1276 2236 1337 2265 Non
1355 2236 1441 2265 liceat
1457 2235 1565 2271 abbati,
1583 2244 1676 2274 neque
1689 2235 1766 2272 aliis,
1787 2235 1903 2272 exigere
1942 2242 2045 2273 attollat]
2061 2243 2098 2273 aa·

1163 2289 1212 2314 aut
1234 2285 1366 2324 accipere
1389 2295 1402 2312 a
1426 2284 1545 2313 novitiis
1573 2284 1732 2322 quidquam
1756 2293 1807 2323 pro
1828 2269 2023 2323 ipso-Jssfiffffitnudssff
2043 2275 2099 2290 ‘⁹⁰¹‘

1163 2342 1228 2362 rum
1251 2333 1422 2371 receptione
1455 2332 1490 2361 ad
1524 2332 1727 2371 prolmtionem
1747 2341 1754 2367 3
1779 2331 1828 2360 sed
1851 2340 1905 2360 nee

1164 2381 1290 2420 pretium
1314 2380 1403 2409 vestis
1425 2380 1459 2409 ad
1485 2380 1686 2418 probationem
1710 2379 1904 2409 necessariae.

1163 2430 1193 2459 Si
1216 2439 1285 2459 vero
1307 2429 1436 2458 novitius
1458 2433 1561 2468 sponte
1584 2429 1733 2467 quidpiam
1757 2432 1904 2458 monaste—

1163 2480 1207 2509 rio
1230 2478 1379 2516 obtulerit,
1404 2478 1432 2507 id
1456 2487 1542 2518 porro
1566 2478 1660 2517 palam
1683 2482 1712 2507 et
1734 2478 1764 2507 in
1788 2477 1904 2516 publico

1163 2532 1311 2558 conventu
1335 2528 1395 2565 fiat,
1420 2527 1562 2566 ced-atque
1584 2527 1613 2556 in
1637 2535 1821 2556 communem
1845 2533 1905 2555 mo-

1163 2577 1286 2606 nasterii
1308 2586 1404 2607 usum.

1965 935 2089 961 (laterisque

1907 961 2076 988 praemittendis.

1956 1610 2092 1631 Admissionis

1911 1638 1956 1657 «ties
1972 1637 2074 1658 notanda·
