2182 3137
195 166 244 193 Αη.
261 167 291 194 C.
313 167 382 194 1730

383 216 725 258 transgressionibus,
765 215 941 248 homicidio
983 215 1126 255 casuali,

382 279 535 301 manuum
563 269 775 301 violentarum
802 269 834 300 in
861 268 988 311 quasvis
1013 278 1128 311 perso-

383 332 439 353 nas
456 321 550 353 etiam
578 321 816 354 ecclesiasticas
836 322 914 363 (non
934 327 1039 354 tamen
1058 321 1127 364 epi-

383 384 500 416 scopos
524 375 573 406 vel
600 374 680 407 alios
718 375 910 417 superiores
936 375 1125 417 praelatos)

384 427 423 459 de
449 427 628 470 praeterito
654 426 897 466 iniectionibus,
914 438 971 460 seu
997 427 1125 460 consilii

383 482 434 513 vel
468 480 584 512 favoris
615 480 654 512 ad
688 480 718 512 id
756 481 1051 523 praestationibus,
1084 480 1128 513 ie-

385 533 550 566 iuniorum
578 533 809 566 omissionibus
835 534 923 576 (non
950 539 1055 566 tamen
1079 544 1127 566 re-

385 586 549 619 citationis
586 586 740 618 horarum
773 587 1025 626 canonicarum,
1050 586 1128 619 alio-

386 650 524 682 rumque
551 639 734 671 divinorum
761 640 980 682 officiorum),
1016 645 1048 672 et
1073 640 1129 672 de-

385 693 484 736 nique
503 693 542 725 ab
560 693 711 725 omnibus
731 699 762 725 et
782 693 1040 736 quibuscumque
1058 693 1129 725 aliis

385 747 502 778 vestris
528 745 692 788 peccatis,
718 746 908 778 criminibus
936 751 968 778 et
993 745 1130 777 excessi-

385 799 444 831 bus
469 810 505 831 ac
532 799 673 838 delictis,
699 804 1000 841 quantumeumque
1027 799 1129 840 gravi-

386 852 445 884 bus
471 858 502 885 et
528 853 739 891 enormibus,
768 851 864 883 etiam
893 852 1029 889 talibus,
1055 861 1130 893 pro-

387 911 459 948 pter
484 916 565 948 quae
592 905 691 937 Sedes
717 904 883 947 praedicta
916 904 1029 936 merito
1055 915 1131 936 con-

387 959 519 990 sulenda
552 958 652 997 soret,
678 958 832 989 videlicet
864 968 881 988 a
912 956 1071 989 contentis
1097 956 1129 988 in

388 1011 504 1044 litteris
544 1011 594 1043 die
634 1010 760 1043 Coenae
800 1010 929 1042 Domini
969 1010 1129 1052 publicari

388 1064 562 1104 consuetis,
581 1064 683 1095 semel
704 1069 825 1095 tantum
841 1063 872 1094 in
888 1063 950 1094 vita
967 1067 999 1095 et
1018 1063 1130 1094 mortis

387 1118 549 1157 arficulo,
576 1116 607 1148 in
644 1116 780 1158 reliquis
811 1127 886 1148 vero
921 1116 1025 1147 dictae
1055 1114 1129 1148 Sodi

388 1170 694 1212 quomodocumque
712 1169 892 1208 reservatis,
913 1168 1049 1211 aliisque
1064 1168 1132 1210 qui-

387 1223 494 1255 busvis
519 1223 670 1261 casibus,
699 1223 799 1254 semel
827 1222 855 1253 in
884 1231 978 1260 anno,
1004 1221 1131 1253 conses-

387 1274 534 1308 sionibus
558 1274 676 1306 vestris
702 1274 877 1315 diligenter
903 1273 1021 1306 auditis
1047 1273 1130 1315 (sine

389 1334 495 1360 tamen
521 1328 659 1360 alicuius
685 1327 912 1370 praeiudicio),
939 1326 1131 1359 auctoritate

387 1381 570 1424 apostolica
596 1381 774 1420 absolvere,
794 1387 825 1413 et
845 1381 934 1413 vobis
959 1391 1020 1423 pro
1046 1390 1131 1412 com-

387 1434 491 1467 missis
510 1433 745 1476 poenitentiam
763 1434 933 1475 iniungere
948 1435 1130 1472 salutarem,

387 1499 515 1521 necnon
541 1480 614 1520 vota
640 1498 864 1531 quaecumque
884 1487 1130 1529 (ultramarino,

386 1541 576 1573 visitationis
601 1541 750 1572 liminum
782 1541 952 1572 beatorum
980 1540 1066 1572 Petri
1101 1545 1132 1571 ct

387 1593 476 1626 Pauli
501 1594 736 1637 apostolorum,
757 1593 976 1635 castitatisque
1005 1598 1037 1625 et
1058 1592 1131 1625 reli-

387 1648 492 1689 gionis
516 1647 598 1680 votis
621 1647 785 1679 dumtaxat
810 1646 981 1690 exceptis)
1008 1646 1040 1678 in
1067 1646 1132 1678 alia

388 1701 518 1744 pietatis
545 1711 646 1743 opera
679 1705 878 1733 commutare
903 1701 1019 1732 valeat.

972 167 1155 190 BULLARIUM
1181 167 1338 191 ROMANUM

1170 215 1409 258 rosolymitani,
1438 216 1746 259 quomodocumque
1771 221 1802 248 et
1834 226 1912 259 qua·

1170 268 1385 312 litercumque
1424 268 1680 312 qualificatorum
1697 295 1705 308 ,
1730 269 1886 301 fructibus
1902 296 1909 307 ,

1170 322 1360 362 redditibus,
1386 322 1610 365 proventibus,
1629 322 1768 362 iuribus,
1793 322 1914 354 obven-

1172 374 1314 407 tionibus
1341 380 1373 407 et
1400 374 1693 413 distributionibus,
1714 374 1809 407 etiam
1836 385 1915 417 quo-

1173 427 1316 467 tidianis,
1335 438 1390 460 seu
1413 427 1541 460 illarum
1562 428 1634 460 loco
1654 427 1785 466 fructus,
1805 427 1914 460 reddi-

1173 485 1234 519 tus,
1258 485 1441 522 proventus,
1469 480 1561 520 iura,
1587 480 1798 513 obventiones
1824 484 1856 512 et
1881 490 1912 512 e-

1172 534 1391 573 molumenta,
1412 533 1502 565 vobis
1521 544 1607 565 nunc
1633 539 1663 565 et
1689 544 1746 576 pro
1767 539 1912 576 tempore

1172 586 1338 627 assignata
1355 590 1386 618 et
1411 591 1583 623 reservata,
1603 596 1638 617 ac
1664 586 1861 628 assignanda
1882 590 1914 618 et

1173 639 1379 678 reservanda,
1401 649 1459 681 pro
1477 638 1598 670 summa
1617 638 1768 671 videlicet
1792 643 1915 671 trecen-

1174 697 1279 723 torum
1306 692 1495 724 ducatorum
1516 692 1584 724 auri
1607 693 1646 724 de
1662 692 1792 724 Camerti
1810 692 1915 734 quoad

1173 744 1318 787 singulos
1343 750 1497 783 vestrum,
1524 745 1793 788 quandocumque
1819 744 1915 777 alicui

1172 804 1315 830 vestrum
1341 798 1520 840 respective
1546 798 1719 841 placuerit,
1744 798 1839 831 simul
1865 798 1915 830 vel

1173 851 1371 890 successive,
1399 851 1430 882 in
1459 856 1525 884 toto
1550 852 1599 883 vel
1627 852 1657 883 in
1683 856 1792 894 parte,
1818 850 1914 883 etiam

1174 904 1205 936 in
1242 904 1415 936 cuiuslibet
1451 909 1594 936 vestrum
1621 904 1733 937 mortis
1758 904 1913 943 articulo,

1174 967 1301 989 cassare
1321 962 1353 989 et
1370 957 1582 998 extinguere,
1601 968 1646 996 ae,
1665 963 1836 999 postquam
1855 967 1916 989 cas-

1174 1015 1261 1042 satae
1289 1015 1321 1041 et
1346 1010 1504 1042 extinctae
1543 1010 1686 1051 suerint,
1719 1010 1797 1042 alias
1831 1009 1917 1042 simi-

1175 1063 1220 1094 les
1238 1062 1413 1104 pensiones
1439 1073 1559 1095 annuas
1585 1073 1685 1105 super
1711 1063 1833 1095 eisdem
1853 1063 1917 1094 sru-

1175 1115 1290 1153 ctibus,
1312 1115 1503 1155 redditibus,
1528 1116 1756 1158 proventibus,
1782 1115 1915 1155 iuribus,

1175 1168 1427 1200 obventionibus
1452 1174 1482 1200 et
1512 1168 1797 1201 distributionibus
1824 1173 1855 1201 et
1886 1178 1918 1200 e-

1175 1221 1405 1261 molumentis,
1431 1232 1488 1254 seu
1514 1222 1642 1254 illarum
1676 1223 1748 1255 loco
1775 1221 1918 1260 fructus,

1176 1274 1335 1313 redditus,
1365 1279 1549 1317 proventus,
1571 1274 1654 1314 iura,
1680 1275 1892 1307 obventiones
1907 1301 1914 1311 ,

1176 1326 1426 1359 distributiones
1442 1333 1473 1359 et
1488 1328 1704 1360 emolumenta
1719 1327 1916 1366 huiusmodi,

1176 1389 1277 1422 usque
1296 1380 1335 1412 ad
1354 1391 1511 1412 summam
1539 1385 1570 1412 et
1594 1380 1807 1422 quantitatem
1827 1390 1920 1423 prae-

1176 1432 1312 1472 dictam,
1339 1433 1392 1465 uni
1420 1434 1468 1466 vel
1495 1433 1644 1476 pluribus
1670 1433 1741 1465 aliis
1766 1432 1917 1476 personis

1177 1486 1273 1518 etiam
1292 1497 1351 1529 per
1375 1497 1430 1519 vos
1457 1486 1673 1526 nominandis,
1701 1487 1796 1518 etiam
1823 1495 1918 1529 qnae-

1177 1549 1325 1582 cumquc,
1353 1545 1575 1582 quotcumque
1607 1546 1637 1572 et
1668 1540 1919 1582 qualiacumque

1176 1592 1335 1625 beneficia
1373 1593 1592 1626 ecclesiastica
1631 1593 1856 1625 obtinentibus
1889 1598 1920 1624 et

1178 1646 1429 1688 expectantibus,
1449 1646 1554 1679 clerici
1574 1657 1630 1678 seu
1648 1645 1788 1678 clericali
1807 1646 1919 1678 chara-

1178 1704 1263 1731 ctere
1300 1699 1448 1741 insigniri
1486 1699 1689 1738 volentibus,
1717 1699 1813 1731 etiam
1851 1697 1917 1737 eis,

1921 169 1968 194 An.
1991 166 2020 194 C.
2042 167 2110 196 1730

250 1759 377 1807 antsifflum
432 1755 446 1797 ἓ
472 1754 502 1786 5.
530 1754 693 1796 Vobisque
720 1753 855 1786 ulterius
881 1759 912 1785 et
936 1755 1132 1795 cuicumque
1179 1752 1286 1794 quoad
1307 1752 1463 1790 vixerint,
1488 1762 1544 1784 seu
1567 1762 1680 1784 eorum
1700 1751 1920 1794 procuratori-

197 1789 527 1840 affimssuissi'n‘ffnvegnqnn
552 1806 734 1849 respective
752 1832 759 1845 ‚
787 1811 820 1837 ut
846 1805 1042 1848 quicumque
1071 1805 1132 1838 loci
1179 1804 1237 1836 bus
1268 1804 1356 1837 adid
1382 1805 1522 1846 speciale
1538 1804 1577 1836 ab
1596 1804 1641 1837 eis
1662 1804 1848 1836 mandatum
1867 1803 1920 1835 ha-

195 1841 336 1861 trecentorum
344 1839 377 1858 du<

197 1869 295 1887 catorum
310 1866 336 1885 ab
349 1866 378 1885 εἰς
389 1860 549 1893 Ordinarii
576 1861 624 1892 vel
643 1859 792 1892 canonici
811 1859 1133 1901 metropolitanarum

197 1893 242 1913 fieri
279 1897 379 1918 quot-um.
1179 1858 1341 1897 bentibus,
1364 1857 1477 1890 iisdem
1505 1858 1600 1890 modo
1623 1862 1654 1889 et
1676 1858 1776 1890 forma
1802 1856 1920 1900 quibus

197 1921 449 1946 quetemvowacseu
476 1913 612 1946 aliarum
640 1911 878 1944 cathedralitnn
905 1911 1135 1949 ecclesiarum,

202 1946 371 1974 quibuscumque

196 1978 292 1999 personis
332 1977 381 1992 cou-

199 1999 263 2020 cedit.

392 1972 447 1999 aut
472 1976 632 2009 personae
663 1966 694 1997 in
729 1965 884 2007 dignitate
917 1964 1136 1997 ecclesiastica

393 2018 610 2057 constitutae,
639 2023 699 2050 tam
727 2018 757 2049 in
784 2018 868 2049 dieta
893 2017 1010 2056 Curia,
1038 2028 1133 2060 quam

394 2077 484 2105 extra
509 2082 589 2110 eam,
611 2071 647 2103 ad
675 2071 705 2103 id
733 2081 791 2113 per
808 2081 864 2103 vos
885 2071 1064 2113 respective
1083 2082 1136 2104 co-

394 2136 464 2158 ram
491 2124 618 2157 notario
645 2130 676 2156 et
703 2124 838 2157 testibus
865 2124 927 2156 fide
954 2124 1058 2166 dignis
1083 2125 1137 2157 eli-

394 2178 488 2220 gendi
516 2188 569 2210 seu
594 2177 784 2219 eligendae,
813 2188 1031 2220 quascumque
1057 2188 1136 2220 pen-
1158 2185 1159 2192 ¹

396 2232 505 2264 siones
538 2242 660 2263 annuas
698 2230 788 2263 vobis
825 2241 925 2273 super
952 2241 1134 2263 mensarum

395 2283 604 2316 abbatialium
632 2294 686 2315 seu
706 2283 932 2325 capitularium
953 2294 988 2315 ac
1018 2283 1137 2325 episco-

396 2338 517 2379 palium
536 2342 566 2369 et
583 2336 912 2378 archiepiscopalium
932 2347 967 2368 ac
988 2347 1137 2378 quorum·
1157 2353 1159 2363 ι

395 2400 532 2432 cumque
571 2389 802 2421 beneficiorum
838 2389 1134 2422 ecclesiasticorum

396 2453 467 2474 cum
494 2444 569 2474 cura
601 2447 630 2474 et
663 2443 732 2475 sine
759 2444 834 2474 cura
859 2443 1076 2474 saccularium
1106 2448 1138 2475 et

397 2496 581 2538 quorumvis
606 2495 760 2528 Ordinum
788 2501 819 2528 et
837 2495 1024 2527 militiarum
1043 2506 1138 2537 regu-

396 2547 527 2587 larium,
554 2548 650 2580 etiam
677 2548 850 2590 hospitalis
867 2548 896 2580 S.
915 2548 1044 2580 Ioannis
1064 2548 1138 2581 llie-

1178 1910 1269 1942 vobis
1294 1911 1476 1953 assignatae
1503 1916 1534 1943 et
1558 1916 1739 1943 reservatae
1765 1920 1820 1942 seu
1847 1909 1921 1942 assi-

1180 1970 1276 2005 gnata
1309 1969 1340 1996 et
1373 1974 1530 1996 concessa
1568 1964 1686 1996 fuerint
1721 1963 1918 2006 respective,

1181 2018 1277 2049 etiam
1303 2018 1425 2060 absque
1452 2027 1611 2050 consensu
1638 2018 1767 2050 easdem
1793 2016 1922 2059 pensio-

1179 2081 1237 2103 nes
1263 2072 1389 2103 solverc
1415 2071 1615 2111 debentium,
1635 2070 1760 2103 etiamsi
1782 2070 1852 2102 illas
1869 2070 1920 2102 vel

1179 2124 1234 2156 illa
1259 2123 1336 2156 alias
1370 2124 1492 2156 cassari
1518 2129 1548 2156 et
1572 2123 1728 2156 reservari
1766 2122 1805 2155 de
1839 2132 1920 2155 novo

1181 2177 1319 2209 faciendi
1347 2177 1531 2208 facultatem
1564 2186 1629 2208 non
1661 2175 1859 2215 habueritis,
1886 2185 1921 2207 ac

1179 2230 1358 2272 pensiones
1384 2234 1415 2261 et
1439 2230 1570 2268 fructus,
1596 2228 1753 2267 redditus,
1781 2238 1920 2271 proven-

1181 2289 1239 2322 tus,
1265 2282 1350 2322 iura,
1370 2281 1592 2321 obventiones
1615 2293 1651 2315 ac
1672 2281 1921 2314 distributiones

1180 2341 1211 2368 et
1228 2336 1448 2368 emolumenta
1467 2335 1653 2368 huiusmodi
1675 2336 1771 2368 etiam
1798 2335 1920 2378 pluries

1180 2394 1302 2422 cassata
1326 2395 1358 2422 et
1393 2390 1432 2421 de
1463 2399 1544 2421 novo
1581 2389 1746 2431 assignata
1780 2388 1918 2429 suerint,

1180 2453 1282 2486 usque
1300 2442 1339 2474 ad
1360 2453 1518 2474 summam
1537 2446 1569 2474 et
1590 2442 1806 2485 quantitatem
1831 2451 1922 2483 prae-

1181 2495 1318 2536 dictam,
1346 2495 1442 2528 etiam
1467 2495 1584 2528 litteris
1610 2493 1798 2538 apostolicis
1823 2503 1920 2536 super

1180 2547 1454 2581 reservationibus
1468 2552 1500 2580 et
1515 2547 1789 2589 assignationibus
1806 2547 1921 2579 huius-
