2182 3137
26 254 72 282 An.
93 251 122 280 G.
140 251 208 279 1732

57 897 86 919 De
102 897 204 918 electione

25 924 204 945 viee-caruerarii

25 954 45 972 et
80 951 205 977 pru-poeui-

24 978 114 999 tentiarii
138 983 205 998 maio-

53 2599 212 2623 poenitentiarii

35 2626 134 2651 praedicti
149 2628 211 2650 sacul-

36 2653 194 2681 mampnaiur.
224 2655 346 2684 ctorum
372 2650 656 2693 praedecessorum
678 2649 762 2682 idem
787 2650 955 2694 poeniten-

851 245 992 272 CLEMENS
1018 246 1063 271 xn
1087 246 1136 272 PP-

218 299 282 332 sint
308 309 343 332 ex
371 297 488 331 familia
512 297 648 331 alicuius
672 295 866 336 cardinalis;
897 295 952 327 mi-

216 351 302 384 nime
321 353 442 384 attenta
461 356 515 383 aut
532 349 726 392 suffragante
747 358 950 392 quacumque

217 405 378 439 contraria
399 404 633 437 consuetudine
649 408 704 436 aut
720 402 951 439 declaratione,

216 459 312 491 etiam
337 457 460 501 pluries
485 457 523 489 ab
549 456 662 489 eodem
689 455 828 497 collegio
853 455 952 487 cardi·

217 512 339 545 nalium
366 511 465 544 edita.
492 509 559 548 Quo
585 515 692 542 autem
718 509 755 542 ad
786 508 890 541 sahros
915 508 952 540 li-

215 565 363 608 gnarium
389 569 420 596 et
445 563 712 601 caementarium,
740 562 848 594 nullus
873 561 952 594 reci-

216 619 325 663 piatur
350 618 403 661 qui
440 627 551 650 revera
577 622 660 649 artes
693 616 764 649 illas
799 625 864 647 non
890 615 952 647 cal-

217 673 294 710 leat,
316 671 510 715 publiceque
529 670 719 714 profiteatur
737 680 772 703 ac
790 672 950 702 exerceam

216 736 276 759 nec
301 725 475 767 collegium
499 724 594 757 ullam
619 728 812 767 potestatem
834 722 951 755 habeat

219 778 431 822 dispensandi
455 777 538 810 circa
559 776 658 809 dictas
679 775 860 819 qualitateS,
878 775 952 808 alia-

216 842 277 876 que
303 832 492 875 praemissa.
929 821 937 830 ⁵

260 885 274 928 ξ
301 884 354 917 15.
380 883 441 916 Per
467 882 592 916 obitum
618 881 795 921 pontificis,
825 892 883 914 nec
902 892 951 914 ca-

217 937 359 976 merarii,
385 947 444 970 nec
468 935 710 980 poenitentiarii
729 934 861 968 maioris
887 934 953 968 offi-

216 991 265 1025 cia
301 1000 426 1024 cessare
464 1000 480 1022 a
516 989 609 1022 dictis
644 989 951 1032 praedecessoribus

217 1049 344 1078 cautum
371 1054 500 1088 quoque
526 1042 699 1087 reperitur.
726 1042 860 1082 Verum,
881 1042 953 1086 quia

217 1098 409 1141 contingere
435 1102 542 1140 potest
567 1096 710 1136 alterius,
737 1096 821 1128 sicut
845 1096 875 1128 in
903 1106 953 1129 no·

218 1151 355 1185 vissimis
381 1150 499 1184 accidit
523 1149 672 1189 comitiis,
696 1159 731 1182 ac
757 1149 854 1182 etiam
878 1149 954 1181 utri-

217 1216 322 1249 usque
363 1204 460 1238 officii
497 1203 684 1236 huiusmodi
722 1202 846 1235 vacatio
880 1207 953 1236 ante

217 1259 288 1292 novi
311 1257 476 1291 Pontificis
493 1257 710 1297 creationem;
731 1256 866 1289 formam
884 1266 954 1300 pro-

216 1319 328 1359 pterea
364 1319 437 1345 tunc
471 1312 707 1345 observandam
732 1311 876 1343 stabilire
901 1321 954 1344 vo-

217 1368 334 1407 lentes,
363 1365 576 1401 decernimus⁷
595 1370 643 1403 ut,
662 1364 686 1397 si
712 1370 744 1397 et
768 1364 897 1408 quando
922 1364 953 1396 id

217 1420 383 1458 evenerit,
408 1418 618 1463 congregatio
651 1418 813 1461 generalis
850 1417 954 1451 triduo

216 1479 291 1519 post
314 1478 452 1506 secutam
478 1472 676 1505 vacationem
703 1471 891 1504 alterutrius
917 1481 953 1504 ex

217 1527 370 1572 praefatis
396 1525 508 1559 officiis
544 1525 714 1565 habeatur,
742 1535 778 1557 ac
802 1530 874 1557 vota
899 1534 954 1557 seu

218 1581 371 1623 sull'ragia
407 1579 630 1618 cardinalium,
669 1583 743 1621 post
773 1578 953 1611 absolutum

218 1634 409 1668 scrutinium
443 1633 539 1665 simul
572 1638 861 1674 congregatorum,
895 1642 953 1675 pro

219 1687 429 1733 deputatione
468 1686 572 1725 illius,
612 1685 666 1729 qui
700 1685 869 1718 camerarii
906 1688 952 1720 vel

219 1741 460 1788 poenitentiarii
500 1740 631 1774 maioris
680 1739 763 1773 vices
806 1741 955 1783 suppleat

220 1805 319 1838 usque
356 1793 394 1826 ad
425 1792 617 1826 electionem
653 1791 727 1824 novi
769 1791 952 1830 Pontilieis,

219 1849 429 1892 exquirantur
465 1846 649 1889 denturque
685 1855 743 1889 per
781 1845 954 1878 schedulas

219 1907 360 1935 secretas
385 1905 417 1933 et
442 1900 624 1943 impressas,
651 1909 668 1931 a
693 1898 853 1941 magistris
888 1909 955 1932 cae-

219 1955 440 1989 remoniarum
466 1954 561 1986 etiam
587 1953 625 1986 ab
651 1953 787 1986 infirmis
809 1953 955 1987 cardina-

219 2011 303 2044 libus
328 2008 535 2051 colligendas,
561 2018 597 2040 ac
621 2018 727 2041 coram
761 2007 862 2040 tribus
888 2001 976 2044 car-J

220 2063 381 2096 dinalibus
408 2072 446 2095 eo
478 2067 622 2104 tempore
658 2061 689 2093 in
721 2061 834 2094 ordine
870 2061 976 2104 prio-¹

219 2117 322 2156 ribus,
351 2115 577 2159 praesentibus
600 2114 720 2147 eisdem
740 2115 955 2147 caeremonia·
976 2138 977 2144 ,

220 2181 289 2204 rum
315 2168 476 2211 magistris
503 2173 599 2211 atque
618 2167 747 2210 collegii
770 2169 953 2207 secretario,
976 2178 977 2187 ¹

221 2223 435 2267 aperiendas;
473 2222 565 2266 isque
595 2221 764 2265 deputatus
792 2221 954 2262 habeatur,

223 2276 254 2309 in
280 2286 374 2319 quem
399 2275 501 2308 maior
532 2285 606 2318 pars
643 2279 788 2308 votorum
811 2285 867 2308 scu
893 2276 956 2308 sus-

224 2329 398 2372 sragiorum
430 2329 647 2372 praefatorum
682 2329 892 2369 convenerim
920 2340 956 2362 ac

224 2383 269 2415 sic
289 2383 440 2426 deputato
460 2383 628 2415 facultates
646 2393 768 2420 omnes,
787 2394 865 2426 quas
886 2383 955 2427 ipse

223 2434 419 2468 camerarius
454 2436 503 2468 vel
545 2435 813 2478 poenitentiarius
855 2437 956 2470 maior

225 2498 375 2522 exercere
402 2493 539 2531 poterat,
566 2488 718 2531 quamdiu
742 2488 841 2522 Sedes
865 2500 956 2523 vaca-

223 2541 314 2579 verit,
340 2540 556 2573 attribuimus.

267 2595 282 2639 §
307 2594 359 2627 15.
387 2594 433 2627 Ad
460 2594 548 2634 haec,
568 2604 639 2627 cum
660 2594 747 2628 iuxta
767 2599 884 2629 statuta
909 2596 956 2629 di-

318 2712 396 2743 Butt.
417 2713 505 2741 Rom.
522 2728 556 2734 -
574 2713 637 2742 Vol.
660 2712 768 2742 XXIII.
911 2712 944 2740 57

995 295 1105 328 tiarius
1129 296 1234 330 maior
1266 300 1299 330 et
1322 296 1390 330 eius
1414 297 1567 330 officiales
1592 306 1629 330 ea
1664 302 1730 330 tan-

995 353 1074 388 tum,
1103 355 1249 392 tempore
1274 349 1364 383 Sedis
1390 351 1544 392 vacantis,
1570 350 1673 384 facere
1699 355 1731 383 et

995 402 1147 444 expedire
1173 403 1300 436 valeant
1317 403 1354 436 ad
1382 404 1485 436 sorum
1512 404 1730 438 conscientiae

996 454 1157 486 dumtaxat
1181 456 1390 497 pertinentia,
1418 468 1498 500 quae
1524 463 1675 501 poterant
1692 457 1732 490 vi-

997 513 1088 540 vente
1114 507 1269 540 Pontisice
1294 519 1455 550 exercere,
1484 516 1515 543 et
1539 510 1571 543 in
1596 510 1729 554 reliquis

996 570 1113 592 munus
1139 571 1252 593 eorum
1280 563 1497 605 conquiescat,
1523 564 1601 596 itaut
1626 575 1642 596 a
1667 564 1732 607 qui-

996 613 1199 656 buscumque
1225 614 1519 648 matrimonialibus
1534 623 1563 648 et
1581 617 1651 649 aliis
1669 617 1732 650 dis-

996 667 1241 709 pensationibus
1267 677 1303 700 ac
1328 667 1588 702 absolutionibus
1613 676 1644 703 et
1678 670 1732 703 de-

995 720 1245 760 clarationibus,
1290 731 1416 754 necnon
1454 722 1619 765 quibusvis
1662 724 1732 757 aliis

997 772 1258 815 expeditionibus
1290 773 1394 806 sorum
1431 774 1492 807 sori
1524 775 1646 808 mixtim
1682 777 1732 809 vel

995 826 1169 870 separatim
1196 827 1443 870 quomodolibet
1468 828 1730 871 respicientibus,

995 880 1126 913 omnino
1145 880 1309 914 abstinere
1331 881 1488 922 debeant,
1510 882 1636 926 aliquae
1658 893 1733 915 vero

996 933 1059 966 sint
1094 943 1252 966 censurae
1289 934 1537 975 ecclesiasticae,
1564 945 1581 968 a
1617 935 1734 979 quibus

998 986 1035 1019 iis
1060 986 1215 1026 innodati,
1241 993 1470 1031 praeterquam
1496 988 1529 1020 in
1554 988 1666 1022 mortis
1687 999 1734 1021 ar-

998 1039 1096 1073 ticulo
1122 1039 1297 1081 constituti,
1335 1040 1466 1073 nonnisi
1491 1041 1530 1074 ab
1563 1042 1634 1085 ipso
1671 1041 1734 1075 Ro-

998 1104 1092 1127 mano
1117 1092 1272 1127 Pontifice
1306 1104 1365 1138 pro
1399 1099 1548 1138 tempore
1575 1095 1733 1128 existente

998 1146 1120 1180 absolvi
1135 1150 1270 1190 queunt,
1287 1147 1437 1191 adempta
1455 1148 1644 1181 nominatim
1662 1159 1734 1192 poe-

998 1201 1184 1233 nitentiario
1210 1200 1324 1234 maiori
1352 1201 1383 1234 id
1409 1201 1545 1235 faciendi
1563 1207 1733 1246 potestate;

997 1259 1094 1298 atque
1120 1254 1285 1287 multoties
1311 1255 1446 1295 accidat,
1471 1260 1505 1288 ut
1525 1255 1639 1288 talibus
1663 1266 1734 1289 cen-

998 1309 1079 1341 suris
1104 1308 1238 1347 irretiti;
1258 1319 1332 1342 vere
1354 1309 1562 1353 poenitentes
1581 1316 1612 1343 et
1630 1317 1734 1343 errata

998 1372 1056 1394 sua
1081 1361 1209 1394 sincero
1236 1362 1344 1395 animo
1371 1363 1581 1402 detestantes,
1606 1364 1734 1397 absolu-

1000 1415 1095 1448 tionis
1120 1414 1312 1448 beneficium
1337 1415 1419 1448 Sede
1453 1422 1583 1449 vacante
1610 1417 1734 1450 enixius

976 1470 1196 1513 implorent:
1230 1480 1294 1513 quo
1318 1470 1508 1513 disciplinae
1539 1471 1736 1504 ecclesiasti-

998 1534 1052 1556 cae
1090 1523 1326 1556 conservationi
1363 1524 1524 1567 simulque
1555 1525 1734 1558 animarum

999 1577 1149 1617 fidelium,
1177 1587 1256 1620 quos
1275 1577 1329 1610 Dei
1348 1577 1570 1611 misericordia
1596 1579 1634 1611 ad
1661 1589 1736 1622 poe-

999 1631 1165 1663 nitentiam
1184 1630 1353 1670 vocaverit,
1373 1631 1466 1664 saluti
1484 1633 1666 1665 consultum
1684 1632 1733 1671 sit,

998 1684 1103 1717 eidem
1129 1684 1381 1727 poenitentiario
1403 1684 1529 1725 maiori,
1555 1687 1602 1718 vel
1622 1686 1659 1725 ei,
1680 1686 1735 1729 qui

998 1740 1030 1770 in
1056 1738 1140 1771 iltius
1167 1739 1270 1771 locum
1297 1737 1448 1771 sutl’ectus
1471 1738 1577 1777 fuerit,
1594 1744 1628 1771 ut
1648 1749 1736 1782 prae-

1000 1792 1108 1830 sertur,
1124 1791 1304 1824 facultatem
1320 1791 1502 1831 tribuimus,
1518 1792 1623 1825 abhis
1638 1793 1734 1825 etiam

998 1845 1142 1878 censuris
1176 1844 1258 1878 Sede
1295 1851 1425 1878 vacante
1462 1845 1572 1879 fideles
1609 1846 1736 1890 praedi-

998 1905 1075 1938 ctos,
1095 1909 1128 1932 re
1154 1904 1261 1932 tamen
1286 1899 1376 1942 prius
1395 1899 1424 1932 in
1444 1901 1609 1941 signatura
1636 1900 1736 1943 ipsius

999 1952 1094 1985 officii
1121 1953 1392 1985 Poenitentiariae
1420 1953 1625 1997 Apostolicae
1662 1964 1735 1987 exa-

999 2007 1125 2045 minata,
1152 2006 1348 2049 servatisque
1373 2006 1445 2039 aliis
1477 2006 1656 2046 servandis,
1682 2007 1737 2040 ab·

999 2059 1154 2099 solvendi,
1183 2060 1220 2091 ad
1248 2065 1374 2102 teinpus
1399 2059 1520 2093 scilicet
1545 2066 1576 2093 et
1600 2071 1672 2093 cum
1692 2071 1738 2094 re-

999 2113 1174 2145 incidentia
1192 2113 1223 2145 in
1247 2113 1345 2145 dictas
1371 2123 1542 2154 censuras;
1569 2114 1657 2151 itant.
1683 2114 1736 2158 qui

1001 2166 1119 2198 suerint
1145 2165 1298 2204 absoluti.
1327 2167 1364 2199 ad
1392 2177 1509 2200 novum
1536 2167 1735 2209 Pontificem,

1000 2222 1084 2251 intra
1109 2219 1281 2252 terminum
1308 2230 1366 2263 pro
1400 2220 1551 2253 distantia
1587 2221 1735 2254 locorum

1000 2273 1233 2312 deliniendum,
1269 2283 1439 2306 recurrere
1474 2279 1506 2306 et
1536 2273 1575 2306 ab
1601 2284 1638 2307 eo
1665 2275 1735 2317 plc-

1000 2327 1107 2359 nariae
1141 2326 1356 2359 absolutionis
1393 2326 1586 2360 beneficium
1623 2333 1736 2371 petere

1000 2386 1031 2413 et
1055 2380 1201 2413 obtinere
1226 2385 1408 2421 teneantur3
1435 2391 1493 2414 nec
1519 2381 1738 2424 poenitentia-

999 2435 1046 2468 rio
1072 2434 1201 2474 maiori,
1221 2444 1276 2467 seu
1295 2433 1327 2466 in
1346 2433 1434 2467 illius
1453 2436 1560 2467 locum
1585 2434 1733 2476 suffecto,

998 2487 1174 2532 praefixum
1200 2484 1371 2521 terminum
1388 2493 1464 2531 post
1485 2487 1646 2522 Pontificis
1672 2489 1735 2522 ele-

999 2543 1139 2576 ctionem
1164 2541 1319 2584 ampliare
1345 2543 1393 2575 vel
1420 2552 1602 2586 propagare
1627 2542 1731 2576 liceat.

1042 2597 1056 2639 §
1073 2596 1126 2629 17.
1146 2595 1191 2635 Et,
1207 2595 1233 2628 si
1254 2595 1406 2629 vicarium
1421 2596 1583 2630 Pontificis
1606 2596 1637 2629 in
1652 2597 1734 2630 alma
1760 2618 1823 2639 vim
1835 2619 1928 2645 ‘mnus

999 2650 1083 2683 Urbe
1109 2649 1243 2692 eiusque
1277 2648 1426 2684 districtu
1450 2649 1483 2684 in
1508 2649 1734 2694 spiritualibus
1747 2646 1821 2668 *κω
1865 2645 1928 2667 [ΜΝ

1630 238 1694 272 449
1740 248 1788 274 An.
1810 247 1837 275 c.
1856 246 1922 275 1732
