2182 3137
198 215 232 237 Αιι
263 213 292 237 (2.
313 211 380 237 ¹732

198 274 222 293 1⁴22
238 273 315 298 quibus
329 279 377 299 pitr-

199 301 267 323 :auita
283 306 366 325 poeuis.

217 1752 281 1774 Levis
295 1752 380 1774 abbatis

197 1781 268 1806 eulpa.

230 2574 313 2595 Gravis.

425 203 490 236 380

470 261 523 290 l'ro
556 261 662 290 talibus
695 261 884 299 criminibus,
908 271 974 291 cum
1008 262 1132 291 consilio

390 314 504 349 patrum
527 310 675 339 seniorum
691 334 698 347 ,
723 315 839 349 practer
862 319 969 349 poenas
991 311 1133 349 gravioris

390 359 505 397 culpae,
529 368 596 388 reus
622 359 753 397 privetur
775 359 890 389 cucullo
912 364 940 389 et
962 362 1081 396 corona,
1106 364 1134 390 et

391 408 420 437 in
444 408 546 437 cellam
570 413 717 446 tamquam
735 408 762 436 in
781 417 926 437 carcerem
944 408 1131 445 detrudatur,

389 456 425 485 ab
447 456 578 485 omnium
603 456 726 484 fratrum
750 456 896 485 consortio
924 456 1075 486 seiunctus
1098 457 1132 486 ad

390 505 505 544 aliquos
529 514 653 534 menses.
678 504 718 533 Ne
741 508 838 533 tamen
870 505 1037 534 huiusmodi
1069 515 1133 544 poe-

391 555 489 584 nitens
513 559 630 593 propter
653 554 863 592 impatientiam
887 564 968 583 suam
986 554 1014 583 in
1031 554 1133 593 despe-

390 603 534 633 rationem
571 612 710 641 praeceps
746 608 832 641 ruat,
871 603 965 632 mittat
997 603 1030 632 ad
1067 613 1132 631 eum

390 652 564 691 quandoque
588 652 721 691 superior
744 657 840 692 patres
863 653 1005 689 seniores,
1029 653 1077 691 qui
1102 653 1134 681 il—

391 701 450 730 lum
474 700 588 730 blandis
613 700 708 729 verbis
731 706 935 730 commoneant
969 701 1002 730 ad
1035 701 1133 739 poeni-

392 750 535 786 teutiam,
558 754 586 779 et
610 754 768 788 provocent
800 750 833 779 ad
869 750 1059 788 patientiam:
1096 751 1134 779 fo-

391 804 477 828 veant
505 809 556 838 per
586 799 839 837 consolationem,
864 803 892 828 et
925 799 1066 828 inducant
1099 799 1133 827 ad

391 848 639 877 emendationem.
664 848 815 886 Recogitet
830 852 927 877 autem
944 847 1045 883 abbas,
1066 858 1134 886 qua-

392 898 448 926 lem
482 897 538 927 Deo
570 897 607 926 sit
641 897 703 936 ipse
736 897 903 926 redditurus
926 897 1084 930 rationem,
1108 897 1132 925 si

392 946 464 975 forte
487 948 541 974 sua
564 946 749 984 impatientia
771 950 799 975 et
822 945 1001 983 imprudenti
1025 946 1133 974 sevcri-

394 999 452 1024 tate
476 995 593 1024 fratrem
618 995 730 1033 perdat,
755 1004 807 1033 pro
825 1004 882 1033 quo
904 994 1038 1024 Christus
1061 1004 1134 1023 mor-

392 1048 458 1073 tuus
492 1048 553 1080 est;
592 1043 817 1081 memineritque
853 1047 985 1072 sanctum
1022 1047 1133 1081 patrem

391 1098 522 1122 nostrum
540 1093 699 1122 Antonium
723 1092 881 1122 sollicitum
905 1093 993 1121 fuisse
1016 1092 1132 1122 dicere:

394 1151 408 1170 (<
431 1142 562 1171 Fratrem
578 1165 585 1178 ,
614 1142 642 1170 in
676 1150 765 1180 aquas
802 1141 937 1180 lapsum,
962 1141 1133 1179 erigendum

391 1200 467 1227 csse,
492 1200 548 1219 non
571 1190 605 1219 ad
630 1190 814 1228 naufragium
837 1190 1045 1229 impellendum
1064 1202 1092 1220 )).

391 1241 464 1270 ΟΑΡ.
484 1240 542 1269 Vll.
559 1258 596 1262 —
614 1239 652 1268 De
674 1239 764 1278 culpis
785 1244 810 1267 ct
830 1241 925 1278 poenis
947 1241 1132 1278 superiorum.

431 1298 450 1318 1.
475 1292 681 1326 Quaecumque
709 1288 744 1317 de
774 1288 828 1317 levi
845 1313 852 1325 ,
877 1289 980 1326 gravi,
1005 1289 1133 1326 graviori

392 1342 420 1368 et
441 1338 618 1376 gravissima
640 1337 726 1376 culpa
741 1342 769 1366 et
787 1339 877 1376 poena
901 1338 974 1367 dicta
999 1341 1077 1373 sunt,
1101 1348 1133 1367 ea

392 1387 427 1416 de
445 1386 646 1425 superioribus
663 1387 826 1425 respective
841 1386 1065 1424 intelligantur,
1081 1387 1135 1416 ita-

392 1441 424 1465 ut
446 1436 666 1474 delinquentem
690 1435 824 1465 abbatem
848 1436 1018 1465 monasterii
1045 1436 1135 1465 abbas

393 1485 539 1523 generalis
563 1485 677 1524 puniat,
702 1486 780 1514 lnmc
803 1485 991 1523 congregatio
1013 1495 1136 1523 genera-

392 1534 443 1571 lis,
464 1535 551 1572 idque
578 1534 815 1572 intelligendum¹
832 1534 867 1563 de
891 1535 991 1573 poenis
1014 1544 1137 1573 suspen-

392 1585 485 1614 sionis
507 1583 543 1612 ab
566 1583 675 1620 officio,
696 1583 889 1621 depositionis
911 1587 939 1612 et
963 1583 1136 1622 privationis

392 1633 482 1670 vocis,
499 1632 556 1662 loci
580 1636 608 1661 et
631 1641 768 1669 coronae,
788 1632 823 1661 de
846 1631 953 1671 quibus
976 1632 1052 1661 infra
1076 1641 1137 1662 ser—

392 1691 438 1711 mo
460 1682 527 1711 erit.

431 1741 462 1761 11.
487 1731 570 1760 Levis
593 1730 677 1768 culpa
702 1729 815 1759 abbatis
837 1735 891 1768 est,
918 1730 940 1759 si
965 1730 1054 1759 cellas
1077 1740 1137 1759 mo-

391 1781 553 1810 nachorum
575 1785 603 1809 et
626 1780 759 1809 officinas
790 1789 840 1817 per
862 1789 892 1808 se
917 1779 958 1808 vel
984 1788 1036 1818 per
1059 1780 1137 1809 vica-

391 1830 468 1860 rium
492 1829 610 1858 visitare
633 1829 795 1865 neglexerit
810 1839 816 1864 ς
834 1828 858 1857 si
882 1828 916 1857 ad
940 1829 1073 1857 divinum
1096 1830 1137 1858 os-

392 1879 491 1908 ticium
514 1882 542 1907 et
571 1877 606 1906 ad
640 1886 823 1906 communem
857 1877 1044 1906 resectionem
1074 1878 1136 1907 sine

392 1929 477 1957 causa
495 1926 651 1965 aliquoties
675 1935 731 1954 non
757 1926 868 1955 venerit
883 1937 889 1962 3
907 1926 929 1955 si
954 1936 968 1955 e
993 1932 1138 1957 monaste-

392 1977 436 2006 rio
458 1977 521 2004 sine
544 1975 718 2004 necessitate
740 1974 867 2012 exierit3
891 1975 914 2004 si
937 1977 1137 2005 caeremonias

392 2025 607 2055 ecclesiasticas
630 2024 726 2052 minus
749 2023 886 2053 decenter
907 2025 1074 2054 exercuerit
1089 2035 1095 2061 ς
1113 2025 1137 2054 si

393 2074 462 2113 quid
485 2073 592 2103 dixerit
623 2073 666 2101 vel
701 2073 822 2108 fecerit,
847 2077 879 2102 ut
911 2073 1015 2102 fratres
1048 2074 1138 2103 offen-

394 2123 523 2158 dantur,
541 2123 564 2151 si
589 2122 616 2151 in
641 2121 717 2159 cibo,
743 2126 810 2160 potu
834 2126 862 2151 et
884 2122 1066 2152 vestimentis
1082 2123 1139 2153 fra-

394 2177 453 2201 tres
475 2180 541 2201 cum
564 2170 690 2200 indebita
709 2171 889 2209 parsimonia
905 2172 1075 2201 tractaverit
1090 2182 1097 2209 ;
1114 2172 1138 2201 si

394 2230 461 2259 erga
486 2221 615 2259 aliquem
639 2221 758 2248 fratrem
782 2220 847 2258 plus
870 2220 976 2249 favoris
996 2221 1040 2250 vel
1056 2230 1140 2260 aspe-

394 2270 489 2300 ritatis
511 2269 680 2299 exhibuerit
695 2279 701 2305 3
719 2270 742 2298 si
767 2269 837 2308 quid
855 2270 1077 2308 poculentorum
1096 2271 1138 2300 vel

394 2319 626 2353 esculentorum,
650 2318 679 2347 in
703 2327 733 2347 re
757 2323 854 2347 tamen
879 2319 961 2357 parvi
984 2319 1137 2357 momenti,

394 2369 542 2397 extraneis
565 2367 680 2397 dederit
703 2368 767 2396 sine
790 2369 878 2396 causa
902 2367 1045 2405 legitima.
1080 2369 1139 2397 Pro

394 2416 563 2446 huiusmodi
581 2416 743 2445 defectibus
766 2416 801 2445 ab
824 2416 928 2445 abbate
945 2417 1054 2446 maiore
1076 2426 1140 2446 cor—

395 2466 532 2504 ripiatur,
557 2470 584 2495 et
609 2465 712 2504 psalmi
730 2465 773 2494 vel
790 2465 900 2504 aliquot
922 2465 1068 2495 orationes
1090 2466 1140 2495 do-

396 2515 521 2544 minicae
544 2524 594 2543 seu
617 2514 837 2551 genuflexiones
861 2514 887 2543 ei
910 2514 1116 2551 iniungantur.

477 2563 578 2592 Gravis
601 2562 685 2601 culpa
709 2567 770 2592 est:
794 2563 818 2592 si
841 2563 925 2592 fratri
950 2563 991 2591 vel
1016 2567 1138 2592 externo

434 2617 445 2642 1
470 2616 540 2642 Edit.
562 2616 640 2642 Main.
663 2616 727 2651 legit
746 2617 966 2651 inlelliyemlam
986 2621 1022 2645 (n.
1041 2617 1089 2649 T.).

972 214 1155 237 UULLARRUM
1182 214 1339 237 ROMANUM

1177 262 1261 292 verba
1279 262 1420 292 iniuriosa
1444 263 1562 301 dixerit,
1583 264 1738 294 maledicta
1762 269 1790 294 et
1810 264 1917 304 impre-

1175 311 1306 340 cationes
1329 311 1588 349 pronunciavei·it;
1611 312 1635 341 si
1658 312 1819 342 discordias
1841 313 1918 343 inter

1175 359 1281 388 fratres
1303 359 1513 395 seminavei'it3
1537 360 1560 388 si
1584 361 1693 398 iurare,
1712 362 1840 396 mentiri,
1857 366 1919 392 tur-

1177 409 1221 446 pia
1246 408 1289 437 vel
1312 408 1448 437 scurrilia
1481 409 1600 446 dicere,
1625 410 1793 448 frequenter
1814 410 1919 450 depre-

1177 457 1285 486 hensus
1309 457 1418 493 fuerit,
1442 457 1466 486 si
1491 458 1687 488 saecularium
1721 459 1823 489 domos
1855 460 1918 489 sine

1177 506 1350 535 necessitate
1373 506 1622 545 frequentaverit3
1653 508 1677 537 si
1706 518 1772 537 cum
1801 509 1918 539 seminis

1177 558 1226 583 aut
1248 554 1346 592 pueris
1369 554 1573 593 colloquendo,
1591 557 1709 585 attentis
1726 556 1918 586 circumstan-

1177 602 1236 639 tiis,
1261 603 1458 641 suspicionem
1482 603 1609 642 aliquam
1640 605 1702 634 vitii
1737 606 1917 643 ingesserim

1176 651 1200 680 si
1222 651 1375 681 dormierit
1398 652 1461 681 sinc
1485 654 1585 681 tunica
1607 657 1634 682 et
1656 654 1772 684 cucullo
1787 665 1793 690 ;
1811 656 1835 684 si
1858 664 1918 685 me-

1176 699 1304 729 dicinam
1327 700 1390 730 sine
1414 700 1530 730 licentia
1553 702 1659 731 medici
1686 704 1868 741 sumpserit;
1892 705 1917 734 si

1177 749 1292 787 culpam
1325 750 1536 788 praeteritam,
1564 760 1615 789 pro
1646 761 1701 790 qua
1736 752 1918 782 satisfactum

1177 799 1224 835 sit,
1249 799 1336 828 alicui
1359 799 1585 837 exprobavcrit3
1602 800 1625 829 si
1648 802 1711 830 siue
1733 801 1812 831 socio
1834 806 1917 831 extra

1177 848 1390 877 monasterium
1414 848 1522 883 iverit;
1547 849 1571 878 si
1593 849 1736 878 ieiunium
1759 850 1795 879 ab
1811 849 1919 880 Ordine

1178 896 1391 935 praescriptum
1415 898 1557 935 fregerit,
1584 899 1607 927 >i
1631 899 1763 936 missam,
1787 898 1919 929 divinum

1177 945 1305 974 officium
1328 945 1357 974 in
1380 945 1469 975 clioro
1501 946 1564 975 sinc
1597 949 1687 976 causa
1718 948 1870 985 omiserit;
1894 949 1920 978 si

1177 993 1287 1032 absque
1319 1003 1420 1023 eorum
1454 995 1541 1033 culpa
1574 996 1714 1025 officiales
1747 996 1782 1025 ab
1814 997 1920 1027 officiis

1178 1043 1303 1080 maligne
1336 1043 1504 1072 removerit.
1540 1043 1595 1073 Pro
1628 1045 1794 1075 huiusmodi
1825 1046 1920 1085 culpis

1178 1091 1349 1128 iniungatur
1372 1091 1516 1121 ieiunium
1540 1102 1591 1130 per
1613 1093 1724 1132 aliquot
1749 1094 1826 1129 dies,
1850 1094 1919 1124 item

1179 1140 1282 1179 psalmi
1309 1140 1421 1179 aliquot
1454 1146 1482 1170 et
1517 1142 1663 1171 orationes
1695 1143 1859 1173 dominicae
1891 1148 1921 1174 et

1178 1190 1409 1227 genuflexiones.

1259 1238 1382 1268 Gravior
1404 1239 1488 1278 culpa
1512 1244 1576 1269 est:
1613 1241 1636 1270 si
1671 1245 1821 1279 peccatum
1845 1251 1921 1272 mor-

1180 1288 1235 1317 tale
1252 1288 1405 1317 manifeste
1421 1289 1600 1319 commiserit
1615 1295 1715 1319 contra
1733 1295 1920 1330 praeceptum

1180 1337 1229 1366 Dei
1253 1337 1297 1366 vel
1321 1337 1491 1373 Ecclesiae,
1516 1342 1631 1376 praeter
1653 1348 1739 1368 casus
1770 1339 1846 1369 iufra
1877 1349 1921 1369 re-

1179 1385 1354 1423 censendos,
1379 1395 1444 1415 cum
1468 1386 1502 1415 de
1525 1387 1700 1424 gravissima
1716 1387 1804 1426 culpa,
1825 1397 1922 1418 sermo

1179 1434 1252 1469 erit3
1270 1435 1306 1471 si,
1329 1434 1425 1463 sciens
1441 1439 1470 1464 et
1486 1434 1596 1473 volens,
1614 1436 1790 1465 sententiam
1806 1445 1923 1466 excom-

1181 1483 1391 1512 municationis
1424 1487 1473 1512 aut
1505 1484 1706 1523 suspensionis
1739 1485 1921 1523 incurrerit;

1179 1532 1213 1568 si,
1236 1531 1332 1561 sciens
1354 1542 1384 1561 se
1408 1542 1471 1562 csse
1489 1534 1774 1563 excommunicatum
1798 1534 1843 1564 vel
1860 1543 1924 1564 sus-

1180 1590 1323 1619 pensum,
1348 1581 1543 1611 celebraverit
1566 1583 1610 1611 vel
1634 1583 1663 1612 in
1687 1583 1747 1612 suis
1770 1583 1922 1613 ordinibus

1180 1630 1413 1666 ministraverit3
1447 1631 1470 1659 si
1504 1631 1648 1660 rationem
1671 1631 1730 1660 dati
1758 1637 1786 1661 et
1810 1632 1923 1671 accepti

1178 1678 1208 1707 in
1233 1678 1308 1707 libro
1331 1678 1499 1708 describere
1523 1679 1705 1717 neglexerit,
1722 1680 1746 1709 si
1763 1690 1849 1719 quem
1871 1689 1924 1710 no·-

1180 1728 1283 1757 vitium
1307 1728 1458 1757 admiserit
1480 1737 1538 1757 non
1569 1729 1687 1767 praevio
1720 1729 1874 1767 examiue;
1899 1730 1923 1760 si

1179 1777 1298 1806 nomina
1323 1777 1498 1806 novitiorum
1523 1781 1551 1806 et
1575 1778 1772 1815 professoimn
1795 1787 1853 1808 non
1876 1778 1925 1808 de-

1179 1825 1356 1864 scripserit3
1386 1825 1411 1854 si
1445 1825 1543 1855 abbati
1578 1826 1708 1863 generali
1743 1831 1793 1856 aut
1826 1826 1924 1857 abbati

1180 1875 1347 1913 provinciae
1363 1875 1397 1903 dc
1421 1879 1498 1904 statu
1520 1874 1566 1904 sui
1590 1875 1759 1905 monasterii
1781 1880 1832 1906 aut
1855 1886 1923 1916 pro-

1181 1925 1294 1953 vinciae
1329 1934 1385 1953 non
1420 1925 1598 1963 scripserit,
1624 1929 1654 1954 ut
1676 1934 1762 1964 supra
1786 1935 1838 1955 suo
1861 1926 1924 1957 loco

1180 1975 1291 2004 dictum
1315 1978 1379 2011 est3
1402 1974 1426 2002 si
1450 1974 1626 2003 monachum
1648 1974 1683 2004 de
1705 1984 1758 2004 suo
1780 1980 1926 2006 monaste-

1181 2023 1224 2053 rio
1247 2023 1275 2052 iu
1299 2022 1377 2052 aliud
1401 2022 1464 2051 sine
1488 2024 1578 2051 causa
1610 2027 1638 2053 et
1672 2024 1736 2053 sine
1763 2033 1926 2063 congrega-

1182 2073 1259 2102 tione
1283 2071 1493 2101 monachorum
1517 2071 1653 2109 miserit;
1688 2072 1711 2101 si
1745 2073 1924 2104 calumniam

1182 2122 1210 2151 in
1228 2122 1335 2150 fratres
1354 2120 1516 2157 struxerit3
1539 2120 1563 2149 si
1587 2121 1799 2159 procuraverit,
1816 2126 1847 2151 ut
1861 2122 1925 2162 ipse

1183 2171 1225 2200 vel
1260 2171 1335 2200 alter
1366 2170 1514 2199 eximatur
1547 2179 1561 2199 a
1595 2174 1738 2209 potestate
1760 2172 1923 2210 superiori,

1182 2224 1232 2250 aut
1253 2219 1283 2249 in
1306 2219 1403 2248 officio
1425 2219 1616 2249 confirmetur
1630 2230 1637 2256 ς
1651 2220 1676 2249 si
1699 2229 1750 2259 per
1772 2225 1926 2251 contuma—

1182 2270 1256 2298 ciam
1274 2268 1318 2298 vel
1337 2268 1523 2297 manifestam
1542 2268 1734 2298 rebellionem
1753 2269 1925 2300 inobediens

1182 2318 1326 2357 superiori
1348 2317 1450 2353 fuerit,
1475 2317 1520 2346 vel
1552 2325 1618 2346 cum
1651 2326 1685 2346 eo
1718 2318 1925 2356 contenderim

1182 2369 1206 2397 si
1235 2372 1346 2397 secreta
1379 2366 1637 2405 congregationum
1670 2367 1868 2403 revelaverit;
1902 2369 1927 2399 si

1182 2416 1309 2446 decretis
1337 2415 1609 2454 congregationum,
1633 2416 1678 2445 vel
1700 2415 1815 2446 abbatis
1840 2427 1928 2455 gene-

1183 2465 1265 2503 ralis,
1289 2474 1353 2494 sese
1377 2464 1567 2503 opposuerit3
1597 2464 1621 2493 si
1649 2464 1793 2503 superiori
1817 2466 1927 2504 praeci-

1182 2514 1275 2554 pienti
1298 2513 1408 2553 aliquid
1432 2513 1461 2542 in
1485 2513 1593 2543 virtute
1609 2517 1727 2542 sanctae
1744 2513 1927 2544 obedientiae

1183 2573 1240 2592 non
1265 2562 1432 2597 obedierit3
1467 2562 1491 2591 si
1524 2561 1593 2600 quid
1628 2561 1708 2600 parvi
1732 2562 1872 2592 momenti
1896 2562 1926 2592 in

1183 2612 1292 2641 virtute
1315 2615 1433 2641 sanctae
1456 2610 1641 2640 obedientiae
1656 2610 1795 2640 fratribus
1813 2611 1926 2649 praeci-

1917 219 1966 241 Αιι.
1989 221 2018 243 (1.
2040 219 2107 246 1732

1958 1255 2056 1276 Gravior.
