2182 3137
61 244 111 270 An.
131 242 161 270 C.
176 242 248 270 1732

82 1149 206 1170 clausulae.

882 242 1022 266 CLEMENS
1046 243 1092 267 XII
1116 244 1165 267 PP.

255 292 340 325 blica
366 293 416 325 vel
438 292 581 332 occulta,
605 294 703 331 nota,
730 291 881 329 defectu,
908 291 997 322 inca-

255 345 406 388 pacitate,
429 355 485 378 seu
511 344 718 377 inhabilitate
743 354 874 387 quoquo
900 343 997 376 modo

257 399 443 436 contracta,
473 398 685 440 dispensare,
710 398 759 429 vel
785 397 925 440 aliquam
952 396 997 429 fa-

256 452 412 483 cultatem
438 450 583 483 tribuere
608 449 839 493 dispensandi,
862 459 919 482 seu
940 450 996 482 ha-

255 503 425 541 bilitandi,
453 508 484 535 et
509 503 541 535 in
566 502 737 545 pristinum
763 507 882 535 statum
902 502 996 534 resti-

255 556 385 595 tuendi,
414 556 513 588 etiam
538 555 571 587 in
598 555 666 588 foro
694 555 912 594 coscientiae3
939 565 996 587 ne-

254 619 318 653 que
345 610 440 642 etiam
468 610 599 642 easdem
630 614 819 652 praesentes
852 608 910 648 iis,
940 608 994 651 qui

253 673 271 695 a
295 662 389 696 nobis
415 668 446 695 et
471 662 658 705 Apostolica
682 662 776 701 Sede,
801 663 851 695 vel
877 662 916 694 ab
939 661 996 694 ali—

254 726 318 759 quo
354 717 502 759 praelato
551 726 605 748 seu
641 715 750 747 iudice
776 715 994 748 ecclesiastico

254 769 535 808 excommunicati,
554 768 715 812 suspensi,
736 768 914 808 interdicti,
937 778 994 801 seu

253 822 332 856 alias
358 822 391 855 in
416 822 595 854 sententias
621 827 652 854 et
670 832 823 854 censuras
844 821 994 854 incidisse

253 876 409 909 declarati
435 877 484 909 vel
502 875 634 919 publice
653 874 841 907 denunciati
860 875 994 914 suerint,

252 929 314 962 nisi
355 930 438 962 intra
483 935 609 971 tempus
653 928 814 960 dictarum
857 927 993 960 duarum

252 982 534 1016 hebdomadarum
560 982 802 1021 satisfecerint,
830 987 885 1013 aut
921 992 993 1013 curn

251 1037 398 1080 partibus
424 1036 708 1073 concordaverint,
734 1036 801 1067 ullo
818 1035 917 1067 modo
935 1034 994 1067 sus-

251 1090 368 1133 sragari
387 1100 482 1133 posse
500 1095 553 1121 aut
571 1088 703 1121 debere.

295 1144 309 1186 ς’
334 1143 365 1175 G.
393 1142 462 1175 Non
481 1141 686 1175 obstantibus
705 1141 991 1173 constitutionibus

252 1202 284 1229 et
307 1195 569 1229 ordinationibus
595 1195 805 1238 apostolicis,
842 1205 993 1238 pracser-

252 1250 307 1282 tim
333 1249 452 1293 quibus
482 1250 616 1281 facultas
634 1249 820 1281 absolvendi
843 1248 875 1280 in
894 1247 990 1281 certis

251 1309 326 1335 tune
344 1303 506 1346 expressis
525 1302 653 1334 casibus
678 1302 720 1334 ita
744 1302 890 1334 Romano
910 1292 991 1334 [fon-

250 1356 327 1389 tisici
362 1367 420 1400 pro
448 1361 594 1399 tempore
621 1356 770 1388 existenti
796 1360 988 1394 reservatur,

250 1416 284 1442 ut
309 1421 368 1442 nec
395 1410 491 1443 etiam
517 1410 640 1442 similes
664 1410 713 1442 vel
740 1409 915 1441 dissimiles
940 1411 988 1441 in-

249 1463 489 1506 dulgentiarum
528 1468 559 1495 et
588 1464 773 1495 facultatum
800 1462 987 1494 huiusmodi

248 1517 475 1550 concessiones
495 1544 502 1556 ,
542 1517 602 1549 nisi
644 1517 683 1549 de
728 1517 790 1549 illis
835 1526 988 1559 expressa

246 1571 370 1603 mentio
410 1577 465 1603 aut
505 1570 655 1614 specialis
695 1570 863 1612 derogatio
903 1569 958 1602 fiat
977 1596 984 1607 ‚

247 1625 395 1667 cuiquam
422 1623 588 1665 suffragari
616 1630 755 1666 queant,
783 1634 910 1656 necnon
936 1633 987 1655 re-

245 1678 320 1719 gula
345 1680 456 1709 nostra
482 1677 520 1709 de
546 1687 611 1709 non
638 1677 857 1709 concedendis
880 1676 985 1708 indul-

245 1731 361 1773 gentiis
398 1731 436 1763 ad
474 1730 595 1771 instar,
632 1741 667 1762 ae
704 1740 985 1773 mmrumcmmpoe

243 1783 400 1817 Ordinum
439 1790 469 1816 et
504 1783 797 1826 congregationum
836 1783 903 1815 sive
937 1783 985 1815 in-

243 1838 432 1871 stitutorum
447 1837 656 1880 regularium,
670 1836 766 1869 etiam
786 1837 983 1875 iuramento,

243 1890 490 1924 confirmatione
516 1890 702 1933 apostolica,
728 1891 778 1923 vel
801 1890 913 1933 quavis
933 1889 985 1921 fir-

243 1944 354 1977 mitate
381 1944 442 1976 alia
467 1944 639 1984 roboratis,
655 1944 780 1976 statutis
799 1950 831 1976 et
849 1954 984 1976 consue-

244 1997 411 2030 tudinibus
427 2024 434 2036 ,
460 1997 638 2040 privilegiis
671 2007 824 2040 quoqueg
848 1996 982 2029 indultis

243 2056 274 2083 et
295 2051 411 2083 litteris
432 2050 630 2092 apostolicis,
650 2050 773 2083 eisdem
793 2050 979 2090 Ordinibus,

242 2104 554 2147 congregationibus
580 2110 611 2136 et
636 2104 803 2141 institutis,
835 2105 982 2137 illorum-

241 2167 303 2200 que
340 2158 487 2200 personis
520 2157 769 2200 quomodolilmt
793 2158 978 2197 concessis,

241 2211 429 2254 approbatis
455 2216 487 2243 et
512 2211 694 2251 innovatis,
730 2211 848 2254 quibus
875 2212 980 2243 omni-

240 2264 299 2296 bus
325 2270 357 2297 et
381 2265 525 2307 singulis,
551 2265 675 2297 etiamsi
702 2265 741 2297 de
768 2266 832 2297 illis
857 2276 981 2298 eorum·

240 2327 304 2360 que
331 2317 403 2350 totis
431 2318 597 2351 tenoribus
623 2318 786 2361 specialis,
812 2317 978 2360 specifica,

240 2381 393 2414 expressa
418 2377 450 2404 et
474 2371 657 2410 individua,
694 2382 761 2404 non
787 2379 893 2404 autem
919 2383 980 2414 per

239 2425 399 2457 clausulas
426 2425 598 2467 generales
628 2424 713 2457 idem
740 2425 975 2467 imponantes,

239 2477 362 2510 mentio
399 2487 456 2510 seu
487 2477 617 2520 quaevis
643 2477 705 2510 alia
731 2478 896 2521 expressio
922 2478 978 2510 lia-

238 2531 367 2573 bcnda,
400 2536 454 2563 aut
478 2531 585 2573 aliqua
609 2530 669 2563 alia
694 2531 851 2573 exquisita
878 2532 979 2564 forma

239 2584 277 2616 ad
305 2584 368 2617 hoc
392 2584 549 2616 servanda
575 2583 669 2623 foret,
694 2583 826 2617 illorum
847 2590 978 2617 tenores

240 2637 468 2680 praesentibus
494 2647 552 2679 pro
579 2636 780 2669 sufficienter
805 2638 978 2681 expressis

1042 301 1078 323 ac
1103 291 1237 325 sormam
1262 293 1295 325 in
1322 294 1367 326 eis
1395 293 1545 326 traditam
1573 304 1632 337 pro
1659 296 1785 327 servata

1042 343 1215 385 habentes,
1237 346 1298 379 bac
1322 347 1391 380 vice
1416 348 1614 390 specialiter,
1635 347 1784 380 nomina-

1041 395 1099 429 tim
1125 403 1158 430 et
1183 408 1337 441 expresse
1360 400 1400 432 ad
1418 400 1570 434 effectum
1588 402 1784 444 praemisso-

1040 459 1112 481 rum
1137 450 1354 492 derogamus3
1388 452 1578 497 ceterisque
1609 454 1781 488 contrariis

1041 501 1310 546 quibuscumque.

1084 554 1099 596 ἓ
1125 554 1155 586 7.
1184 554 1223 587 Ut
1259 561 1367 589 autem
1405 564 1597 600 praesentes
1622 564 1779 599 nostrae,

1040 616 1123 648 quae
1149 607 1189 639 ad
1215 607 1341 650 singula
1365 609 1436 642 loca
1462 611 1580 644 deferri
1617 622 1682 644 non
1708 623 1781 656 pos-

1040 665 1137 698 sunt,
1165 661 1204 693 ad
1231 662 1376 695 omniurn
1401 664 1550 697 notitiam
1577 665 1701 698 facilius
1727 666 1781 699 de-

1038 713 1194 754 veniant,
1221 715 1367 748 volumus
1400 721 1435 748 ut
1467 718 1652 751 earumdem
1686 729 1780 762 prae-

1039 766 1179 799 sentium
1199 769 1411 811 transumptis
1428 770 1477 802 vel
1498 771 1665 813 exemplis,
1685 771 1779 804 etiam

1039 820 1219 863 impressis,
1246 832 1342 854 manu
1360 821 1496 855 alieuius
1514 824 1635 856 notarii
1655 825 1779 867 publici

1039 874 1251 917 subscriptis,
1275 880 1307 908 et
1340 875 1448 917 sigillo
1478 887 1640 920 personae
1672 878 1703 910 in
1734 879 1780 911 di-

1039 927 1163 970 gnitate
1200 928 1420 962 eeclesiastica
1453 930 1649 963 constitutae
1676 932 1780 963 muni-

1039 980 1096 1020 tis,
1121 981 1242 1024 ubique
1266 982 1415 1015 locorum
1445 988 1477 1016 et
1501 984 1646 1026 gentium
1666 985 1779 1018 eadem

1038 1044 1172 1076 prorsus
1198 1034 1277 1067 sides
1301 1035 1468 1074 habeatur,
1496 1047 1578 1080 quae
1601 1037 1780 1070 baberetur

1037 1087 1115 1129 ipsis
1141 1088 1370 1130 praesentibus
1406 1090 1432 1122 si
1469 1090 1576 1123 forent
1614 1091 1778 1124 exhibitae

1037 1141 1088 1172 vel
1113 1145 1278 1174 ostensae.

1081 1193 1194 1226 Datum
1217 1195 1350 1235 Romae,
1369 1197 1454 1239 apud
1479 1197 1510 1230 S.
1531 1197 1660 1229 Mariam
1686 1197 1779 1230 Maio-

1036 1255 1125 1286 rem,
1159 1247 1217 1279 sub
1254 1249 1374 1281 annulo
1413 1249 1612 1288 piscatoris,
1649 1250 1701 1283 die
1739 1260 1778 1284 xv

1035 1299 1142 1331 martii
1182 1310 1357 1335 nnccxxxu
1375 1330 1382 1342 ,
1424 1303 1630 1346 pontificatus
1671 1304 1776 1336 nostri

1034 1362 1119 1386 anno
1146 1365 1180 1387 11.

1069 1416 1131 1441 Dat,
1150 1417 1196 1443 die
1214 1419 1244 1444 15
1260 1418 1351 1444 martii
1371 1419 1453 1451 1732,
1472 1420 1574 1454 pontif.
1591 1428 1666 1446 anno
1682 1427 1710 1446 11.

1324 1472 1358 1505 1⁴³.
1386 1474 1474 1506 eard.
1500 1473 1684 1508 Omvnaius.

1374 1597 1432 1629 LV.

1029 1664 1171 1697 Litterae
1203 1667 1386 1700 nonnullae
1420 1669 1615 1712 apostolicae
1641 1670 1776 1704 Ordini-

1075 1718 1133 1751 bus
1157 1720 1365 1762 reqnlarz'bus
1391 1727 1419 1754 et
1455 1723 1720 1757 mendicantibus
1755 1735 1776 1757 a

1072 1772 1147 1814 piae
1171 1775 1346 1806 memoriae
1378 1776 1551 1809 Benedicto
1584 1777 1677 1810 XIII
1705 1788 1776 1810 con-

1073 1835 1185 1863 cessae,
1204 1828 1339 1869 praevio
1356 1828 1589 1869 moderatione,
1609 1830 1651 1862 acl
1670 1832 1774 1863 termi-

1072 1887 1130 1909 nos
1154 1878 1239 1911 iuris
1264 1882 1458 1921 commacina,
1479 1882 1619 1915 Concilii
1643 1883 1776 1915 Triden-

1075 1931 1140 1963 tim·
1163 1937 1192 1964 el
1217 1934 1489 1966 cons(sturionum
1520 1935 1774 1978 apostolicarmn

1070 1985 1284 2019 reducuntur.

1229 2059 1364 2086 Clemens
1386 2060 1562 2094 episcopus,

1217 2112 1326 2131 servus
1342 2113 1501 2132 servorum
1518 2106 1581 2138 Dei,

1150 2151 1184 2176 ad
1206 2153 1383 2182 perpetuam
1405 2150 1450 2177 rei
1470 2151 1654 2177 memoriam.

1071 2212 1236 2245 Romanus
1278 2212 1444 2252 Pontifex,
1484 2224 1579 2256 quem
1621 2215 1771 2247 caelestis

1025 2266 1258 2308 paterfamilias
1285 2266 1398 2298 vineae
1439 2276 1513 2298 suae
1540 2267 1771 2300 custodiendae

1023 2319 1229 2362 praeposuit,
1256 2320 1309 2351 diu
1332 2325 1499 2362 noctuque
1519 2320 1688 2362 operarios
1718 2321 1771 2353 im-

1023 2372 1115 2415 pigre
1156 2372 1188 2404 in
1225 2375 1261 2404 ea
1300 2372 1486 2405 laborantes
1529 2372 1767 2416 circumspicit,

1023 2436 1203 2469 congruam
1231 2426 1330 2458 immo
1358 2427 1498 2469 amplam
1525 2427 1709 2459 mercedem
1725 2428 1770 2460 eis

1022 2480 1209 2522 largiturus,
1227 2484 1262 2510 ut
1279 2478 1382 2519 vinea,
1404 2478 1513 2522 probis
1537 2479 1690 2521 agricolis
1707 2481 1771 2513 hoc

1023 2537 1116 2575 pacto
1142 2532 1180 2564 ad
1207 2543 1277 2564 eam
1312 2532 1451 2565 alacrius
1484 2533 1695 2565 excolendam
1720 2533 1770 2566 in-

1023 2584 1262 2623 cumbentibus,
1289 2584 1432 2617 uberiori
1459 2590 1619 2627 proventu
1659 2586 1769 2619 fructi-

1022 2638 1120 2671 ficare
1145 2638 1262 2681 possit.

1680 235 1746 269 323
1791 245 1841 271 An.
1863 245 1891 271 c.
1911 245 1981 272 περ

1832 570 1895 591 Fides
1919 572 1977 593 tran-

1793 600 1930 623 sumptorum.

1811 2220 1933 2242 Exordium.
