2182 3137
52 195 100 220 An.
113 193 142 218 (ἶ.
166 190 233 218 ¹730

51 255 177 277 stitutiones.
192 257 232 272 ea-

51 288 138 309 [umque
154 287 220 307 ongo·

64 1289 164 1309 Consului
170 1293 238 1307 ioanni

57 1317 236 1339 extravaaanmnn

57 1342 152 1364 historia.
158 1348 229 1361 earum

58 1374 98 1395 qno
113 1374 202 1389 nonnuts
217 1377 238 1388 u-

58 1401 111 1422 rua-1.

873 188 1013 212 CLmtms
1041 189 1085 212 Mt
1112 191 1160 213 1¹12

242 239 322 278 leges
345 237 588 274 fundamentales,
613 247 678 266 cum
703 235 809 276 quibu>
828 235 904 266 Ordo
921 246 985 265 san-

242 286 281 316 cti
305 286 394 326 patris
418 285 602 324 Hieronymi,
620 294 633 314 a
655 284 794 323 Gregorio
813 284 845 313 xl
870 288 986 313 sanctae

243 335 401 365 memoriae
424 334 587 369 institutus,
606 334 662 363 neo
681 333 755 363 bene
773 333 902 366 iuvante,
920 332 985 361 ado-

243 384 312 414 levit
341 388 369 414 et
401 383 493 422 prima
523 382 687 412 rudimenta
719 381 831 412 babuit.
857 382 986 416 Quantae

243 433 333 471 igitur
357 433 416 462 sint
439 431 621 461 auctoritatis
644 435 671 461 et
695 430 905 466 venerationis,
926 430 986 469 ipsa

245 481 429 522 antiquitatis
445 480 605 510 reverenda
622 480 761 518 dignitas,
779 488 853 518 quae
870 479 986 508 immota

244 536 269 561 ct
295 531 378 560 firma
403 530 431 560 in
465 535 506 560 tot
534 530 718 559 saeculorum
752 528 987 558 revolutionibus

244 580 343 617 stetit,
369 579 533 618 primorum
559 583 673 617 patrum
697 577 841 616 sapientia
869 582 895 606 et
921 586 988 615 pru-

245 629 357 664 dentia,
381 637 456 667 quae
479 627 507 657 in
532 628 602 667 ipsis
624 625 885 657 constitutionibus
908 630 936 655 et
960 626 989 655 in

249 774 363 814 probat.
382 774 554 804 Huiusmodi
578 773 744 813 primitivae
767 772 991 803 constitutiones

246 823 376 854 ordinari
398 827 426 853 et
451 823 567 862 disponi
590 827 749 861 coeperunt
779 831 855 851 anno
879 832 892 851 a
917 821 991 851 nati-

247 873 334 902 vitate
353 872 512 902 Salvatoris
536 872 628 902 nostri
652 880 762 906 uuoxv,
788 880 863 910 quae
887 870 991 900 deinde

246 922 274 951 in
299 921 436 961 capitulis
460 920 648 960 generalibus
672 920 810 959 Ordinis,
834 919 991 949 celebratis

248 970 276 1000 in
301 969 479 1000 monasterio
502 971 531 999 S.
558 969 772 999 Bartholomaei
797 969 831 999 de
849 968 990 1008 Lupiana,

246 1018 363 1057 iugibus
377 1018 525 1048 laboribus
541 1022 567 1047 et
586 1018 694 1056 vigiliis
712 1018 860 1048 discussae
882 1022 909 1047 et
926 1027 991 1047 exa-

247 1068 385 1105 minatae,
409 1068 524 1098 tandem
548 1077 624 1098 anno
649 1068 825 1098 decurrente
842 1076 991 1097 ›ittoxxxir

248 1119 276 1148 in
294 1127 352 1147 nno
367 1117 467 1147 codice
485 1117 684 1156 promulgatae
701 1118 831 1152 suoi-unu
850 1116 990 1155 qmlibet¹

248 1166 490 1197 constitutionum
509 1165 717 1195 monachorum
734 1164 854 1195 Ordinis
871 1164 992 1194 sanctis-

248 1216 314 1246 simi
338 1216 428 1255 patris
451 1215 618 1254 Hieronymi
642 1213 882 1253 mincnpabatur.

287 1264 429 1300 Quoniam
455 1273 521 1293 vero
544 1264 738 1293 humanarum
767 1272 865 1292 rerum
892 1263 990 1300 singu-

249 1315 326 1344 lares
359 1313 594 1347 vicissitudines,
619 1317 646 1342 et
669 1322 701 1342 ea
724 1313 807 1342 suis²
832 1312 990 1348 innumeri,

249 1373 303 1394 nec
326 1362 505 1402 praevideri,
528 1372 624 1401 neque
658 1361 805 1401 provideri
831 1361 991 1390 universim

250 1416 373 1452 possunt
395 1411 430 1441 ab
453 1410 642 1448 hominibus,
663 1410 820 1450 (plantatis
848 1409 992 1448 sapientia

250 1466 278 1492 et
301 1460 458 1501 prudentia
481 1459 640 1499 praeditis,
666 1464 831 1498 temporum
855 1467 992 1488 successu

251 1519 371 1541 necesse
400 1509 454 1540 suit
481 1509 554 1538 alias
576 1509 604 1538 in
634 1508 771 1548 capitulis
804 1507 992 1546 generalibus

251 1563 407 1600 perpetuas
430 1558 557 1588 condere
580 1558 658 1596 leges
675 1558 754 1587 iuxta
773 1557 941 1586 methodum
965 1561 993 1585 ct

251 1610 375 1639 sormam
405 1606 615 1647 praescriptam
646 1606 674 1636 in
705 1606 827 1645 antiqui,
850 1605 995 1635 constitu-

252 1658 330 1688 tione
352 1666 418 1693 vm,
443 1660 471 1686 et
503 1655 622 1686 Ordinis
655 1655 763 1693 stylum
798 1659 825 1684 et
859 1663 993 1689 morcm3

252 1716 326 1747 quae
350 1705 524 1746 posteriores
540 1705 630 1743 teges,
646 1714 681 1734 ne
699 1703 811 1734 divisae
830 1703 995 1743 dispersae-

252 1766 308 1796 que
330 1756 358 1786 in
382 1755 459 1785 soliis
481 1764 495 1784 a
520 1753 730 1784 monachorum
763 1762 851 1782 manu
879 1756 908 1782 et
937 1762 996 1782 me-

255 1804 347 1835 moria
379 1804 462 1834 facile
484 1802 674 1839 exciderent,
698 1802 726 1832 in
751 1812 808 1832 uno
832 1801 993 1838 collectae,

255 1853 329 1884 libro
360 1852 605 1882 constitutionum
639 1851 758 1880 suerunt
792 1851 940 1887 insertae,
965 1855 995 1880 ut

1006 236 1009 251 l

1686 179 1726 213 63

1032 241 1057 266 et
1083 238 1195 267 utilitas
1220 239 1390 278 postulatit,
1411 240 1453 268 rel
1474 249 1506 268 cx
1524 248 1622 268 calaum
1641 248 1719 268 nunu
1733 248 1773 268 ιο.

1031 287 1077 325 qui
1102 287 1275 325 augebatur,
1302 289 1342 317 vel
1367 299 1402 318 ex
1432 288 1542 318 ordinis
1570 288 1629 317 site
1652 287 1775 325 disposi-

1032 335 1119 364 tionis
1144 337 1309 374 pert'ectiori
1334 337 1484 371 metliodo3
1504 347 1567 366 nam
1587 337 1614 366 in
1633 336 1687 365 line
1706 335 1773 364 libri

1032 383 1217 421 antiquarum
1248 385 1494 415 constitutiommi
1520 384 1669 424 quondam
1700 384 1774 413 insc-

1032 431 1190 470 rebantur,
1216 433 1322 462 deinde
1347 434 1374 462 in
1399 434 1476 462 calce
1501 434 1682 470 singularum
1707 442 1775 461 con-

1032 481 1219 510 stitutionum
1244 482 1322 511 iuxta
1349 483 1496 521 propriam
1522 483 1671 512 materiam
1703 482 1775 511 ‹lixi-

1032 540 1079 560 sae
1102 535 1129 560 et
1152 531 1315 570 applicatae
1347 532 1473 561 suerunt.
1500 532 1592 561 l'rima
1618 532 1706 569 ig⁷tur
1729 539 1775 559 ex-

1034 579 1250 617 travagantium
1274 579 1444 617 compilatio
1473 580 1606 608 ordinata
1639 584 1664 607 et
1698 580 1775 607 edita

1009 653 1011 671 ξ
1035 627 1158 657 liabetur
1180 628 1208 657 in
1232 628 1360 666 capitulo
1384 628 1511 665 generati
1536 628 1603 656 anni
1626 636 1774 660 itizpmxx.

245 677 371 716 singulis
395 685 494 706 earum
518 675 651 715 apicibus
675 675 791 711 elucet,
812 684 845 704 ac
878 674 988 704 tutissi-
1010 679 1012 690 ¹

249 735 326 756 mum
350 724 468 756 Ordinis
491 725 726 764 experimentum
749 723 853 753 suadet
869 728 897 753 et
913 735 991 753 ecnu-
1011 717 1012 721 ¹

1034 677 1160 706 secunda
1186 676 1294 715 prodiit
1317 687 1394 706 anno
1418 686 1509 706 ,tinxit
1525 701 1532 710 ,
1558 677 1641 706 tertia
1675 685 1777 714 supcr-

1035 726 1113 755 venit
1137 735 1213 755 antio
1238 735 1393 762 nntxxxu,
1417 730 1521 764 quarta
1549 725 1672 754 accessit
1701 734 1777 753 anno

1035 783 1166 811 unxerit,
1191 775 1291 813 quinta
1315 774 1459 804 successit
1482 783 1558 803 anno
1583 782 1704 808 niumm,
1733 782 1775 802 se-

1036 827 1080 853 xta
1105 823 1219 852 tandem
1244 822 1272 852 in
1296 822 1390 852 lucem
1417 822 1494 851 tenu
1518 831 1593 851 anno
1617 830 1754 850 Mtuzttxtt.

1074 871 1191 901 Collatis
1216 871 1424 901 monachorum
1445 870 1548 900 studiis
1573 869 1600 899 iu
1626 869 1676 898 liae
1701 878 1777 899 com-

1037 920 1176 959 pilatione
1199 920 1267 949 anni
1294 928 1435 956 nocent,
1454 929 1510 948 non
1528 918 1627 948 eadem
1647 917 1777 946 emnium

1037 969 1089 999 suit
1113 968 1223 1008 opinio,
1250 978 1344 1008 neque
1375 968 1450 998 idem
1475 967 1628 1003 iudicium,
1650 975 1714 995 cum
1739 969 1780 994 ta-

1039 1027 1104 1047 men
1129 1017 1261 1047 omnium
1285 1017 1384 1046 eadem
1409 1021 1484 1046 esset
1514 1016 1663 1049 voluntas,
1689 1014 1780 1044 idem-

1036 1076 1092 1105 que
1115 1066 1193 1095 zelus
1216 1075 1283 1104 erga
1308 1066 1426 1096 tslrdinis
1450 1066 1584 1095 decorem
1616 1068 1643 1093 et
1668 1063 1778 1092 utilita-

1037 1120 1106 1145 tem.
1133 1115 1248 1144 Etenim
1272 1115 1368 1154 aliqua
1395 1114 1545 1152 religionis
1569 1113 1694 1150 insignia
1721 1121 1781 1141 mo-

1037 1164 1162 1193 nasteria
1187 1173 1348 1203 eorumque
1372 1163 1518 1197 monachi,
1543 1161 1780 1200 compilationem

1037 1214 1104 1242 anni
1130 1221 1239 1242 nomm
1271 1212 1509 1251 prtqmgnantia,
1535 1211 1607 1240 lianc
1641 1209 1780 1248 compila-

1039 1262 1146 1291 tionem
1170 1270 1295 1291 nocem
1319 1262 1494 1299 impugnare
1515 1263 1699 1298 coeperunt,
1724 1257 1780 1287 alia

1039 1321 1106 1340 vero
1130 1320 1186 1340 non
1212 1310 1308 1339 {ninus
1331 1310 1417 1347 digna
1441 1308 1632 1345 monasteria,
1650 1308 1781 1337 illorum-

1038 1369 1093 1399 que
1117 1359 1265 1396 monachi,
1282 1369 1297 1388 e
1314 1368 1454 1388 converso
1477 1368 1529 1397 pro
1551 1358 1653 1387 eadem
1677 1357 1781 1386 ultima,

1038 1408 1245 1447 compilatione
1279 1408 1505 1437 insurrexerunt
1538 1406 1680 1436 adversus
1707 1405 1782 1435 anti-

1038 1467 1125 1497 quam
1142 1458 1212 1487 anni
1228 1465 1351 1486 sinaxin.
1367 1456 1397 1485 ln
1415 1455 1581 1485 huiusmodi
1598 1454 1781 1493 opinionum,

1040 1516 1096 1536 non
1120 1506 1285 1536 animorum
1309 1505 1492 1535 dissensione
1509 1509 1536 1534 et
1553 1504 1704 1541 conflictu,
1723 1512 1782 1532 mo-

1040 1554 1166 1584 nasteria
1190 1554 1238 1584 illa
1262 1553 1498 1592 compilationem
1524 1552 1656 1582 ultimam
1689 1551 1782 1591 impu·

1039 1603 1158 1640 gnantia
1175 1627 1182 1640 ‚
1206 1603 1239 1632 ad
1265 1602 1393 1632 tribunal
1417 1601 1573 1640 legationis
1605 1600 1783 1640 apostolicae

1039 1653 1068 1681 in
1103 1651 1201 1689 regnis
1225 1651 1432 1691 Hispaniarum
1467 1653 1695 1690 processerunt,
1720 1657 1784 1686 gra-

1041 1710 1163 1741 vemque
1180 1700 1347 1730 huiusmodi
1365 1700 1592 1730 controversiam
1610 1700 1638 1729 in
1656 1698 1784 1738 capitulo

1040 1751 1171 1789 generali
1194 1750 1263 1779 anni
1286 1758 1452 1786 MDCCxth,
1477 1749 1523 1779 cui
1547 1757 1682 1788 praeesse
1711 1756 1784 1777 nun-

1039 1800 1102 1831 cius
1124 1799 1301 1840 apostolicus
1323 1798 1460 1836 debebat,
1480 1798 1657 1832 examinari,
1676 1796 1782 1827 resolvi

1041 1854 1068 1879 et
1090 1849 1209 1879 omuino
1231 1848 1364 1886 extingui
1386 1847 1559 1887 suppliciter
1583 1846 1778 1886 postularunt.

1777 190 1827 214 An.
1849 188 1875 213 (L,
1902 185 1968 213 1730

254 1902 379 1942 quisque
411 1900 536 1931 faciliter
568 1904 721 1935 nosceret,
755 1909 812 1938 quo
845 1899 908 1929 iure
931 1899 994 1936 uti,

255 1950 419 1990 quibusque
441 1949 554 1988 legibus
578 1949 675 1979 vivere
698 1949 726 1978 in
749 1948 858 1979 Ordine
880 1953 996 1988 oporte-

256 2004 310 2029 ret.
334 1998 377 2029 Ab
399 2007 501 2029 earum
523 1997 637 2036 origine
666 1996 721 2027 sub
753 1997 870 2027 nomine
904 2001 996 2026 etz-tra-

256 2048 414 2086 vagantium
435 2047 489 2077 hae
512 2046 690 2086 posteriores
723 2046 801 2084 leges
831 2045 996 2085 nuncupari

1081 1897 1268 1937 Apostolicus
1292 1897 1429 1934 nuncius,
1449 1906 1506 1936 quo
1528 1895 1665 1926 omnibus
1689 1899 1782 1924 matu-
1822 1917 1850 1936 μ’,
1877 1917 1978 1936 mmm

1041 1947 1102 1977 rius
1125 1951 1152 1977 et
1174 1946 1338 1976 consultius
1362 1945 1544 1985 provideret,
1572 1944 1602 1974 in
1630 1944 1707 1974 dicto
1736 1946 1979 1989 5⁶·j¹‚¹,'',¹''‚',1„ssI'{¹{,','‚','

1041 1996 1134 2026 nerali
1157 1995 1298 2035 capitulo,
1315 1995 1362 2025 cui
1381 1994 1518 2034 praefuit,
1536 1997 1661 2033 quatuor
1685 1999 1850 2022 mona—tarta
1877 1977 1979 2035 «uniti-¹2(-

1795 2024 1823 2043 tn,
1843 2025 1980 2047 eximiae-sst-

1041 2045 1110 2075 clios
1133 2054 1167 2075 ex
1190 2043 1321 2084 qualibet
1344 2048 1438 2083 parte,
1462 2042 1596 2079 scientia,
1615 2041 1854 2082 prudentiaffxnm.

256 2099 427 2136 coeperunt,
444 2105 478 2126 eo
493 2095 560 2136 quia
583 2099 664 2125 extra
682 2104 790 2134 corpus
809 2095 995 2134 antiquarum

257 2145 498 2175 constitutionum
532 2147 720 2183 vagarentur.
755 2143 836 2179 Quod
874 2143 997 2183 proinde

259 2203 362 2224 nomen
385 2193 605 2223 distinctionem
629 2191 665 2222 ab
684 2191 813 2231 antiquis
836 2191 907 2230 ipsis
929 2199 998 2220 con-

259 2242 462 2272 stitutionibus
484 2242 604 2277 indicat,
628 2241 700 2271 nihil
725 2249 792 2270 vero
816 2239 998 2278 legislativae

261 2291 441 2320 auctoritatis
464 2291 631 2327 imminuit;
662 2299 728 2320 curn
756 2290 837 2329 ipsae
866 2294 998 2319 extrava-

261 2343 364 2377 gantes
385 2339 462 2376 leges
483 2339 539 2368 sint
554 2339 672 2369 Ordinis
695 2343 853 2379 perpetuae
875 2342 903 2368 et
926 2337 998 2368 obli-

261 2388 403 2426 gatoriae.
422 2388 527 2417 [larum
544 2389 796 2426 extravagantium
816 2388 999 2427 compilatio-

262 2446 313 2466 nes
337 2436 436 2476 plures
459 2436 551 2466 editae
574 2437 706 2474 suerunt,
731 2437 816 2467 sicuti
841 2436 1000 2467 necessitas

300 2500 306 2525 t
332 2498 434 2525 Forsan
456 2497 601 2531 legendum
625 2499 675 2532 qui
695 2499 767 2526 tiber
786 2501 826 2533 (n.
844 2501 892 2531 τ.).

296 2542 312 2569 2
332 2542 401 2573 Quid
421 2542 566 2577 legendnm
586 2550 633 2576 pro
649 2551 682 2569 ea
702 2543 761 2570 suis
782 2552 833 2571 non
854 2543 918 2571 milii
938 2552 999 2579 sup-

262 2587 342 2624 petit,
365 2586 455 2614 sorsan
475 2594 556 2613 casus
575 2590 614 2621 (n.
635 2586 682 2622 π).

1041 2093 1217 2133 Ordinisque
1240 2092 1484 2123 constitutionum
1508 2096 1536 2121 et
1559 2092 1655 2130 legum
1686 2090 1785 2129 cogni-

1043 2142 1120 2172 tione
1144 2142 1300 2181 pollentes,
1335 2141 1436 2171 eodem
1466 2140 1622 2170 assistente
1655 2137 1784 2177 generali

1041 2191 1186 2232 capitulo,
1211 2191 1362 2230 deputavit
1386 2194 1411 2219 et
1436 2188 1619 2227 designavit,
1645 2187 1715 2226 ipsis
1742 2187 1785 2216 iu-

1043 2242 1188 2279 iungens,
1213 2245 1265 2276 ut,
1290 2241 1365 2270 intra
1397 2248 1445 2268 sex
1480 2237 1623 2267 mensium
1658 2236 1784 2275 spatium

1042 2289 1225 2328 congregati,
1247 2293 1404 2327 utramque
1420 2286 1656 2325 compilationem
1674 2289 1786 2313 mature

1042 2339 1257 2373 examinarent,
1277 2337 1433 2376 ontniaque
1452 2335 1537 2365 dubia
1556 2340 1581 2364 ct
1599 2334 1785 2364 dil'ticultates

1042 2397 1158 2418 summo
1174 2387 1270 2417 studio
1287 2387 1364 2416 inter
1381 2396 1410 2415 se
1427 2386 1604 2418 conflarent,
1622 2388 1664 2419 ut,
1683 2392 1784 2412 eorum

1043 2436 1185 2466 relatione
1208 2435 1318 2472 audita,
1343 2434 1480 2464 omnibus
1504 2431 1670 2462 rationibus
1693 2431 1787 2462 utrin-

1043 2495 1099 2524 que
1133 2484 1304 2524 perpensis,
1341 2483 1403 2522 ipse
1436 2482 1562 2512 nuncius
1595 2481 1784 2520 apostolicus,

1043 2534 1113 2574 quid
1136 2534 1164 2563 in
1190 2533 1310 2563 Domino
1342 2533 1450 2561 iustum
1481 2535 1509 2560 et
1537 2530 1695 2569 expediens
1729 2529 1785 2561 sihi

1045 2582 1203 2620 videretur,
1229 2581 1372 2611 resolvere
1395 2584 1420 2610 et
1445 2579 1568 2610 definire
1591 2583 1698 2619 posset.
