2182 3137
979 173 1159 198 uui-mmm
1184 173 1338 196 ROMANL'M

1156 220 1363 259 generalibus,
1397 220 1535 260 deinceps
1568 219 1726 259 capitulum
1759 219 1894 258 gencrale

1157 269 1266 299 nullam
1289 279 1324 298 ex
1349 269 1393 299 liis
1416 269 1608 300 electionibus
1631 268 1726 299 faciat.

1197 326 1273 347 xrri.
1298 317 1377 353 Quod
1392 341 1398 355 ,
1416 327 1481 348 cum
1500 318 1576 348 inter
1599 317 1725 357 capitula
1749 317 1895 356 generalia

1157 366 1212 396 alia
1238 366 1389 405 hucusque
1423 366 1529 396 fuerint
1564 366 1737 396 intermedia
1754 390 1761 403 ,
1785 365 1897 395 scilicet

184 181 234 206 An.
252 181 278 205 a.
304 179 369 205 ⁴7³1
416 169 457 202 58
1901 170 1952 197 An.
1974 171 2091 198 (ιι-130

416 236 533 257 xxxviii.
558 226 637 262 Quod
672 224 817 264 praedicti
852 223 1020 253 definitores
1048 231 1113 260 pro-

377 275 516 305 vinciales
539 282 686 313 nimquam
710 282 738 302 se
763 271 958 301 intromittant
981 270 1009 300 in
1040 269 1114 307 regi-

377 325 452 353 mine
469 323 580 356 (lentus,
600 322 653 351 nisi
672 319 841 350 absentibus
865 319 1011 356 ministro,
1032 327 1114 357 prae-

376 373 435 401 side
457 372 510 401 iam
528 371 615 408 dicte,
634 375 658 399 et
681 369 804 405 vicari03
823 373 890 398 tunc
907 367 996 404 enim,
1014 375 1115 406 quam-

1949 325 1979 346 lie
1996 325 2090 351 capi‘nlo

1908 352 2001 375 generati
2017 357 2054 377 pra
2070 357 2091 371 e·

1909 378 2001 398 unctione
2030 384 2091 396 uun·-

1908 404 1945 424 fltri
1962 407 2077 429 μιμεῖ-ιω,

216 1997 244 2017 lle
260 1997 334 2020 :tillia-g
348 2002 370 2015 is.

266 2142 370 2161 libationi-

217 2483 245 2503 Η,-
265 2484 372 2503 1-1»κιιιιιί-

190 2510 227 2529 hu*
251 2516 290 2529 nun
311 2514 372 2531 rette-

191 2540 271 2558 [Aniba

379 421 418 448 tis
442 420 547 449 ibidem
582 419 618 448 sit
651 417 756 456 aliquis
789 416 925 446 definitor
957 413 1112 453 generalis,

379 467 525 506 praesides
559 471 643 496 erunt
676 466 778 495 domus
808 464 976 493 definitores
1000 462 1115 501 provin-

376 516 475 545 ciales:
493 515 542 544 sed
560 514 743 544 definitorem
761 512 927 551 generalem
952 519 1009 540 non
1033 519 1115 549 prae-

377 564 489 599 cedent,
508 572 561 592 nec
577 563 606 592 in
629 561 753 597 actibus,
777 560 884 599 quibus
900 561 961 599 ipse
977 559 1114 596 adsuerit,

379 612 419 642 illi
444 610 668 651 praesidentiam
691 608 851 638 habebunt.

418 669 516 690 xxxix.
534 659 613 695 Quod
631 658 808 696 ubicumque
825 657 934 687 fuerint
950 656 1118 686 definitores

296 709 303 720 ‘
332 702 590 749 '²''provinciales,
614 707 784 738 immediate
806 706 1003 736 subiiciantur
1032 714 1116 744 supe-

378 759 448 788 riori
473 757 640 797 provinciae
673 765 724 786 seu
759 755 943 795 provinciali,
967 764 1025 785 non
1048 763 1118 784 vero

379 807 553 847 praecedant
569 806 734 836 ministrum
752 805 856 835 domus
878 814 932 834 nec
955 803 1117 844 praesidem

378 866 459 886 num.
485 864 580 886 xxxva
602 854 727 891 dictum,
751 853 807 884 nisi
837 858 967 893 tempore
995 852 1118 883 actualis

378 905 532 936 definitorii
556 903 755 944 provincialis.

417 964 462 984 xii.
487 953 566 989 Quod
600 952 628 982 in
662 951 727 981 aliis
760 950 913 989 domibus,
950 950 978 980 in
1012 949 1118 990 quibus

379 1002 565 1042 provincialis
587 1010 644 1031 non
669 1000 775 1037 fuerit,
806 1000 976 1030 definitores
1000 999 1117 1038 provin-

378 1052 465 1081 ciales
489 1050 634 1080 licentiam
659 1054 686 1079 et
708 1049 942 1079 benedictionem
973 1048 1117 1087 accipiant

378 1113 391 1129 a
415 1101 567 1130 definitore
583 1099 711 1137 generali
735 1099 763 1128 in
787 1098 895 1128 eisdem
919 1098 1059 1127 existenti
1083 1097 1118 1126 ad

378 1150 545 1180 exeundum
569 1157 583 1178 a
606 1148 704 1183 domo,
721 1152 749 1177 et
772 1156 786 1176 a
809 1152 892 1186 patre
915 1147 1051 1176 ministro
1074 1155 1121 1175 so-

379 1199 455 1228 cium
476 1201 591 1236 petant·,
609 1205 666 1225 non
690 1201 787 1226 tamen
803 1195 870 1234 ipsi,
889 1195 938 1224 sed
961 1195 1033 1224 socii
1058 1199 1120 1224 tan-

379 1253 438 1277 tum
461 1245 697 1275 benedictionem
720 1244 866 1283 accipiant
881 1253 895 1273 a
913 1243 1048 1272 ministro
1070 1247 1119 1272 aut

378 1307 391 1325 a
417 1295 549 1335 praeside
574 1303 627 1333 per
653 1293 836 1332 superiorem
869 1292 1037 1330 generalem
1071 1297 1121 1322 aut.

379 1355 429 1384 per
450 1344 650 1375 delinitorium
673 1343 810 1381 generale
833 1342 998 1380 designato.

419 1404 474 1424 xm.
499 1393 579 1430 Quod
601 1393 625 1423 si
647 1392 785 1422 definitor
807 1391 954 1430 generalis
977 1399 1034 1421 non
1058 1390 1118 1420 sue-

380 1443 417 1473 rit
432 1443 522 1481 domi,
540 1442 594 1482 ipsi
611 1441 781 1472 definitores
801 1439 997 1480 provinciales
1021 1443 1119 1478 petant

380 1491 452 1532 patri
486 1491 621 1521 ministro
654 1489 804 1520 licentiam
838 1489 873 1518 ad
905 1488 1074 1517 exeundum
1105 1497 1119 1517 e

379 1541 485 1579 domo,
517 1539 553 1570 ab
586 1539 747 1578 eodemque
783 1537 919 1567 ministro
952 1537 1065 1567 socium
1093 1541 1121 1566 et

380 1589 612 1619 benedictionem
635 1587 794 1627 accipiant.

419 1648 486 1668 xiin.
504 1637 584 1673 Quod
601 1637 687 1667 liceat
708 1635 916 1666 definitoribus
934 1634 1121 1674 provinciali-

380 1687 433 1718 bus
455 1687 518 1716 sine
540 1686 664 1715 alicuius
687 1685 774 1715 etiam
803 1683 965 1723 superioris
997 1683 1121 1722 impedi-

380 1741 477 1765 mento
510 1739 559 1765 aut
589 1734 723 1764 examine
755 1733 890 1763 scribere
912 1737 961 1761 aut
988 1732 1120 1771 recipere

380 1785 519 1823 epistolas
536 1784 571 1814 ad
588 1784 655 1813 illos
671 1783 786 1820 missas,
803 1787 831 1812 et
852 1782 989 1811 similiter
1010 1781 1124 1820 alloqui

380 1843 580 1873 quascumque
603 1842 760 1872 personas,
785 1831 942 1861 dummodo
965 1831 1121 1861 observent

380 1882 509 1921 regulam
544 1887 572 1912 et
604 1881 828 1912 constitutiones
865 1879 961 1919 quoad
996 1879 1057 1909 loca
1094 1883 1121 1909 et

382 1936 523 1970 tempora.

421 1989 499 2009 xLln.
533 1978 614 2014 Quod
647 1978 676 2008 in
714 1977 855 2008 faciendis
890 1976 1038 2016 suffragiis
1069 1986 1121 2016 pro

380 2027 526 2066 religiosis
542 2032 569 2057 et
584 2027 785 2067 superioribus
802 2026 974 2056 observetur
990 2025 1119 2064 regimen

381 2076 470 2106 totius
494 2076 654 2114 religionis.

421 2133 496 2154 xitiv.
521 2124 600 2160 Quod
620 2129 651 2154 ut
669 2123 779 2164 possint
798 2123 929 2154 obtinere
946 2123 1038 2153 officia
1056 2131 1121 2162 pro-

382 2173 512 2212 vinciae,
536 2178 711 2213 reputentur
734 2173 786 2203 filii
810 2173 889 2203 illius
911 2181 1012 2203 omnes
1034 2172 1064 2202 in
1087 2173 1122 2201 ea

382 2222 522 2260 professi,
547 2227 574 2252 et
596 2223 682 2252 etiam
706 2231 807 2251 omnes
829 2221 871 2251 illi
895 2221 945 2260 qui
969 2225 1036 2250 ante
1058 2220 1121 2250 eius

381 2271 557 2301 erectionem
594 2272 669 2301 intra
707 2271 837 2300 eamdem
876 2271 966 2300 functi
1003 2270 1121 2300 suerunt

381 2320 480 2358 aliquo
504 2320 617 2357 ot'ticio,
646 2325 696 2349 aut
719 2321 832 2349 fuerant
854 2319 1062 2349 conventuales
1090 2318 1119 2348 in

382 2368 444 2405 illa,
462 2378 574 2398 necnon
598 2369 639 2398 illi
663 2378 735 2407 quos
757 2368 891 2407 superior
909 2367 1054 2405 generalis
1077 2367 1121 2397 in-

382 2417 597 2456 corporaverit,
622 2417 701 2447 iuxta
726 2421 841 2447 nostras
863 2416 1098 2446 constitutiones.

424 2474 488 2494 xcv.
512 2466 610 2502 Quod,
634 2476 698 2495 cum
722 2475 823 2496 omnes
845 2465 1021 2502 electiones,
1046 2474 1120 2504 quae

384 2513 446 2543 fieri
469 2512 574 2543 debent
601 2514 630 2544 in
659 2514 815 2553 praedictis
842 2513 976 2554 capitulis
1006 2512 1121 2553 provin-

384 2562 527 2601 cialibus,
552 2567 634 2593 antea
669 2564 759 2594 factae
793 2563 903 2594 fuerint
929 2563 957 2593 in
982 2562 1120 2602 capitulis

1159 419 1221 454 post
1244 415 1403 444 triennium
1427 415 1579 445 electionis
1595 415 1723 445 ministri
1740 414 1895 453 generalis,

1158 467 1186 493 et
1208 463 1262 493 alia
1286 463 1452 494 huiusmodi
1477 464 1602 503 capitula
1634 463 1743 494 fuerint
1775 462 1897 493 electiva

1160 511 1285 541 ministri
1309 512 1465 550 generatis,
1489 512 1626 551 deinceps
1650 512 1756 542 suturis
1789 516 1900 550 tempo·

1160 560 1241 590 ribus
1264 561 1420 590 universus
1442 560 1532 598 Ordo,
1549 569 1709 600 omnesque
1731 560 1899 600 provinciae

1160 609 1246 639 unice
1269 614 1486 648 congregentur
1513 610 1547 640 ad
1578 610 1737 649 capitulum
1765 609 1900 647 generale

1161 659 1318 689 electivum
1352 659 1479 689 ministri
1511 659 1673 697 generalis,
1707 659 1783 698 quod
1817 658 1898 688 iuxta

1161 712 1290 738 nostram
1313 707 1444 746 regulam
1467 707 1609 738 celebrari
1631 707 1716 738 debet
1737 707 1773 737 de
1796 716 1901 737 sexen-

1162 757 1209 787 nio
1231 757 1261 786 in
1285 757 1471 786 sexennium.

1202 815 1287 836 van.
1311 806 1391 842 Quod
1413 806 1442 836 in
1459 806 1606 845 praedicto
1628 805 1756 845 capitulo
1772 805 1900 844 generali
1922 818 1944 839 Ε.
1962 818 2094 865 σῃῗωμ-,ηιω

1913 851 1989 869 neaera
2002 852 2049 865 tuni.

1161 855 1248 885 simul
1271 864 1337 884 cum
1361 855 1495 885 ministro
1516 854 1645 893 generali
1664 854 1811 893 eligantur
1832 853 1902 883 deti-

1162 904 1272 934 nitores
1305 904 1458 943 generales
1490 904 1608 934 Ordinis
1640 903 1675 933 de
1707 903 1849 933 sexennio
1871 902 1900 932 in

1162 952 1347 989 sexennium,
1364 956 1391 982 et
1413 952 1501 992 quod,
1526 957 1556 982 ut
1579 952 1606 982 in
1631 951 1739 982 suturis
1762 951 1903 990 tempori-

1161 1001 1214 1031 bus
1238 1001 1265 1031 id
1288 1001 1326 1031 ita
1351 1001 1409 1037 fiat,
1434 1005 1602 1040 praesentes
1625 1000 1795 1030 definitores
1816 1009 1903 1038 gene·

1163 1049 1239 1079 rates
1262 1049 1396 1087 Ordinis,
1421 1049 1470 1088 qui
1495 1049 1523 1078 in
1548 1049 1676 1088 capitulo
1699 1049 1827 1086 generali
1852 1049 1904 1078 mi-

1163 1098 1247 1127 nistri
1269 1098 1416 1135 generalis
1440 1097 1564 1127 electivo
1581 1096 1665 1126 electi
1682 1098 1810 1130 fuerunt,
1827 1105 1903 1126 unus

1163 1146 1299 1176 videlicet
1320 1146 1357 1176 de
1380 1145 1510 1185 qualibet
1532 1155 1567 1176 ex
1590 1155 1639 1176 sex
1656 1145 1774 1176 Ordinis
1790 1146 1905 1184 provin-

1163 1195 1231 1228 ciis,
1253 1196 1464 1225 confirmentur
1486 1199 1515 1224 et
1537 1198 1732 1233 prorogentur
1753 1203 1845 1233 usque
1868 1194 1903 1223 ad

1163 1243 1325 1283 capitulum
1347 1244 1483 1282 generale
1502 1243 1620 1274 Ordinis
1642 1243 1797 1273 electivum
1821 1243 1905 1272 mini-

1163 1293 1218 1323 stri
1254 1292 1401 1330 generalis
1415 1316 1422 1330 ‚
1460 1292 1536 1322 sicut
1572 1291 1732 1331 capitulum
1767 1291 1905 1329 generale

1164 1341 1344 1381 praecedens
1366 1340 1421 1371 sibi
1444 1341 1548 1371 statuit
1573 1341 1599 1371 vi
1622 1340 1769 1371 facultatis
1794 1340 1906 1380 praedi.

1163 1390 1201 1420 cti
1224 1389 1323 1420 Brevis
1346 1389 1501 1429 apostolici
1534 1389 1639 1420 ultimo
1670 1388 1814 1428 expediti,
1838 1388 1907 1419 ulti-

1164 1448 1269 1478 moque
1292 1443 1375 1468 antea
1398 1438 1541 1478 expressi.

1204 1488 1280 1517 llaec
1308 1491 1415 1517 statuta
1443 1491 1471 1517 et
1498 1486 1692 1517 determinata
1723 1491 1792 1517 sunt
1818 1496 1906 1527 quae-

1163 1537 1229 1566 dam
1253 1545 1266 1565 a
1290 1535 1418 1576 capitulo
1433 1535 1575 1574 generali,
1593 1535 1649 1566 alia
1673 1545 1742 1565 vero
1764 1545 1778 1565 a
1801 1535 1906 1566 delini-

1164 1585 1237 1615 torio
1269 1584 1398 1623 generali
1432 1588 1496 1623 post
1528 1584 1709 1623 capitulum,
1746 1584 1822 1623 quod
1855 1593 1906 1623 per

1163 1643 1271 1663 annum
1295 1634 1442 1671 integrum
1466 1633 1496 1662 in
1519 1633 1710 1663 discutiendis
1739 1637 1767 1663 et
1791 1633 1836 1663 his
1858 1633 1907 1663 de-

1165 1682 1357 1713 terminandis
1379 1682 1475 1712 studio
1491 1682 1662 1722 quotidiano
1684 1683 1825 1721 omnique
1848 1691 1908 1712 me-

1163 1731 1304 1761 ditatione
1327 1730 1514 1768 incumbens,
1532 1730 1603 1760 haec
1626 1731 1815 1770 proponenda
1839 1740 1907 1761 san-

1162 1780 1294 1811 ctissimo
1320 1780 1438 1810 domino
1472 1789 1524 1819 pro
1558 1784 1701 1818 tempore,
1732 1784 1761 1809 et
1788 1780 1906 1810 illorum

1162 1828 1417 1859 confirmationem
1435 1828 1590 1868 petendam
1606 1828 1750 1865 decrevit,
1768 1828 1907 1859 ordinan-

1163 1878 1199 1908 do
1222 1878 1280 1908 imo
1302 1882 1331 1907 et
1350 1877 1555 1917 praecipiendo
1578 1877 1760 1917 procuratori
1777 1878 1907 1915 generali

1164 1936 1215 1966 pro
1239 1931 1382 1965 tempore,
1407 1929 1437 1955 ut
1460 1926 1677 1965 quamprimum
1705 1925 1907 1956 confirmanda

1163 1979 1314 2014 procuret.
1340 1974 1371 2004 ln
1396 1983 1521 2013 quorum
1540 1973 1626 2004 fidem
1650 1977 1820 2014 praesentes
1844 1974 1907 2005 tieri

1164 2023 1305 2053 iussimus
1335 2031 1422 2053 manu
1456 2024 1553 2052 nostra
1577 2026 1605 2052 et
1628 2022 1779 2052 secretarii
1813 2022 1906 2052 nostri

1163 2072 1358 2111 chirographo
1392 2071 1593 2111 subscriptas,
1627 2071 1782 2111 sigilloque
1814 2071 1906 2101 nostri

1164 2121 1324 2151 definitorii
1348 2120 1543 2160 impressione
1566 2120 1704 2156 munitas,
1727 2119 1754 2149 in
1779 2119 1833 2149 hoc
1854 2129 1910 2150 no-

1164 2174 1223 2200 stro
1245 2169 1408 2199 Matritensi
1433 2173 1602 2205 conventu,
1627 2168 1673 2198 die
1697 2176 1774 2198 xxvii
1797 2168 1908 2198 mensis

1165 2217 1244 2253 maii,
1262 2225 1338 2245 anno
1355 2216 1468 2245 Domini
1491 2224 1640 2245 mocoxxx.
1661 2232 1693 2236 —
1719 2215 1820 2244 Frater
1834 2215 1909 2244 Aer,-

1165 2272 1280 2292 xaxnaa
1304 2271 1321 2292 Α
1344 2262 1562 2297 ΕοΝυΕΡτιοΝΕ,
1586 2261 1722 2290 minister
1749 2260 1906 2298 generalis.

1164 2310 1232 2339 Loco
1248 2311 1264 2346 Τ
1279 2309 1378 2347 sigelli.
1393 2308 1432 2338 De
1450 2307 1584 2337 mandato
1601 2307 1691 2346 patris
1710 2307 1804 2337 nostri
1821 2307 1909 2337 mini-

1163 2356 1215 2386 stri
1233 2355 1389 2394 generalis,
1413 2354 1503 2384 frater
1526 2354 1735 2384 lterzsxanixus
1760 2362 1777 2383 Α
1800 2352 1909 2384 Conca-

1164 2411 1280 2440 Prioxe,
1305 2400 1495 2431 secretarius.

1207 2451 1222 2494 g
1247 2450 1277 2483 3.
1306 2449 1410 2488 Quare
1425 2448 1612 2493 praedictus
1642 2454 1832 2493 procurator
1858 2459 1908 2492 ge-

1164 2503 1285 2537 neralis
1310 2503 1403 2537 nobis
1429 2502 1599 2536 humiliter
1627 2502 1806 2547 supplicari
1832 2502 1907 2536 secit

1163 2563 1195 2591 ut
1220 2562 1339 2591 statuta
1365 2562 1394 2591 et
1420 2557 1551 2591 decreta
1569 2556 1756 2591 huiusmodi
1781 2561 1908 2601 aposto-

1965 2455 2101 2478 Confirmatio

1917 2484 2053 2504 statutorum.
