2182 3137
37 291 83 315 An.
98 287 128 313 C.
150 284 220 312 ¹732

35 380 47 400 b

34 412 45 426 c

34 438 46 457 5

33 464 46 506 ἓ

844 285 988 310 CLEMENS
1015 286 1060 310 x11
1085 287 1134 311 PP.

58 351 136 371 vntum
159 353 216 374 pres·
269 334 285 377 ἓ
309 334 340 368 3.
366 334 432 369 Nos
459 335 559 377 igitur
575 361 583 375 ,
606 335 738 369 eosdem
767 340 967 378 exponentes

49 381 112 405 ἰι-τις
140 382 152 395 a
180 375 215 393 de·

47 410 109 424 eunio
125 404 144 423 in
162 402 215 422 Cun-

48 431 154 456 regatiune
180 429 214 449 du·-

48 458 129 478 entibus
140 461 214 476 concn-

49 487 95 505 ntur.

55 2579 173 2602 ctam-nae.

226 388 422 431 specialibus
448 389 609 421 favoribus
629 395 660 422 et
678 388 790 431 gratiis
814 387 966 430 prosequi

226 442 388 480 volentes,
422 451 603 484 eorumque
641 442 821 483 singulares
858 450 967 483 perso-

224 504 283 526 nas
301 504 319 526 a
337 493 503 537 quibusvis
524 493 876 532 excommunicationis,
896 503 967 525 sus-

225 547 392 590 pensionis
425 552 456 579 et
487 546 673 587 interdicti,
698 547 836 590 aliisque
863 547 965 579 eccle-

225 599 361 632 siasticis
387 600 558 633 sententiis
575 627 582 640 ,
609 600 754 633 censuris
780 605 810 632 et
834 598 965 642 poenis,

224 663 242 686 a
259 653 326 686 iure
353 652 401 685 vel
427 653 467 685 ab
493 654 636 692 bomine,
657 653 769 696 quavis
791 651 965 686 occasione

223 707 273 739 vel
299 709 395 739 causa
419 706 506 747 latis,
526 707 549 739 si
576 707 692 750 quibus
718 707 966 750 quomodolibet

224 760 394 793 innodatae
412 759 568 799 existunt,
590 760 628 792 ad
645 759 794 792 effectum
815 770 965 803 praesen-

224 813 303 846 tium
334 813 499 846 dumtaxat
526 813 816 856 consequendum,
848 813 963 846 haruin

224 866 309 899 serie
326 866 530 899 absolventes
556 871 587 898 et
611 866 776 899 absolutas
802 866 870 899 sore
889 877 965 899 cen-

224 925 351 958 sentes,
377 919 561 951 buiusmodi
596 919 889 962 supplicationibus
922 919 965 951 in-

223 971 356 1012 clinati,
392 972 430 1004 de
469 972 699 1005 venerabilium
737 973 870 1004 fratrum
907 982 965 1005 no-

223 1030 367 1058 strorum
389 1025 489 1068 ipsius
513 1025 544 1058 S.
565 1025 601 1057 R.
622 1025 656 1057 Ε.
677 1025 888 1058 cardinalium
914 1036 965 1058 ne-

225 1077 323 1121 gotiis
355 1083 388 1110 et
417 1078 710 1112 consultationibus
736 1079 963 1122 episcoporum

223 1137 254 1165 et
286 1132 486 1175 regularium
521 1133 800 1176 praepositorum,
828 1133 882 1176 qui
916 1144 965 1166 re-

222 1185 379 1218 lationem
406 1185 515 1218 dilecti
542 1185 599 1218 tilii
625 1186 844 1229 procuratoris
869 1197 965 1229 gene-

223 1237 300 1270 ralis
327 1238 430 1271 dictae
453 1237 721 1282 Congregationis
739 1239 867 1272 Piorum
885 1239 965 1282 Ope-

222 1290 384 1324 rariorum
415 1291 475 1324 sibi
514 1293 657 1335 desuper
682 1293 796 1326 suetam
823 1294 965 1326 attende-

222 1350 298 1391 runt
334 1355 468 1388 remque
501 1345 643 1388 undique
680 1352 803 1378 mature
844 1346 964 1379 discus-

218 1403 344 1438 serunt,
370 1398 517 1438 consilio,
539 1399 773 1432 resolutionem
800 1401 963 1434 enunciati

221 1451 353 1496 capituli
388 1452 550 1495 generalis
586 1452 762 1486 novissime
788 1454 961 1495 celebrati,

221 1516 282 1550 per
309 1516 403 1549 quam
431 1505 615 1548 disponitur
632 1507 719 1550 quod
742 1517 855 1540 onines
880 1519 965 1551 pres-

220 1557 327 1602 byteri
361 1558 506 1591 eiusdem
539 1559 806 1601 Congregationis
832 1560 963 1594 Piorum

221 1612 473 1656 Operariorum,
506 1613 561 1656 qui
595 1613 786 1646 decennium
812 1620 886 1657 post
910 1625 964 1648 no-

220 1666 368 1700 vitiatum
416 1667 447 1699 in
494 1666 752 1709 Congregatione
798 1668 964 1711 praedicta

221 1720 441 1764 transegerint
466 1725 561 1763 atque
586 1720 625 1753 ab
643 1720 814 1755 Ordinario
837 1722 897 1754 loci
924 1723 962 1755 ad

221 1775 469 1807 sacramentales
499 1773 642 1807 fidelium
668 1775 886 1808 consessiones
912 1787 963 1808 au-

221 1828 354 1861 diendas
387 1827 558 1871 approbati
589 1828 725 1867 suerint,
752 1834 862 1861 votum
896 1829 963 1862 sive

221 1880 407 1922 suffragium
440 1881 471 1912 in
508 1880 651 1924 capitulo
685 1882 829 1924 generali
863 1883 963 1926 ipsius

222 1933 494 1977 Congregationis
520 1934 642 1968 babere
676 1935 821 1978 possint,
849 1936 963 1969 eadem

221 1987 434 2026 auctoritate,
469 1992 583 2020 tenore
620 1989 859 2030 praesentium,
887 1999 963 2022 con-

221 2041 385 2074 firmamus
411 2045 442 2073 et
462 2040 696 2084 approbamus,
723 2042 836 2085 illique
862 2043 963 2076 invio-

220 2094 328 2128 labilis
345 2093 545 2137 apostolicae
563 2093 724 2127 firmitatis
751 2096 849 2128 robur
873 2096 963 2129 addi-

221 2147 343 2188 cimus,
370 2157 406 2180 ac
441 2158 554 2180 omues
592 2153 622 2180 et
657 2148 802 2190 singulos
828 2149 906 2182 iuris
933 2156 962 2183 et

220 2202 291 2235 sacti
318 2202 462 2235 detectus
481 2229 488 2241 ,
517 2201 543 2234 si
576 2201 631 2245 qui
663 2202 803 2246 desuper
828 2214 963 2246 quomo-

221 2255 344 2289 dolibet
370 2254 622 2293 intervenerint,
647 2256 850 2299 supplemus:
877 2258 963 2290 salva

221 2314 327 2342 tamen
342 2308 374 2341 in
392 2308 528 2351 reliquis
548 2309 767 2351 praefatorum
787 2309 963 2343 Clementis

218 2361 531 2406 praedecessoribus
570 2362 751 2396 litterarum
791 2363 893 2396 forma
931 2370 962 2396 et

219 2415 454 2459 dispositione,
475 2425 616 2454 necnon,
637 2416 744 2458 quoad
770 2416 959 2458 praemissa,

218 2469 410 2502 auctoritate
435 2468 580 2502 eiusdem
598 2468 867 2512 Congregationis
893 2481 960 2504 car-

219 2522 390 2556 dinalium.

262 2576 277 2619 {¹3
304 2575 336 2609 4.
371 2575 615 2616 Decet-nentes,
650 2576 735 2619 ipsas
765 2584 958 2620 praesentes

217 2629 342 2663 litteras
361 2629 481 2669 firmas,
507 2630 629 2663 validas
657 2636 688 2663 et
723 2631 869 2665 efficaces
896 2633 960 2665 exi-

216 2686 301 2716 stere
319 2687 351 2718 et
374 2682 453 2724 sore,
474 2693 615 2729 suosque
635 2684 805 2728 plenarios
825 2690 857 2719 et
876 2684 959 2720 inte-

1652 279 1712 313 471

1013 347 1090 378 gros
1128 336 1262 370 effeetus
1296 338 1406 371 sortiri
1448 344 1480 372 et
1515 339 1682 379 obtinere,
1720 349 1756 372 ac

1012 390 1097 427 iltis,
1121 391 1159 422 ad
1186 401 1268 433 quos
1299 397 1424 434 spectat
1456 397 1487 425 et
1522 403 1581 435 pro
1609 398 1756 436 tempore

1011 443 1185 484 spectabit,
1204 444 1236 475 in
1254 445 1405 477 omnibus
1425 451 1455 477 et
1479 456 1538 489 per
1558 446 1668 478 omnia
1688 447 1757 489 ple·

1011 495 1144 528 nissime
1164 496 1331 539 suffragari
1347 524 1354 535 ,
1385 503 1415 530 et
1440 499 1479 530 ab
1504 498 1549 531 eis
1574 499 1755 542 respective

1011 549 1242 582 inviolabiliter
1263 551 1443 590 observari,
1469 551 1580 595 sicque
1602 552 1633 584 in
1662 563 1756 596 prae-

1010 601 1119 634 missis
1146 613 1206 645 per
1232 614 1455 646 quoscumque
1482 605 1607 638 iudices
1628 606 1755 638 ordina-

1010 654 1075 687 rios
1112 660 1143 687 et
1168 656 1360 698 delegatos,
1388 657 1484 689 etiam
1510 668 1681 690 causarum
1700 669 1755 702 pa-

1010 707 1078 740 latii
1110 709 1283 751 apostolici
1325 710 1510 751 auditores,
1548 711 1683 744 iudicari
1724 717 1755 745 et

1010 760 1137 793 ‹ricliniii
1175 761 1293 794 debere
1313 789 1319 801 ,
1353 773 1388 794 ae
1414 763 1540 796 irritum
1561 769 1592 796 et
1615 764 1711 797 inane
1728 766 1755 798 si

1009 825 1103 847 secus
1120 825 1220 856 super
1241 815 1291 848 his
1314 826 1329 848 a
1348 827 1532 859 quoquam,
1566 817 1677 859 quavis
1702 830 1753 851 au-

1010 867 1181 906 ctoritate,
1207 868 1348 901 scienter
1373 870 1421 902 vel
1455 869 1656 912 ignoranter,
1684 881 1755 904 con-

1011 920 1122 963 tigerit
1146 922 1314 955 attentari.

1054 974 1068 1016 ξ
1089 973 1120 1006 5.
1148 973 1217 1007 Non
1236 975 1453 1015 obstantibus,
1473 977 1581 1020 quoad
1608 988 1645 1011 ea
1671 989 1754 1022 quae

1010 1028 1236 1070 praesentibus
1248 1029 1469 1069 adversantur,
1482 1031 1676 1074 supradictis
1692 1031 1755 1065 Cle-

1010 1081 1128 1114 1nentis
1153 1083 1420 1125 praedecessoris
1446 1084 1583 1125 litteris,
1615 1085 1753 1129 aliisque

1010 1135 1205 1177 praemissis,
1235 1146 1270 1168 ac
1291 1136 1583 1170 constitutionibus
1609 1145 1641 1171 et
1666 1140 1755 1172 ordi-

1010 1188 1198 1221 nationibus
1213 1190 1417 1232 apostolicis,
1435 1201 1576 1230 necnon,
1591 1198 1752 1235 quatenus

1010 1252 1091 1284 opus
1121 1242 1176 1283 sit,
1202 1241 1473 1285 Congregationis
1512 1245 1641 1278 Piorum
1671 1245 1755 1289 Ope-

1010 1295 1168 1328 rariorum
1185 1296 1435 1338 praedictorum,
1448 1298 1543 1330 etiam
1556 1298 1753 1339 iuramento,

1009 1347 1257 1381 confirmatione
1280 1350 1466 1392 apostolica,
1494 1351 1543 1383 vel
1565 1351 1677 1394 quavis
1703 1351 1755 1385 fir-

1009 1400 1118 1434 mitate
1144 1402 1205 1434 alia
1226 1403 1398 1442 roboratis,
1426 1404 1553 1437 statutis
1573 1410 1604 1438 et
1621 1416 1754 1439 consue-

1009 1454 1193 1495 tudinibus,
1219 1456 1399 1499 privilegiis
1433 1467 1586 1501 quoque,
1616 1458 1752 1493 indultis

1008 1514 1039 1540 et
1053 1507 1169 1540 litteris
1185 1509 1375 1552 apostolicis
1402 1509 1433 1541 in
1452 1511 1649 1544 contrarium
1667 1523 1755 1555 prae·

1008 1562 1183 1594 missorum
1209 1563 1456 1605 quomodolibet
1474 1565 1655 1603 concessis,
1678 1576 1754 1599 con-

1007 1614 1142 1647 firmatis
1179 1620 1210 1648 et
1240 1615 1419 1657 innovatis;
1451 1617 1569 1660 quibus
1601 1619 1754 1653 omnibus

1008 1672 1040 1699 et
1064 1667 1220 1710 singulis,
1247 1668 1378 1701 illorum
1418 1675 1549 1703 tenores
1574 1672 1755 1714 praesenti-

1007 1722 1066 1754 bus
1092 1732 1151 1764 pro
1177 1723 1276 1765 plene
1307 1728 1339 1755 et
1363 1723 1563 1757 sufficienter
1589 1725 1753 1768 expressis

1007 1785 1042 1808 ac
1067 1775 1106 1808 ad
1143 1775 1277 1808 verbum
1313 1775 1443 1810 insertis
1480 1777 1662 1818 liabenteS,
1689 1779 1753 1812 illis

1007 1828 1086 1861 alias
1111 1828 1143 1860 in
1181 1839 1239 1861 suo
1275 1829 1395 1862 robore
1429 1831 1676 1873 permansuris,
1712 1832 1752 1864 ad

1006 1881 1263 1924 praemissorum
1290 1882 1461 1923 effectum,
1489 1884 1549 1916 hac
1575 1884 1644 1917 vice
1664 1885 1755 1917 dum-

1008 1940 1114 1974 taxat,
1153 1935 1343 1978 specialiter
1373 1942 1404 1969 et
1434 1947 1586 1979 expresse
1613 1937 1753 1981 deroga·

1006 1999 1102 2029 mus;
1130 1989 1315 2032 ceterisque
1342 1990 1518 2023 contrariis
1545 1991 1754 2034 quibuscum-

1007 2052 1084 2085 que.

1050 2096 1164 2128 Datum
1190 2096 1332 2136 Romae,
1366 2097 1452 2140 apud
1486 2097 1517 2131 S.
1541 2097 1672 2131 Mariam
1690 2098 1754 2131 Ma-

1766 291 1814 315 Αη.
1833 290 1860 315 C.
1885 288 1952 317 1732

1792 987 1950 1009 Contrariorum

1764 1014 1882 1039 dei-egam).

1006 2149 1109 2181 iorem
1125 2176 1132 2189 ‚
1159 2150 1217 2182 sub
1243 2151 1366 2183 annulo
1386 2150 1562 2183 Piscatoris
1577 2178 1584 2191 ,
1601 2151 1653 2184 die
1678 2153 1769 2185 xxvi*

1007 2202 1192 2235 novembris
1206 2211 1392 2243 nnccxxxu,
1414 2203 1627 2247 pontificatus
1643 2205 1753 2239 nostri

1008 2267 1093 2289 anno
1117 2267 1162 2291 iu.

1042 2320 1105 2346 Dat.
1123 2319 1168 2347 die
1185 2320 1219 2346 26
1233 2320 1388 2348 novembris
1408 2321 1486 2356 17:3⁹2,
1505 2321 1604 2357 pontis.
1623 2330 1696 2350 anno
1712 2328 1750 2350 ιιι.

1316 2491 1435 2525 LXXX.

1005 2579 1185 2619 Decretum,
1213 2584 1249 2612 ul
1274 2581 1392 2623 fratres
1414 2581 1605 2624 provinciae
1628 2582 1749 2617 Porcu-

1046 2633 1170 2676 qaltiae
1201 2634 1304 2667 Tertii
1339 2633 1474 2668 Ordinis
1505 2637 1613 2669 sancti
1636 2636 1747 2670 Fran-

1046 2686 1122 2719 cisci
1146 2686 1188 2719 acl
1203 2686 1314 2721 studia
1335 2692 1426 2721 exlra
1444 2687 1536 2722 illam
1553 2699 1585 2723 se
1602 2691 1746 2735 conferre
