2182 3137
177 284 224 310 An.
247 283 274 310 c.
297 282 363 310 ¹:32
408 273 472 307 ι4426

370 331 576 365 concordiam
604 331 834 370 formaverunt,
854 341 989 374 eamque
1008 340 1113 373 quon-

371 385 444 417 dam
472 384 651 427 Hyacinthe
677 385 716 417 de
742 384 948 426 Albengozar
965 409 972 423 ,
1002 393 1113 416 mona-

371 438 434 471 cbo
461 438 565 470 dictae
593 448 705 470 eorum
731 436 1005 480 Congregationis
1037 441 1113 468 tune

373 492 403 524 in
430 491 573 524 Romami
599 491 691 524 Curia
716 501 776 534 pro
798 491 911 523 eadem
930 489 1114 532 Congrega-

374 545 461 577 tione
482 544 686 587 procuratori
706 543 860 585 generali,
881 548 914 575 ut
932 543 1019 575 illius
1038 553 1114 575 con-

373 597 590 630 firmationem
616 608 632 629 a
657 597 740 629 Sede
761 595 948 639 Apostolica
966 596 1113 628 obtinere

373 656 510 688 curaret,
531 650 792 682 transmiserunt.
813 650 955 692 Cumque
975 649 1113 681 subinde

373 705 516 747 praefata
553 704 730 737 concordia
766 714 824 746 per
850 703 1004 746 quasdam
1032 703 1115 735 eius-

373 759 446 791 dem
473 757 645 790 Clementis
671 757 933 800 praedecessoris
968 757 1112 795 litteram,

374 812 424 845 die
444 821 495 845 xiv
521 811 666 844 octobris
685 820 823 844 MDCLth
843 810 874 843 in
897 810 992 843 simili
1014 810 1114 842 forma

374 865 483 898 Brevis
510 864 676 908 expeditas
703 864 895 897 confirmata
913 864 1046 902 suisset,
1064 874 1114 895 re-

373 919 531 953 colendae
581 918 759 951 memoriae
804 917 952 950 Clemens
992 917 1051 949 PP.
1091 916 1114 948 X

374 973 485 1005 itidem
511 972 747 1015 praedecessor
769 977 890 1010 noster,
913 970 998 1002 circa
1023 980 1115 1012 prac-

374 1027 452 1059 satas
477 1026 653 1059 Clementis
679 1025 716 1056 lx
743 1022 1008 1067 praedecessoris
1036 1023 1114 1054 litte-

374 1091 436 1118 ras,
462 1090 522 1122 per
543 1079 622 1111 alias
645 1078 738 1110 binas
764 1087 836 1110 suas
856 1076 907 1109 die
925 1086 975 1109 xtv
992 1076 1116 1108 februa-

374 1133 412 1166 rii
439 1138 471 1165 et
503 1132 554 1165 die
590 1142 660 1165 xxiv
693 1129 876 1164 decembris
908 1139 1049 1163 MDCLxxt
1084 1129 1114 1161 in

374 1189 488 1221 eadem
516 1187 619 1219 forma
646 1184 755 1218 Brevis
779 1184 946 1227 expeditas
980 1183 1114 1221 litteras,

374 1242 519 1274 diversas
545 1239 648 1273 edidit
674 1238 915 1271 declarationes
937 1242 967 1269 et
988 1236 1117 1269 ordina-

375 1294 478 1327 tiones
506 1302 605 1333 super
629 1291 827 1334 aequalitate
862 1290 894 1321 in
925 1289 1062 1322 abbatiis
1088 1300 1118 1321 a-

374 1348 492 1391 liisque
518 1345 632 1379 officiis
658 1344 744 1377 iuter
769 1344 950 1376 monachos
975 1354 1011 1375 ex
1038 1343 1117 1375 locis

374 1400 454 1433 citra
481 1404 513 1432 et
531 1399 613 1431 ultra
632 1403 760 1430 montes
778 1396 950 1430 Castellum
970 1396 1115 1428 Veterem

374 1464 391 1484 a
409 1453 493 1485 Nora
512 1455 702 1494 separantes
721 1449 789 1482 sitis
810 1449 992 1492 respective
1013 1448 1118 1481 oriun-

375 1507 432 1538 dos
470 1505 649 1542 servanda,
676 1504 901 1545 nonnullaque
938 1501 1048 1533 statuit
1078 1501 1116 1533 de

374 1558 546 1591 abbatibus
584 1557 771 1589 immediate
808 1567 872 1589 non
905 1555 1115 1597 reeligeudis,

376 1613 573 1654 illorumque
616 1609 832 1643 electionibus
871 1620 937 1642 non
977 1608 1116 1651 amplius

375 1676 435 1708 per
461 1664 640 1697 monachos
666 1664 909 1701 conventuales,
934 1662 990 1695 sed
1017 1661 1048 1694 in
1068 1662 1118 1694 de-

376 1718 518 1751 linitorio
556 1728 614 1760 Per
650 1717 840 1759 generalem
868 1717 1115 1748 reformatorem

375 1778 404 1805 et
442 1771 630 1804 delinitores
667 1775 698 1802 ct
736 1780 790 1802 sex
831 1770 989 1802 electores
1031 1770 1116 1801 certa

377 1826 478 1858 forma
505 1823 688 1865 eligendis,
716 1828 944 1866 praeterqimm
984 1822 1014 1854 in
1042 1833 1115 1854 casu

377 1879 508 1917 mortis,
535 1877 799 1915 renimcialiouis,
827 1878 874 1909 rel
901 1877 1115 1919 privationis:

376 1938 408 1965 et
433 1932 533 1971 alias,
559 1935 657 1974 prout
693 1930 725 1962 in
759 1930 913 1972 sii‘zieftitis
947 1929 1116 1972 utriusque

376 1985 553 2020 Clementis
578 1985 867 2028 praedecessorum
893 1983 1020 2023 litteris,
1042 1994 1118 2026 qua-

378 2051 446 2072 rum
475 2044 605 2072 tenores
632 2037 857 2080 praesentibus
885 2036 997 2069 baberi
1035 2037 1119 2068 volu-

378 2104 446 2126 mus
474 2103 532 2135 pro
559 2090 735 2134 expressis,
762 2090 894 2123 uberius
916 2090 1115 2122 continetur.

377 2148 439 2180 Sed
466 2147 540 2190 quia
567 2151 746 2178 memorata
773 2143 945 2177 transactio
971 2154 1026 2175 seu
1046 2154 1119 2176 con-

378 2200 487 2233 cordia
513 2200 551 2231 ad
578 2198 823 2240 producendam
846 2207 958 2240 pacem
981 2202 1011 2228 et
1033 2196 1120 2238 quie-

379 2259 442 2285 tem
480 2253 510 2284 in
546 2252 692 2295 praelata
724 2249 983 2292 Congregatione
1009 2260 1118 2281 mona-

379 2307 516 2339 cliorum
557 2305 672 2337 nedum
715 2303 912 2336 insuslicicns
953 2302 1119 2344 recognita

380 2360 496 2399 suerat,
525 2357 590 2390 imo
617 2357 724 2400 potius
752 2355 954 2399 experientia
971 2366 1120 2398 comper-

380 2418 445 2445 tum
473 2413 631 2450 extiterat,
658 2421 694 2443 cx
722 2411 759 2442 etl
777 2409 969 2448 discordias,
986 2415 1120 2441 conten-

382 2466 486 2499 tiones
524 2471 555 2498 et
591 2463 836 2508 persecutiones
872 2463 903 2495 in
931 2462 1017 2495 dicta
1042 2462 1121 2495 Con-

381 2519 570 2561 gregatione
608 2527 794 2556 emanasse;
833 2516 974 2559 ideoque
1012 2516 1118 2548 dilecti

381 2572 436 2604 tilii
479 2571 632 2604 monachi
670 2570 761 2612 regni
799 2569 980 2603 Callaeciae
1016 2574 1047 2601 et
1082 2569 1119 2601 de

381 2625 516 2667 Campos
542 2629 638 2667 atque
666 2629 823 2656 terrarum
847 2633 949 2665 regno
968 2621 1119 2664 Legionis

381 2678 609 2718 finitimarum,
646 2677 870 2711 desiderantes
903 2682 936 2709 ut
971 2676 1117 2716 zizania,

952 280 1134 306 BULLARIUM
1159 280 1314 306 ROMANUM

1156 330 1278 364 fructus
1314 330 1475 364 bonorum
1512 339 1646 373 operum
1683 328 1894 368 suffocantia,

1157 384 1284 417 tandem
1322 384 1589 421 eradicarentur,
1629 387 1758 425 et·pax
1798 387 1896 425 atque

1157 443 1266 470 mutua
1291 437 1434 469 ebaritas
1461 446 1537 469 suae
1563 435 1715 478 religioni
1748 435 1898 468 restitue-

1157 496 1272 530 retur,
1312 491 1446 523 dilectos
1485 490 1607 532 pariter
1643 488 1726 521 filios
1763 489 1895 521 Paulum

1157 544 1274 587 Freyra
1291 549 1321 576 et
1341 543 1526 587 Dionysium
1543 542 1703 581 Ximenes,
1718 542 1897 574 monachos

1157 607 1307 640 expresse
1345 597 1509 640 professos
1545 595 1689 628 eiusdem
1714 594 1898 637 Congu-ega-

1159 651 1262 689 tiouis,
1291 650 1321 682 in
1344 661 1454 683 corum
1474 654 1704 693 procuratores
1723 649 1899 682 constitue-

1158 709 1242 742 runt,
1269 704 1409 746 illosque
1435 703 1473 735 ad
1502 702 1677 735 Romanam
1703 701 1839 742 Curiam,
1865 706 1899 734 ut

1157 762 1379 800 opportunum
1414 754 1571 788 eiusmodi
1599 754 1692 787 malis
1717 754 1898 787 remedium

1158 821 1174 843 a
1199 810 1280 843 Sede
1301 809 1488 852 Apostolica
1508 808 1707 846 obtinerent,
1725 807 1896 840 miserunt.

1158 863 1299 906 Curmpie
1325 863 1424 895 iidem
1445 862 1562 895 Paulus
1583 867 1614 894 et
1634 861 1805 904 Dionysius
1826 871 1900 904 pro-

1158 922 1327 949 curatores
1353 927 1439 948 anno
1465 925 1551 949 iimcc
1571 915 1764 948 recolendae
1783 925 1900 948 mento-

1160 971 1224 1002 riae
1263 970 1449 1003 Innocentio
1476 970 1533 1002 Pr.
1563 969 1614 1002 >211
1651 968 1899 1012 praedecessori

1159 1023 1279 1067 pariter
1305 1028 1416 1056 nostro
1438 1022 1619 1066 supplicem
1638 1023 1783 1056 libellum
1802 1032 1900 1065 super

1160 1076 1344 1120 praemissis
1369 1076 1603 1119 porrexissent,
1631 1076 1717 1109 idem
1744 1076 1900 1109 Innocen-

1161 1130 1221 1163 tius
1246 1130 1483 1173 praedecessor
1508 1139 1619 1162 eorum
1656 1139 1785 1162 causam
1819 1129 1901 1162 Con-

1160 1182 1341 1225 gregationi
1379 1188 1453 1215 tunc
1490 1182 1696 1215 existentium
1734 1181 1765 1214 S.
1793 1181 1831 1215 R.
1862 1181 1898 1214 E.

1160 1236 1375 1269 cardinalium
1421 1235 1560 1278 negotiis
1604 1236 1833 1279 episcoporum
1870 1240 1902 1268 et

1162 1290 1360 1332 regularium
1388 1289 1594 1333 praepositae
1631 1288 1805 1329 commisit.
1830 1289 1902 1333 Ipsa

1162 1354 1238 1376 vero
1276 1343 1488 1376 cardinalium
1526 1342 1740 1385 Congregatio
1776 1340 1828 1375 die
1862 1352 1900 1375 xx

1161 1397 1273 1440 aprilis
1300 1396 1491 1430 ultimodicti
1518 1396 1615 1436 anui,
1641 1395 1769 1437 cognito
1795 1406 1901 1439 supra·

1162 1451 1318 1482 dictarum
1354 1450 1535 1482 litterarum
1563 1449 1817 1492 impedimento,
1844 1459 1899 1481 re-

1161 1503 1291 1546 scripsit
1317 1510 1350 1536 ut
1375 1504 1413 1536 ad
1450 1514 1508 1536 nos
1540 1514 1599 1546 pro
1633 1503 1813 1546 aperitione
1838 1502 1902 1536 oris

1164 1562 1381 1590 recurrerent.
1409 1556 1472 1590 Nos
1499 1562 1624 1596 autem,
1650 1561 1685 1588 ut
1709 1556 1740 1588 in
1770 1556 1901 1599 negotio

1164 1610 1359 1649 huiusmodi,
1385 1610 1470 1653 quod
1498 1620 1594 1652 grave
1621 1609 1696 1642 satis
1724 1609 1903 1648 videbatur,

1162 1664 1271 1697 debita
1297 1664 1478 1696 maturitate
1501 1663 1763 1706 procederemus,
1782 1662 1902 1696 dilecto

1163 1717 1228 1750 lilio
1255 1723 1366 1750 nostro
1393 1717 1562 1749 Francisco
1589 1717 1618 1749 S.
1634 1716 1671 1749 1¹..
1688 1716 1722 1749 E.
1745 1715 1902 1757 cardinali

1163 1771 1363 1814 Acquavivae
1389 1776 1604 1813 nuncupato,
1631 1775 1707 1802 tunc
1733 1769 1763 1802 in
1790 1769 1903 1812 Hispa-

1162 1825 1288 1856 niarum
1326 1825 1436 1866 regnis
1480 1830 1593 1856 nostro
1631 1828 1662 1856 et
1697 1821 1903 1865 apostolicae

1161 1877 1252 1910 Sedis
1281 1877 1415 1916 nuncio,
1443 1876 1650 1919 scripsimus,
1676 1881 1710 1908 ut
1742 1885 1839 1918 super
1871 1875 1903 1907 in

1163 1930 1247 1963 dicto
1274 1930 1385 1963 libello
1406 1930 1559 1973 expositis
1577 1940 1667 1962 suam
1686 1928 1781 1961 nobis
1800 1934 1904 1961 trans-

1163 1984 1306 2016 mitteret
1343 1983 1548 2016 relationem.
1588 1983 1658 2026 Ipse
1694 1993 1771 2015 vero
1808 1982 1905 2015 Fran-

1163 2037 1267 2069 ciscus
1294 2037 1468 2069 cardinalis
1485 2062 1492 2076 ,
1526 2041 1602 2068 tunc
1627 2035 1785 2076 nuncius,
1814 2035 1906 2068 audi-

1164 2091 1200 2123 tis
1220 2090 1364 2133 partibus
1391 2095 1421 2122 et
1445 2100 1556 2122 eorum
1582 2088 1846 2131 procuratoribus
1871 2088 1904 2121 in

1164 2143 1285 2186 oppido
1311 2142 1427 2175 Mati-iti
1455 2142 1682 2180 existentibus,
1710 2141 1904 2185 praesertim

1164 2197 1283 2229 dilecto
1310 2195 1375 2228 tilio
1401 2195 1636 2238 Christophoro
1661 2194 1794 2228 Ossorio
1812 2205 1906 2237 exge-

1165 2249 1281 2289 nerali,
1310 2254 1647 2292 praememoratorum
1674 2248 1761 2281 Pauli
1788 2253 1817 2281 et
1837 2248 1906 2292 Dio-

1165 2303 1244 2347 nysii
1272 2300 1503 2345 procuratore¹
1531 2312 1568 2334 ex
1604 2303 1684 2340 una,
1718 2307 1749 2333 et
1785 2301 1904 2334 dilecto

1165 2356 1259 2388 etiam
1279 2356 1344 2388 lilio
1365 2356 1487 2398 Angelo
1508 2354 1666 2392 Ramirez,
1680 2353 1906 2397 procurator&

1165 2410 1309 2451 generali
1333 2409 1436 2442 dictae
1459 2407 1727 2450 CongregationiS
1749 2419 1785 2441 ex
1804 2408 1906 2441 attera

1166 2462 1387 2505 partibus,die
1412 2472 1487 2494 xxiii
1514 2461 1625 2504 aprilis
1650 2470 1762 2494 tiiuccu
1781 2460 1907 2493 relatio-

1166 2526 1238 2548 nem
1275 2526 1364 2548 suam
1392 2525 1492 2558 super
1516 2521 1596 2547 statu
1623 2513 1816 2556 religionis,
1841 2515 1905 2546 una

1165 2580 1236 2602 cum
1263 2568 1389 2611 punctis
1415 2579 1470 2600 seu
1508 2566 1651 2600 articulis
1688 2577 1799 2601 coram
1835 2567 1905 2611 ipso

1200 2641 1209 2666 1
1230 2639 1296 2666 Male
1312 2639 1376 2666 edit.
1395 2638 1473 2665 Maia.
1490 2637 1555 2673 legit
1568 2640 1795 2673 procuratorum
1810 2639 1904 2669 (nm).

1198 2683 1214 2710 Ξ.)
1235 2684 1301 2711 Male
1321 2683 1386 2711 edit.
1408 2683 1490 2710 Main.
1513 2683 1576 2717 legit
1593 2682 1783 2718 procuratori
1801 2685 1839 2719 (n.
1856 2681 1905 2718 12).

1903 279 1951 305 An.
1974 277 2003 305 C.
2023 277 2090 307 ¹732
