2182 3137
229 227 329 255 Aac.
354 226 419 255 1133
467 218 530 252 546

419 281 589 320 putentur;
617 275 727 320 sicque
753 275 868 310 concio
902 275 1159 320 quadragesima-

420 330 457 363 lis
484 331 531 363 vel
557 329 704 370 annalis,
731 340 790 372 per
813 329 985 372 religiosos
1010 329 1156 362 ciusdem

419 383 547 416 Ordinis
573 383 694 423 habita,
720 383 805 415 inter
829 382 975 425 legitima
1001 382 1158 426 requisita

419 437 457 469 ad
484 436 706 479 magisterium
732 436 970 479 assequendum
997 435 1036 468 sit
1062 446 1158 479 quan-

420 491 525 533 doque
552 490 763 523 adnumerata
782 490 832 522 vel
851 489 1105 529 adnumeranda,
1127 495 1158 522 et

419 543 559 575 vicissim
600 543 793 586 quandoque
834 543 1043 586 respuenda:
1082 543 1158 575 hinc

419 596 487 639 ipse
509 596 659 629 Nicolaus
685 596 843 629 Antonius
869 596 960 640 prior
986 596 1155 639 generalis,

419 650 457 683 ad
484 649 574 682 istam
600 650 846 692 ambiguitatem
873 650 1061 690 tollendam,
1089 660 1158 682 cer-

420 709 550 746 tamque
576 702 606 735 111
633 703 819 746 praemissis
840 714 985 736 normam
1005 703 1157 746 deinceps

419 756 607 789 firmandam
633 762 729 800 atque
755 756 990 797 stabiliendam,
1010 767 1081 790 cum
1102 758 1158 789 sua

418 810 690 853 congregatione,
717 821 753 844 ac
790 809 888 843 etiam
914 820 1073 843 consensu
1099 819 1157 842 no-

417 863 537 897 vissimi
564 864 695 907 capituli
723 864 885 907 generalis
913 864 989 897 dicti
1015 863 1155 903 Ordinis,

418 924 635 962 opportunum
659 918 785 952 censuit
809 929 866 961 per
883 918 1048 951 decretum
1067 918 1105 950 ab
1121 928 1157 950 co

418 972 560 1014 desuper
575 972 698 1004 editum
718 971 936 1005 determinare
958 982 994 1004 ac
1018 971 1158 1004 nomina-

418 1024 474 1057 tim
500 1024 682 1068 exprimere
709 1024 806 1058 urbes
833 1024 956 1064 ltaliae,
979 1035 1061 1068 quae
1079 1024 1157 1057 insi-

416 1077 548 1120 gniores
567 1077 708 1120 reputari
728 1077 887 1110 deberent
905 1078 1012 1121 quoad
1031 1077 1158 1111 concio-

417 1141 491 1162 uem
518 1130 836 1174 quadragesimalem
866 1136 897 1163 et
926 1130 1074 1164 annalem
1099 1141 1158 1173 pro

417 1184 629 1228 adipiscendo
641 1184 829 1226 magisterio
841 1185 871 1217 in
881 1184 1000 1218 Ordine
1015 1185 1159 1228 praelato

417 1237 618 1281 requisitam,
638 1237 670 1270 in
689 1238 775 1270 hunc
793 1238 923 1271 modum
936 1265 944 1279 ‚
963 1238 1134 1271 videlicet:

239 1315 408 1341 ammutium
457 1306 586 1341 Ancona,
611 1305 731 1343 Andria,
755 1305 834 1344 Bari,
858 1305 1001 1343 Bologna‚
1026 1305 1157 1343 Firenze,

224 1347 545 1393 J',1l:.¹,';.‘'''0.“J.¹:;5gcenom,
572 1355 708 1393 Livorno,
731 1355 873 1393 Massiua,
896 1355 1010 1394 Nepoti,
1034 1355 1156 1390 Padova,

223 1394 287 1416 ¹“⁶¹²¹'
419 1404 563 1442 I‘alermO,
588 1404 686 1441 Pavia,
712 1404 846 1442 Perugia,
869 1404 995 1440 Pistoia,
1020 1404 1157 1442 Rimino,

418 1453 522 1491 Roma,
547 1453 645 1490 Siena,
668 1453 801 1489 Treviso,
826 1453 930 1491 Udine,
955 1452 1088 1490 Venezia,
1106 1453 1158 1483 Ve-

419 1512 511 1540 rona,
536 1503 657 1533 Yicenza
673 1525 680 1539 ‚
705 1512 719 1532 e
743 1502 853 1542 purche
877 1502 902 1532 16
925 1502 1000 1531 (16116
1029 1502 1159 1542 predica-

418 1552 493 1582 zioni
516 1552 597 1582 siano
621 1552 793 1592 principiate
812 1552 926 1582 almeno
943 1551 1018 1581 dalla
1040 1552 1110 1581 festa
1130 1552 1157 1582 di

418 1601 485 1631 tutti
509 1602 611 1638 Santi,
636 1611 650 1631 e
673 1601 838 1641 proseguite
871 1601 900 1630 in
931 1601 997 1631 tutti
1020 1601 1039 1630 li
1063 1601 1158 1639 giorni

418 1650 512 1679 festivi
536 1649 599 1679 sino
621 1650 675 1679 alla
693 1654 770 1679 terza
788 1650 857 1679 festa
874 1650 919 1679 del
937 1651 1027 1679 Santo
1044 1651 1156 1687 Natale3

417 1699 607 1728 dichiarando
636 1698 740 1728 inoltre
755 1722 762 1736 ,
786 1698 820 1727 ed
854 1703 1088 1737 espressamente
1111 1699 1158 1729 de·

419 1748 615 1785 terminando,
629 1748 681 1777 che
700 1752 773 1777 sotto
787 1752 888 1787 questa
903 1747 1059 1777 medesima
1077 1749 1157 1786 legge

417 1798 498 1827 siano
515 1806 529 1826 e
553 1797 740 1826 s’intendano
762 1797 904 1836 compresi
922 1807 993 1827 anco
1010 1798 1076 1837 quei
1094 1808 1158 1837 pre-

417 1846 539 1876 dicatori
562 1846 692 1884 generali
720 1846 765 1884 gia
789 1846 939 1885 approvati
954 1871 960 1881 ,
985 1857 1000 1876 6
1022 1847 1077 1876 6116
1099 1858 1156 1878 11011

417 1896 514 1925 11311110
537 1895 706 1932 conseguito
739 1895 838 1925 sinora
866 1895 885 1925 il
908 1896 998 1934 grado
1030 1896 1076 1926 del
1099 1907 1158 1926 ma-

416 1945 536 1982 gistero.
561 1944 691 1974 Saranno
719 1953 824 1974 ancora
857 1949 1017 1984 approvate
1040 1954 1091 1985 per
1114 1955 1158 1975 re-

416 1994 529 2033 quisiti,
554 2003 635 2023 come
658 2003 759 2033 sopra,
784 1994 809 2024 le
833 1994 1030 2034 predicazioni
1053 2005 1156 2035 quare-

416 2043 513 2072 simali
537 2043 591 2072 che
614 2052 744 2072 avranno
768 2043 837 2073 fatte
861 2052 912 2083 per
935 2053 991 2073 una
1014 2044 1073 2073 sola
1098 2044 1156 2074 vol-

416 2095 442 2121 ta
467 2091 715 2131 rispettivamente
744 2091 820 2121 nelle
851 2092 1029 2122 infrascritte
1057 2092 1156 2122 chiese

415 2141 587 2177 cattedrali,
611 2140 690 2170 cioe:
720 2141 850 2177 Ancona,
874 2141 977 2181 Aquila
993 2166 1000 2179 ,
1024 2141 1131 2171 Aversa
1147 2166 1154 2180 ,

416 2190 503 2226 Bari,
528 2189 686 2227 Bergamo,
710 2189 834 2228 Bologna
851 2214 858 2228 ‚
882 2190 1017 2228 Brescia,
1042 2190 1154 2229 Capua,

416 2239 583 2275 Calamam,
608 2239 727 2274 Cesena‚
750 2238 853 2277 Chieti,
871 2239 1006 2276 Coseuza,
1031 2239 1154 2277 Faenza,

415 2287 532 2324 Fermo,
556 2287 690 2324 Ferrara,
715 2287 848 2323 Firenze,
873 2288 992 2326 Foggia,
1017 2288 1153 2325 Foligno,

415 2335 543 2373 Genova,
568 2335 676 2373 lmola,
702 2335 809 2370 Lecce,
834 2336 977 2374 Livorno,
1002 2336 1153 2373 Mantova,

414 2384 533 2422 11131613,
557 2384 699 2422 1116551113,
724 2384 849 2421 Milano,
873 2384 1005 2422 Modena,
1029 2385 1130 2424 Napoli
1146 2409 1153 2423 ,

415 2433 540 2471 Padova,
565 2433 712 2471 l'ahzrmo,
739 2433 839 2463 Parma
855 2457 862 2471 ,
888 2433 971 2463 Paria
987 2458 994 2472 ,
1019 2434 1153 2473 Perugia,

415 2483 532 2519 l‘esaro,
557 2483 707 2519 Piaeenza,
732 2482 795 2512 Pisa
810 2507 817 2520 ,
841 2482 965 2516 Pistoia.
991 2483 1086 2520 Prato,
1108 2484 1155 2513 lti-

415 2531 506 2566 mino,
528 2532 617 2561 Roma
635 2531 663 2561 in
682 2541 737 2561 111111
754 2531 827 2562 delle
850 2531 1003 2570 basiliche,
1021 2532 1151 2570 Salerno‚

416 2581 514 2617 Siena,
538 2581 697 2619 Sorrento,
721 2580 868 2620 Τ3131110,
891 2581 978 2611 Τ61111
994 2605 1001 2619 ,
1024 2581 1151 2620 Torino,

414 2628 544 2667 Treviso,
570 2629 682 2668 Udine,
709 2629 853 2669 Venezia,
878 2630 1005 2668 Verona,
1030 2630 1152 2661 Vicenza

992 225 1178 252 BULLARIUM
1204 225 1361 252 ROMANUM

1952 226 2004 255 An.
2024 226 2053 255 C.
2071 226 2144 256 ¹733*

1202 285 1216 305 e
1241 275 1377 313 Viterb03
1401 275 1529 306 siccome
1547 283 1653 306 ancora
1671 274 1695 306 si
1718 283 1944 316 approveranno

1202 325 1230 355 in
1255 325 1294 355 tal
1317 326 1408 356 forma
1431 326 1438 355 i
1463 325 1649 365 quaresimali
1672 325 1726 355 che
1748 324 1878 363 sogliano
1908 325 1942 355 da

1202 374 1249 404 noi
1272 375 1349 404 darsi
1368 383 1419 414 per
1438 374 1463 404 le
1485 374 1582 404 chiese
1604 374 1786 405 dell'Ordine
1808 374 1943 404 esistenti

1202 423 1278 454 nelle
1294 424 1426 454 snddette
1443 424 1477 454 ed
1497 424 1525 453 in
1541 424 1614 454 altra
1632 423 1713 460 61113,
1728 422 1899 453 riserbando
1916 422 1942 452 al

1201 477 1300 503 nostro
1316 472 1438 502 arbitrio
1454 473 1483 502 di
1500 481 1673 512 approvare,
1690 472 1719 502 in
1736 472 1846 512 qualita
1869 481 1942 511 pure

1201 522 1228 552 di
1252 522 1407 561 requisito,
1432 522 1581 551 l'annuale
1604 522 1632 551 di
1649 521 1829 558 Genazzano,
1848 530 1899 560 per
1915 521 1941 551 la

1202 571 1394 601 venerazione
1416 570 1469 600 che
1493 571 1637 610 portiamo
1659 580 1673 600 3
1691 570 1757 610 quel
1777 569 1941 600 santuario.

1245 652 1259 695 ᾗ
1285 651 1313 683 ⁶2.
1341 651 1416 683 Cum
1442 655 1559 690 autem,
1587 650 1671 683 sieut
1695 650 1807 684 eadem
1843 660 1941 694 expo·
1981 659 2128 681 Confirmatur.

1202 705 1273 737 sitio
1299 704 1538 746 subiungebat,
1576 703 1762 747 praedictus
1791 703 1942 737 Nicolans

1202 758 1371 798 Antonius,
1387 757 1478 801 prior
1492 757 1663 800 generalis
1678 756 1864 800 praemissa,
1879 767 1943 800 quo

1203 809 1324 843 firmius
1350 810 1524 843 subsistant
1548 820 1584 842 ac
1603 809 1745 842 exactius
1762 814 1943 850 serventur,

1202 863 1400 907 apostolicae
1436 862 1695 896 confirmationis
1732 868 1863 896 nostrae
1887 873 1944 906 pa-

1203 916 1340 949 trocinio
1374 916 1589 956 communiri,
1618 926 1653 949 ac
1678 915 1756 948 alias
1792 915 1825 948 in
1851 926 1944 959 prae-

1203 968 1310 1001 missis
1351 973 1537 1012 opportune
1577 980 1594 1001 a
1633 968 1727 1002 nobis
1770 967 1943 1012 providere

1202 1032 1406 1065 summopere
1424 1021 1610 1054 desideret:
1633 1032 1706 1062 nos,
1726 1022 1833 1065 ipsum
1851 1021 1945 1055 Nico-

1203 1076 1288 1108 laum
1310 1074 1485 1107 Antonium
1505 1075 1647 1118 priorem
1668 1075 1855 1117 generalem
1873 1085 1944 1119 spe-

1203 1127 1339 1162 cialibus
1377 1128 1542 1161 savoribus
1580 1134 1612 1161 et
1648 1127 1761 1171 gratiis
1786 1129 1943 1173 prosequi

1204 1183 1362 1223 volentes,
1389 1188 1421 1215 et
1446 1193 1463 1215 a
1489 1182 1656 1226 quibusvis
1683 1183 1942 1216 excommunica-

1205 1235 1313 1276 tionis,
1340 1236 1563 1279 suspensionis
1590 1241 1621 1269 et
1646 1235 1834 1276 interdicti,
1860 1230 1945 1269 aliis-

1204 1301 1266 1333 que
1292 1289 1525 1323 ecclesiasticis
1543 1289 1729 1330 sententiis,
1750 1289 1895 1322 censuris
1913 1295 1946 1322 et

1204 1344 1338 1386 poenis,
1365 1354 1382 1376 a
1407 1343 1475 1376 iure
1512 1345 1561 1376 vel
1588 1343 1627 1375 ab
1653 1342 1807 1383 homine,
1834 1343 1945 1387 quavis

1204 1397 1374 1430 occasione
1393 1397 1441 1429 vel
1459 1398 1554 1429 causa
1571 1396 1658 1437 latis,
1678 1396 1703 1429 si
1726 1396 1845 1439 quibus
1865 1407 1946 1440 quo-

1204 1450 1384 1484 modolibet
1399 1450 1573 1483 innodatus
1591 1449 1721 1489 existit,
1739 1449 1778 1482 ad
1793 1448 1944 1483 effectum

1203 1504 1426 1548 praesentium
1466 1504 1632 1537 dumtaxat
1672 1504 1944 1548 consequendum

1204 1558 1317 1590 harum
1344 1556 1427 1590 serie
1453 1557 1660 1590 absolventes
1696 1563 1728 1590 et
1759 1558 1944 1591 absolutum

1204 1611 1270 1644 sore
1307 1616 1507 1650 censentes,
1543 1610 1839 1654 supplicationibus
1875 1611 1944 1645 ei'us

1203 1664 1335 1697 nomine
1362 1663 1456 1697 nobis
1483 1674 1580 1707 super
1602 1664 1664 1697 boc
1682 1663 1853 1697 humiliter
1869 1675 1945 1709 por-

1203 1719 1300 1752 rectis
1327 1719 1483 1757 inclinati‚
1511 1719 1676 1752 decretum
1703 1719 1944 1763 praeinsertum

1202 1783 1302 1816 super
1319 1772 1546 1815 designatione
1565 1772 1692 1805 urbium
1710 1773 1831 1814 Italiae,
1851 1784 1943 1817 qnae,

1202 1835 1262 1868 pro
1287 1825 1444 1858 concione
1471 1825 1744 1868 quadragesimali
1771 1831 1803 1859 et
1834 1827 1942 1860 annali

1202 1878 1358 1922 requisita
1372 1878 1410 1911 ad
1428 1878 1650 1921 magisterium
1669 1878 1700 1911 in
1718 1878 1837 1912 Ordine
1854 1890 1943 1923 prae·

1203 1932 1268 1964 sato
1287 1932 1539 1976 assequendum,
1555 1932 1752 1976 insigniores
1771 1932 1944 1967 habendae

1202 1991 1233 2018 et
1258 1985 1459 2028 reputandae
1486 1986 1628 2025 veniunt,
1654 1985 1746 2018 sicuti
1765 1985 1944 2030 praemitti·

1203 2043 1264 2079 tur,
1291 2038 1433 2079 editum,
1458 2039 1651 2072 auctoritate
1677 2040 1787 2072 nostra
1813 2045 1944 2084 aposto-

1201 2092 1271 2132 lica,
1290 2097 1403 2125 tenore
1425 2092 1645 2135 praesentium
1671 2093 1893 2136 approbamus
1911 2099 1943 2127 et

1201 2145 1439 2185 confirmamus,
1469 2145 1580 2189 illique
1598 2145 1796 2179 inviolabilis
1817 2152 1943 2191 aposto·

1201 2199 1280 2232 [icae
1321 2199 1482 2232 firmitatis
1524 2199 1627 2232 robur
1665 2199 1835 2233 adiicimus
1854 2227 1862 2241 ,
1904 2211 1942 2234 ac
2139 2212 2163 2253 f

1200 2263 1313 2285 omnes
1339 2258 1369 2285 et
1386 2252 1532 2295 singulos
1551 2252 1629 2285 iuris
1647 2259 1677 2286 et
1696 2253 1767 2286 sacti
1787 2253 1939 2294 defectus,
2156 2254 2165 2270 ”’

1200 2306 1225 2339 si
1252 2306 1307 2350 qui
1333 2307 1472 2349 desuper
1492 2307 1739 2351 quomodolibet
1756 2307 1941 2342 intervene-

1199 2360 1275 2400 rint,
1302 2361 1506 2403 supplemus.

2003 2421 2062 2442 Haee
2085 2416 2170 2445 verni*

1242 2414 1256 2457 ἓ
1281 2413 1312 2447 3.
1342 2414 1498 2447 Volumus
1531 2419 1702 2458 praeterea
1719 2442 1726 2456 ,
1754 2425 1790 2448 ac
1826 2415 1938 2450 endem
1950 2446 2069 2469 mmmm,
2086 2447 2150 2470 mor.

1199 2467 1391 2500 auctoritate
1418 2467 1632 2509 declaramus,
1657 2469 1824 2502 decretum
1845 2479 1938 2513 prae·
1950 2479 2035 2500 quoque
2048 2474 2083 2501 qui
2097 2475 2149 2497 im?

1970 2501 2110 2522 decennalem
2143 2511 2145 2515 r
2170 2517 2171 2524 1

1198 2520 1355 2553 insertum
1393 2521 1489 2554 etiam
1523 2523 1632 2555 locum
1669 2522 1792 2556 habere
1829 2523 2133 2578 quoadgffiffimaukg

1197 2574 1312 2607 fratres
1350 2573 1425 2608 dicti
1463 2574 1617 2617 Ordinis,
1650 2575 1704 2620 qui
1742 2575 2132 2629 decenniumffngffiprgffi:

1196 2627 1391 2662 concionum
1411 2628 1596 2663 huiusmodi
1612 2639 1684 2663 cum
1701 2629 1935 2674 approbatione
1946 2632 2068 2660 prehendit,
