2182 3137
206 220 255 244 An.
280 219 305 241 ¹3,
333 217 400 243 1730
446 208 510 241 2¹6

270 2239 396 2259 Litterarum

214 2266 248 2285 hav
255 2271 289 2285 :im
304 2264 375 2285 robur.

400 265 432 297 S.
464 265 550 298 Pauli
575 265 706 298 Ordinis
725 265 827 298 sancti
847 264 1028 307 Augustini,
1049 275 1145 307 quam

404 319 442 349 :ut
469 318 547 350 alias
571 328 683 350 omnes
702 323 734 350 et
753 317 898 360 singulas
920 317 1074 350 ecclesias
1092 317 1146 349 ha-

404 377 518 403 ctenus
544 377 667 404 erectas
688 377 720 403 et
737 371 891 414 deinceps
910 370 1094 413 erigendas,
1117 375 1148 402 et

408 423 607 467 ubicumque
634 424 830 463 existentes,
856 423 1047 456 monialium
1085 423 1148 454 An-

407 477 585 516 gelicarum
605 476 804 516 huiusmodi,
822 486 903 519 quae
922 477 961 509 de
982 475 1145 519 praesenti

405 530 516 562 iivunt
548 541 584 562 ac
617 531 772 573 deinceps
805 530 912 563 vivent
944 529 1004 562 sub
1036 529 1171 571 regula*

404 583 507 625 ipsius
532 584 563 616 S.
593 584 786 626 Augustini,
812 594 849 616 ac
873 588 1002 616 servant
1026 594 1061 614 ar:
1087 592 1147 614 scr-

404 636 524 668 vabunt
549 637 800 669 constitutiones
824 636 1034 680 particulares
1058 635 1145 667 iussu
1169 635 1170 640 ’

404 690 437 722 S.
465 689 571 722 Caroli
598 690 786 723 Borromaei
817 689 1008 733 compilatas
1033 700 1069 721 ex
1092 698 1146 720 seu

404 753 504 785 super
528 743 816 776 constitutionibus
836 743 995 776 dit-torum
1014 741 1148 774 elerico-
1168 777 1170 787 2

406 805 477 827 rum
496 796 703 837 regularium,
726 807 784 839 pro
801 795 1061 838 Congregatione
1084 804 1147 826 mo-
1168 792 1170 826 ἶ

406 847 545 880 nialium
572 849 799 891 Angelicarum
825 848 856 882 S.
884 848 971 880 Pauli
998 847 1058 879 sub
1085 847 1147 878 hos:

405 911 563 943 expresso
601 902 693 934 titulo
726 912 779 934 seu
815 900 1083 934 denominatione
1108 899 1146 931 ab

407 955 522 987 eodem
548 955 579 988 S.
607 955 721 987 Carolo
742 955 937 997 approbatas
963 964 999 985 ac
1021 962 1147 984 succes-

407 1007 473 1039 sive
500 1012 516 1039 a
542 1008 648 1040 bonae
674 1007 851 1040 memoriae
876 1005 1044 1043 Federico,
1070 1005 1146 1036 dum

408 1060 540 1098 viveret,
557 1060 589 1093 S.
606 1060 643 1092 R.
660 1060 694 1092 E.
716 1060 881 1102 praefatae
901 1058 1055 1090 cardinali
1075 1057 1148 1089 Bor-

407 1122 538 1145 romaeo
564 1117 766 1155 nuncupato,
800 1112 894 1143 huius
919 1111 950 1142 S.
978 1109 1068 1142 Sedis
1095 1119 1149 1141 au-

405 1166 556 1198 ctoritate
594 1164 818 1202 confirmatas,
858 1165 936 1196 itaut
973 1173 1087 1195 omnes
1118 1166 1150 1194 et

405 1218 525 1260 singuli
542 1218 708 1261 utriusque
723 1228 820 1250 sexus
834 1215 1078 1255 christifideles,
1094 1214 1148 1257 qui

408 1281 481 1304 vere
499 1271 651 1304 similiter
673 1270 879 1313 poenitentes
901 1274 932 1302 et
949 1268 1086 1302 confessi
1113 1278 1149 1299 ac

409 1328 500 1357 sacra
534 1325 765 1358 communione
799 1323 911 1356 resecti
943 1323 1085 1366 aliquam
1112 1332 1148 1353 ei<

410 1377 560 1410 ecclesiis
586 1377 776 1410 monialium
801 1377 1029 1419 Angelicarum
1055 1385 1150 1417 prae-

407 1431 544 1463 satarum
584 1430 708 1464 eisdem
740 1430 856 1463 diebus
889 1429 978 1462 sestis
1012 1428 1150 1460 Conver-

406 1484 507 1516 sionis
525 1489 556 1516 et
574 1482 899 1517 Commemorationis
916 1482 946 1514 S.
968 1480 1055 1514 Pauli
1073 1491 1150 1523 apo-

408 1538 483 1571 stoli
510 1549 527 1570 a
560 1538 675 1581 primis
712 1537 855 1581 vesperis
890 1547 991 1579 usque
1026 1535 1066 1567 ad
1098 1545 1150 1567 oc-

407 1601 516 1624 casum
544 1591 623 1624 solis
648 1591 741 1624 annis
766 1590 903 1632 singulis
936 1589 1049 1621 devote
1076 1587 1150 1620 visi-

412 1643 560 1683 taverint,
575 1643 694 1687 ibique,
715 1649 749 1675 ut
767 1642 961 1686 praefertur,
976 1640 1148 1678 oraverint,

408 1698 556 1730 eamdem
583 1697 763 1739 plenariam
790 1695 1025 1737 indulgentiam
1052 1698 1083 1725 et
1101 1703 1150 1725 re-

406 1750 596 1783 missionem
623 1755 877 1792 conscquantur‚
903 1747 1095 1793 auctoritate
1118 1751 1148 1777 et
1170 1751 1172 1786 ζ

407 1809 522 1836 tenore
548 1802 700 1845 praefatis
726 1807 884 1845 perpetuo
903 1801 1025 1844 pariter
1045 1806 1149 1832 exten-
1170 1796 1172 1830 ἶ

407 1857 516 1889 dimus
541 1862 572 1889 et
597 1856 812 1898 ampliamus·,
839 1865 896 1887 seu
922 1855 1045 1886 eisdem
1072 1853 1150 1885 lisle-

409 1910 494 1942 libus
523 1909 638 1941 dicbus
664 1919 761 1951 supra
780 1907 943 1949 expressis
971 1905 1172 1950 praemissa}

409 1963 442 1995 in
469 1962 564 1995 dietis
590 1961 737 1994 ecclesiis
767 1960 955 1993 monialium
982 1954 1172 2002 ,[Χηςοᾘοῑι-1

409 2026 480 2048 rum
516 2014 765 2058 peragentibus,
799 2013 979 2056 plenariam
1006 2012 1149 2045 omnium

406 2073 616 2113 peccatorum
642 2077 773 2100 suorum
793 2066 1029 2109 indulgentiam
1051 2072 1082 2099 et
1104 2076 1151 2098 re-
1172 2092 1174 2096 ,

408 2121 598 2155 missionem
617 2120 648 2152 in
668 2125 862 2163 perpetuum
881 2120 993 2152 itidem
1009 2120 1049 2152 de
1068 2129 1151 2152 novo

408 2174 631 2207 concedimus.

451 2228 466 2270 §
498 2227 530 2260 5.
569 2227 793 2259 Decernentcs
810 2253 817 2265 ,
841 2226 925 2268 ipsas
960 2232 1152 2268 praesentes

409 2280 533 2313 litteras
560 2290 693 2322 semper
718 2278 846 2318 firmas,
875 2279 994 2311 validas
1020 2284 1057 2311 ‘et
1089 2279 1175 2310 esti-⁴

407 2344 501 2367 caces
519 2333 662 2366 existere
680 2338 713 2366 et
725 2333 808 2372 sore,
823 2342 968 2375 suosque
983 2333 1153 2374 plenarios

408 2394 441 2420 et
458 2387 605 2429 integros
631 2386 767 2418 etl'ectus
791 2385 903 2418 sortiri
930 2390 962 2417 et
986 2385 1151 2424 obtinere,

408 2450 445 2473 ac
457 2439 525 2472 illis
541 2465 548 2479 ,
563 2439 603 2471 ad
618 2449 702 2481 quos
716 2443 846 2482 spectat
868 2444 901 2470 et
925 2448 983 2480 pro
1005 2443 1152 2480 tempore

409 2493 682 2535 quandocumque
716 2491 903 2535 spectabit,
937 2491 968 2522 in
1002 2490 1153 2524 omnibus

409 2551 441 2578 et.
480 2556 538 2588 per
579 2545 688 2578 omnia
725 2544 916 2588 plenissime
956 2543 1126 2586 suffragari
1145 2570 1153 2583 ,

409 2599 522 2641 sicque
548 2598 579 2630 in
617 2597 805 2640 praemissis
837 2607 896 2640 per
928 2607 1151 2640 quoscumque

986 217 1166 240 BULLARIUM
1195 217 1350 240 Romanum

1173 2120 1373 2170 ¹sapientiae
1400 2119 1538 2152 altitudo
1565 2118 1738 2152 humilitati
1776 2123 1906 2152 nostrae
1927 2146 1935 2157 ,

1936 219 1983 241 An.
2005 217 2034 240 Γ..
2058 216 2128 243 ¹730
2175 165 2182 249 i

1190 265 1314 298 iudices
1339 265 1525 298 ordinarios
1550 270 1580 297 et
1606 265 1796 307 delegatos,
1835 263 1929 297 etiam
2174 256 2182 304 l

1189 329 1360 351 causarum
1400 318 1510 361 palatii
1547 317 1718 360 apostolici
1754 317 1931 355 auditores,
2176 320 2182 358 t

1190 371 1326 404 iudicari
1367 376 1399 403 et
1424 370 1552 403 definiri
1580 371 1714 410 debere,
1740 380 1777 402 ac
1802 369 1931 402 irritum
2173 355 2182 415 l}

1190 429 1222 456 et
1247 423 1343 456 inane
1364 423 1388 455 si
1414 434 1506 456 secus
1531 433 1630 466 super
1649 423 1699 455 his
1718 433 1735 455 a
1752 433 1928 465 quoquam,
2173 417 2182 469 ξ

1191 476 1301 520 quavis
1326 477 1528 516 auctoritate,
1554 476 1695 508 scienter
1714 476 1763 508 vel
1785 475 1933 518 ignoran-

1193 537 1251 569 ter,
1273 529 1445 570 contigerit
1470 528 1637 561 attentari.

1235 583 1250 625 g
1275 581 1306 613 6.
1333 581 1400 614 Non
1427 581 1632 614 obstantibus
1658 581 1871 624 praemissis,
1895 590 1932 613 ac

1191 635 1475 668 constitutionibus
1502 640 1533 668 et
1569 634 1829 668 ordinationibus
1855 644 1932 677 apo-

1191 689 1334 729 stolicis,
1373 689 1557 732 ceterisque
1594 687 1765 720 contrariis
1802 687 1934 731 quibus-

1192 752 1346 784 cumque.

1236 795 1308 839 §7.
1347 794 1498 827 Volumus
1533 799 1642 826 autem
1677 800 1712 826 ut
1746 792 1933 826 earumdem
1978 804 2129 835 Transumpio-

1192 848 1411 892 praesentium
1430 847 1611 880 litterarum
1636 845 1858 889 transumptis,
1876 855 1934 878 seu
1945 836 1990 851 ω’
2005 830 2064 851 ‘¹⁰²⁸'

1191 901 1364 944 exemplis,
1400 901 1495 934 etiam
1531 900 1716 943 impressis,
1751 909 1846 931 manu
1878 898 1936 931 ati-

1191 954 1281 986 cuius
1306 954 1422 986 notarii
1449 952 1569 996 publici
1603 952 1814 995 subscriptis,
1841 956 1873 984 et
1897 951 1936 983 si-

1192 1007 1269 1048 gillo
1292 1017 1452 1049 personae
1478 1006 1510 1038 in
1536 1005 1752 1039 ecclesiastica
1775 1004 1933 1047 dignitate

1192 1060 1385 1092 constitutae
1404 1059 1552 1097 munitis,
1571 1059 1684 1091 eadem
1703 1068 1836 1101 prorsus
1853 1056 1933 1090 fides

1192 1111 1396 1150 adhibeatur,
1413 1111 1586 1154 quaeipsis
1605 1110 1831 1153 praesentibus
1846 1109 1937 1142 adhi-

1193 1165 1326 1197 beretur
1342 1164 1366 1197 si
1394 1164 1500 1197 forent
1519 1163 1682 1196 exhibitae
1701 1164 1751 1195 vel
1770 1168 1932 1196 ostensae.

1237 1217 1351 1249 Datum
1377 1217 1514 1256 Romae,
1541 1216 1626 1259 apud
1657 1216 1688 1248 S.
1720 1215 1850 1248 Mariam
1875 1214 1936 1248 Ma-

1193 1271 1295 1303 iorem
1313 1297 1320 1309 ,
1348 1269 1406 1302 sub
1433 1270 1555 1302 annulo
1583 1269 1775 1308 Piscatoris,
1794 1268 1847 1300 die
1870 1277 1935 1301 xxlt

1194 1322 1376 1356 decembris
1401 1332 1571 1362 MDccxxx,
1593 1321 1805 1365 pontificatus
1830 1320 1934 1353 nostri

1193 1386 1278 1409 anno
1300 1386 1320 1409 1.

1230 1438 1292 1463 Dat.
1311 1437 1355 1462 die
1371 1438 1404 1462 “2⁹2
1425 1436 1583 1462 decembris
1606 1436 1685 1468 1730,
1707 1434 1807 1470 pontif.
1829 1442 1902 1461 auno
1918 1440 1935 1461 1.

1483 1490 1516 1522 F.
1546 1490 1635 1522 card.
1663 1488 1846 1522 OLIVERIUS.

1994 592 2060 614 Ohsta
2065 593 2131 615 atium

1945 619 2065 645 derogatio.

1534 1640 1597 1672 XX.

1196 1722 1407 1764 Confirmatio
1433 1721 1546 1754 Brevis
1579 1720 1695 1754 Leonis
1724 1720 1754 1753 X
1783 1730 1847 1763 quo
1877 1730 1933 1751 ca-

1237 1776 1348 1808 nonici
1372 1774 1645 1818 metropolitanae
1670 1773 1819 1806 ecclesiae
1852 1773 1933 1806 Flo-

1237 1830 1386 1861 rentiwze
1411 1829 1444 1860 in
1462 1828 1606 1860 notarios
1626 1827 1718 1860 Sedis
1731 1826 1937 1870 Apostolicae

1237 1887 1401 1915 creantur.

1396 1952 1531 1979 Clemens
1553 1953 1634 1984 Papa
1653 1951 1732 1982 xm,

1339 1997 1375 2022 ad
1391 1997 1529 2022 futuram
1548 1996 1595 2022 rei
1610 1995 1797 2022 memoriam.

1240 2068 1448 2110 Apostolatus
1485 2066 1650 2105 officium,
1690 2066 1774 2109 quod
1810 2065 1936 2098 divinae
1974 2073 2096 2094 texordium.

1196 2176 1284 2208 nullo
1310 2174 1385 2207 licet
1422 2172 1612 2205 meritorum
1650 2177 1835 2205 nostrorum
1874 2172 1938 2205 suf-

1197 2227 1318 2270 fragio,
1345 2225 1548 2259 committere
1575 2225 1706 2267 dignata
1742 2230 1814 2264 est,
1852 2225 1938 2257 salu-

1196 2280 1296 2312 briter
1317 2279 1441 2321 exequi,
1461 2278 1647 2320 adspirante
1667 2277 1799 2320 superni
1819 2277 1938 2310 favoris

1196 2335 1297 2371 auia,
1323 2333 1439 2374 iugiter
1464 2336 1674 2373 satagentes,
1701 2342 1761 2371 ea,
1789 2340 1872 2374 quae
1897 2341 1936 2363 ex

1196 2386 1415 2419 Romanorum
1438 2383 1629 2416 Pontificum
1648 2384 1938 2427 praedecessorum

1196 2445 1382 2472 nostrorum
1415 2443 1445 2470 et
1483 2437 1577 2469 huius
1600 2437 1735 2470 Sanctae
1761 2436 1852 2470 Sedis
1880 2437 1938 2470 be-

1196 2491 1354 2534 nignitate
1382 2491 1421 2522 ad
1457 2489 1634 2532 insignium
1672 2489 1939 2533 metropolitana-

1196 2554 1264 2575 rum
1306 2543 1515 2576 ecclesiarum
1556 2542 1747 2585 dignitatem
1785 2542 1938 2574 tuendam

1195 2606 1476 2639 personarumque
1503 2595 1532 2627 in
1559 2595 1605 2628 eis
1624 2595 1789 2628 Altissimo
1808 2594 1936 2627 assidue
