2182 3137
0 192 11 253 ἱ
69 193 118 221 An.
134 191 163 219 C.
184 191 249 219 1731

264 240 408 274 tumdem
431 241 585 284 temporis
605 250 758 284 vespere;
781 249 888 272 sacrae
907 240 1002 271 etiam

265 299 297 327 et
321 294 478 338 spirituali
506 295 638 328 lectioni
665 305 724 338 per
750 293 912 326 dimidiam
938 293 1000 325 ho-

264 358 354 386 ram·‚
393 348 527 392 insuper
564 348 680 381 missae
714 346 928 380 celebrandae
955 347 1003 379 vel

265 401 457 441 audiendae,
485 413 520 434 ac
545 403 577 434 B.
596 401 712 434 Mariae
731 399 871 443 Virginis
899 399 1003 432 officio

264 466 364 498 parvo
391 455 472 497 (nisi
500 455 538 487 ad
565 455 667 487 maius
694 454 886 495 teneantur)
920 459 951 484 et
975 463 1005 485 e·

264 508 390 540 iusdem
421 508 579 548 Rosario,
619 518 744 541 necnon
782 505 901 549 duplici
928 516 1004 538 con-

264 562 420 594 scientiae
439 563 591 595 examini.
611 562 720 600 Quoad
746 571 858 593 eorum
884 560 1005 592 instru-

264 617 417 655 ctionem,
446 616 585 649 director
606 626 715 659 parem
742 613 876 647 habebit
896 623 1004 645 curam

264 675 300 702 ut
335 670 437 702 tribus
462 670 577 703 diebus
603 670 632 701 in
660 667 882 706 hebdomada,
909 677 1003 699 mane

263 725 328 756 una
351 723 431 756 hora
451 733 520 755 cum
547 722 691 762 dimidia,
717 720 936 754 conserentias
965 719 1003 752 de

264 777 408 810 materiis
433 775 618 814 moralibus,
638 785 692 807 eas
713 774 898 817 dirigendo,
919 773 1005 806 inter

264 841 299 863 se
326 830 475 870 habeant,
495 839 573 873 quas
600 829 633 860 su
663 829 670 861 i
697 828 839 861 debeant
865 827 1004 860 deelara-

265 884 351 917 tione
375 883 469 916 unius
496 893 530 915 ev
558 881 839 926 propositionibus
876 880 915 913 ab
948 880 1005 912 Ec-

264 937 362 970 clesia
387 936 568 976 damnatis;
606 936 749 979 itemque
786 934 1005 968 conserenti-as

265 990 304 1023 de
329 990 475 1023 materiis
499 989 641 1033 mysticis
666 989 794 1022 duobus
814 989 929 1021 diebus
954 999 1005 1021 ve-

264 1054 359 1087 spere
397 1054 455 1087 per
492 1044 616 1082 horam,
651 1053 770 1086 easque
808 1042 1005 1075 concludent

264 1097 488 1130 declaratione
513 1097 608 1129 unius
635 1097 750 1140 capitis
775 1096 910 1129 Concilii
931 1096 1001 1128 Tri-

265 1151 409 1191 dentini;
436 1157 655 1194 poteruntque
675 1150 770 1183 etiam
797 1150 1005 1183 conserentiis

264 1205 304 1238 de
331 1205 445 1238 morali
472 1210 505 1237 et
532 1205 664 1248 mystica
689 1204 835 1237 doctrina
858 1204 1005 1236 tenendis

264 1257 399 1301 singulis
418 1258 569 1291 secundis
592 1258 681 1291 seriis
707 1258 746 1290 ab
773 1258 931 1301 operariis
957 1268 1004 1290 se-

264 1311 392 1345 minarii
419 1312 585 1350 assistere,
613 1312 730 1355 quibus
758 1311 921 1344 exercitiis
940 1322 1004 1343 non

264 1376 381 1409 parum
407 1366 438 1398 in
461 1368 600 1408 utraque
619 1365 767 1398 doctrina
786 1365 1004 1398 instruentur:

264 1422 328 1452 una
353 1419 448 1452 etiam
481 1419 532 1452 die
569 1419 744 1452 cuiuslibet
780 1419 1005 1452 hebdomadae

266 1473 297 1506 in
325 1479 421 1506 cantu
440 1478 471 1506 et
490 1473 706 1506 caeremoniis
725 1483 784 1516 per
807 1484 897 1506 suum
916 1473 954 1506 ad
974 1473 1004 1505 id

267 1527 464 1560 destinatum
486 1527 679 1560 directorem
706 1527 982 1560 exereitabuntur.

97 1591 254 1622 nffexerciiiis
309 1591 417 1614 xxxui.
437 1581 539 1614 Festis
557 1587 662 1614 autem
684 1580 808 1621 diebus,
827 1581 1006 1613 recensitae

70 1619 487 1675 ‹11⁵JE.2¹‹'¹¹²¹¹·'}2}}{1⁵conserendae
512 1640 607 1678 atque
632 1634 727 1667 officii
754 1634 841 1677 parvi
859 1634 940 1673 loco,
960 1633 1006 1666 di-

71 1671 209 1698 ⁸⁰n¹⁹¹ffld¹⁵⁸
264 1688 374 1722 vinum
402 1688 543 1722 officium
570 1699 683 1721 omnes
702 1688 733 1720 in
752 1699 850 1720 unum
877 1687 1004 1720 collecti

264 1743 466 1786 persolvent,
486 1748 517 1775 et
535 1742 742 1776 conventuali
760 1742 877 1775 missae
898 1742 1005 1774 modu-

266 1796 370 1829 lantes
390 1795 568 1829 assistent:
595 1795 836 1836 Poenitentiae‚
855 1800 902 1835 et,
921 1794 1006 1828 iuxta

266 1850 438 1883 directoris
477 1849 674 1889 consilium,
705 1848 926 1882 Eucharistiae
958 1859 1007 1881 sa-

266 1908 443 1943 cramenta,
462 1903 522 1936 nisi
551 1903 581 1935 in
608 1903 801 1936 sacerdotali
821 1903 920 1945 gradu
943 1903 1007 1935 sint

266 1956 450 1995 constituti,
475 1956 646 2000 recipient,
667 1962 698 1989 et
717 1967 753 1989 ex
779 1956 867 1999 ipsis,
888 1956 941 1999 qui
967 1956 1006 1988 ab

266 2021 379 2044 eorum
407 2010 569 2044 directore
590 2010 686 2043 suerit
707 2010 902 2052 assignatus,
922 2009 1002 2043 e'hri-

265 2064 404 2098 stianam
430 2064 462 2097 in
487 2063 628 2098 Ecclesia
654 2063 834 2097 doctrinam
867 2063 1007 2107 explica-

263 2118 323 2159 bit,
348 2118 386 2151 ad
421 2129 517 2162 quam
554 2118 650 2151 simul
687 2128 759 2151 cum
797 2117 952 2151 concione
990 2128 1006 2149 a

265 2171 427 2205 directore
454 2171 616 2211 habenda,
634 2177 665 2204 et
680 2171 858 2215 aliquando
884 2171 923 2204 ab
950 2170 1006 2203 ali-

265 2236 328 2269 quo
354 2236 389 2259 ex
416 2225 496 2269 ipsis
522 2225 756 2265 sacerdotibus,
775 2235 833 2268 per
854 2225 934 2257 duos
953 2230 1007 2257 aut

266 2285 331 2313 tres
357 2279 553 2323 quadrantes
579 2279 737 2319 facienda,
756 2289 868 2312 omncs
885 2283 1005 2311 attente

265 2333 417 2366 assistere
445 2333 633 2366 debebunt:
661 2333 792 2374 ieiunia,
819 2331 1005 2376 flagellatio-

264 2398 322 2420 nes
348 2393 379 2420 ct
396 2386 559 2420 silentium
579 2387 662 2420 sicut
678 2387 819 2430 operarii
837 2385 1004 2419 seminarii

265 2442 450 2475 servabunt.

71 2500 255 2550 mqgmsfflffig
308 2505 412 2529 xxxiv.
439 2494 525 2534 Quae
551 2495 636 2528 dieta
661 2499 736 2528 sunt
761 2495 799 2528 de
822 2494 860 2527 iis
885 2494 939 2538 qui
965 2493 1003 2526 ad

72 2555 182 2576 roddonda
211 2555 255 2581 eri·
265 2554 393 2593 tempus
412 2549 444 2582 in
462 2548 637 2582 seminario
654 2548 866 2582 conviventes
887 2548 1003 2582 instrui

71 2583 463 2646 iifpi’atiguo'an'desiderant,
488 2602 654 2638 observari
679 2601 801 2647 pariter
839 2600 1004 2636 debebunt

868 191 1010 215 CLEMENS
1035 191 1082 215 ΧΠ
1107 192 1157 215 ΡΡ.

1049 241 1086 272 ab
1112 241 1150 274 iis
1174 241 1228 284 qui
1256 241 1332 274 soris
1359 242 1390 274 in
1418 241 1565 274 domibus
1591 240 1656 273 suis
1680 241 1789 273 viven-

1049 299 1095 326 tes
1113 295 1242 327 admissi
1264 295 1328 327 sint
1354 300 1388 327 ut
1407 295 1522 328 instrui
1548 294 1697 327 similiter
1713 304 1789 337 pos-

1047 346 1119 386 sint,
1139 353 1183 387 et,
1205 348 1419 391 proportione
1446 350 1579 388 servata,
1606 349 1645 380 ab
1672 348 1709 380 iis
1735 347 1787 391 qui

1048 399 1110 431 iam
1137 400 1220 433 bene
1247 400 1395 433 instructi
1422 402 1496 440 sint,
1523 406 1553 434 et
1579 401 1687 434 iuvare
1713 411 1789 444 ope-

1049 453 1152 485 rarios
1178 453 1210 485 in
1236 453 1426 486 muneribus
1447 454 1511 486 suis
1537 454 1648 487 velint.
1680 454 1720 487 At
1756 453 1788 486 in

1049 505 1112 538 sine
1138 506 1310 538 cuiuslibet
1335 507 1408 539 anni
1441 508 1552 550 (quod
1578 514 1626 540 est
1652 514 1788 550 tempus,

1049 569 1113 601 quo
1141 558 1172 590 in
1199 559 1374 592 seminario
1394 560 1594 594 mansionem
1612 561 1713 594 facere
1728 561 1791 604 pri-

1049 611 1092 643 mi
1118 612 1245 653 solent)
1272 611 1311 644 de
1336 613 1519 652 vocatione,
1537 624 1720 656 progressu,
1747 613 1791 645 in-

1050 664 1124 697 dole
1152 671 1183 696 et
1205 665 1323 697 talento
1349 665 1602 708 uniuscuiusque
1620 666 1791 699 seminari-

1049 723 1115 751 stae
1142 717 1275 750 domino
1302 718 1455 761 episcopo
1475 718 1578 751 fidelis
1598 720 1689 759 ratio,
1707 720 1731 752 si
1750 720 1789 752 ab

1050 782 1088 804 eo
1115 772 1165 804 vel
1191 771 1231 804 ab
1256 771 1334 814 ipsis
1359 777 1499 815 petatur,
1521 773 1688 806 reddenda
1715 773 1787 806 erit.

1049 825 1085 858 Et
1110 831 1146 857 ut
1170 825 1338 868 praedicta
1357 827 1463 858 omnia
1481 826 1625 858 debitum
1652 827 1790 859 sortian-

1050 885 1099 911 tur
1124 878 1296 919 ess'ectum,
1331 890 1527 923 magnopere
1559 880 1724 912 curabitur
1757 886 1790 912 ut

1050 933 1330 966 seminaristarun]
1350 934 1496 967 director
1521 940 1552 967 et
1571 934 1790 967 confessarius

1049 987 1112 1019 sint
1138 987 1268 1028 virtute,
1296 987 1453 1028 scientiis,
1471 988 1540 1020 zelo
1567 993 1597 1020 et
1623 988 1791 1031 experien-

1050 1041 1091 1074 tia
1115 1041 1271 1084 insignes

1091 1106 1180 1129 xxxv.
1209 1095 1354 1128 Christus
1384 1095 1488 1135 Iesus,
1519 1095 1572 1139 qui
1603 1096 1787 1129 adultorum
1816 1104 1984 1135 *Seminariaad

1049 1149 1231 1182 educationi
1254 1150 1334 1183 adeo
1358 1149 1545 1192 invigilavit,
1581 1150 1789 1193 parvulorum
1801 1135 1973 1185 ai.·¹ss}¹ssi¹a⁶1ili{[“m

1049 1203 1220 1236 immemor
1244 1214 1310 1235 non
1337 1203 1407 1243 suit,
1425 1203 1523 1236 immo
1543 1214 1597 1236 eos
1615 1204 1654 1236 ad
1679 1214 1712 1236 se
1737 1214 1791 1237 ve-

1049 1257 1119 1290 nire
1146 1257 1298 1300 impediri
1324 1267 1419 1299 aegre
1445 1257 1573 1290 ferens:
1600 1257 1714 1297 Sinite,
1742 1258 1791 1290 in-

1050 1311 1130 1354 quit,
1150 1310 1303 1354 parvulos
1320 1310 1430 1343 venire
1447 1310 1489 1342 ad
1506 1321 1564 1351 me,
1583 1315 1610 1343 et
1628 1321 1667 1344 ne
1681 1312 1791 1354 prohi-

1050 1365 1186 1397 bueritis
1211 1365 1292 1397 eos¹.
1324 1365 1391 1398 lloc
1422 1364 1518 1407 igitur
1546 1367 1715 1409 exemplar
1745 1376 1791 1398 se·

1050 1419 1187 1458 claudo,
1214 1418 1295 1451 sicut
1317 1425 1347 1451 et
1373 1419 1403 1451 id
1431 1419 1516 1462 quod
1543 1419 1582 1452 de
1608 1419 1790 1452 seminariis

1050 1484 1066 1505 a
1100 1483 1193 1506 sacro
1221 1472 1412 1505 Tridentino
1440 1472 1586 1506 Concilio
1611 1473 1788 1506 stabilitum

1050 1526 1221 1566 habemus,
1237 1527 1261 1559 si
1278 1526 1401 1559 accidat
1416 1532 1449 1558 ut
1463 1526 1593 1569 aliquod
1612 1538 1789 1570 puerorum

1049 1578 1326 1612 seminaristaruin
1342 1579 1599 1612 ecclesiasticum
1615 1580 1790 1622 collegium

1049 1642 1108 1675 pro
1135 1632 1204 1664 eius
1226 1633 1311 1672 cura,
1339 1631 1553 1665 instructione
1580 1638 1610 1666 et
1637 1633 1791 1667 eruditio-

1050 1695 1089 1717 ne
1118 1684 1166 1718 his
1191 1685 1313 1718 nostris
1330 1685 1510 1718 seminariis
1529 1686 1789 1727 commendetur,

1050 1738 1127 1771 illud
1153 1739 1326 1771 ordinante
1345 1738 1476 1772 domino
1495 1739 1652 1782 episcopo
1679 1739 1792 1772 admit—

1052 1796 1117 1824 tere
1144 1802 1210 1824 non
1236 1796 1416 1832 recusetur,
1434 1796 1469 1823 ut
1494 1791 1536 1824 ita
1562 1792 1715 1825 omnibus
1734 1792 1791 1825 viis

1050 1846 1197 1888 exempla
1221 1850 1394 1888 sequentes
1427 1845 1570 1887 magistri
1596 1846 1699 1878 nostri
1722 1846 1791 1879 lesu

1050 1898 1230 1930 animarum
1258 1898 1353 1930 saluti
1380 1904 1412 1930 et
1436 1898 1633 1932 christianae
1653 1900 1792 1943 discipli-

1050 1962 1109 1984 nae
1147 1951 1291 1994 itemque
1317 1951 1556 1985 ecclesiasticae
1588 1952 1790 1986 incremento

1050 2006 1155 2039 modis
1180 2006 1330 2040 omnibus
1355 2016 1504 2039 curemus
1531 2007 1733 2040 incumbere.

1093 2070 1196 2094 xxxw.
1226 2060 1310 2093 Iesus
1339 2060 1485 2093 Christus
1503 2087 1510 2101 ‚
1540 2066 1712 2104 antequam
1743 2061 1792 2094 in·
1820 2067 1985 2115 J]=·,¹01‹¹¹rs³¹{1³

1050 2115 1185 2147 choaret
1202 2125 1292 2147 suam
1318 2114 1613 2158 praedicationem,
1633 2115 1663 2147 in
1684 2115 1786 2148 deser·
1802 2101 1983 2160 11·3i{i<¹zjii{³1¹¹s¹⁰?=¹›

1051 2175 1116 2202 tuin
1141 2180 1174 2202 se
1196 2168 1346 2209 contulit,
1366 2168 1475 2212 ibique
1492 2158 1705 2212 quadraginta
1724 2156 1910 2202 die—⁰¹U‘⁴¹¹¹³'

1050 2223 1109 2256 bus
1124 2223 1314 2256 immoratus
1336 2222 1409 2263 suit3
1432 2223 1603 2266 adhucque
1622 2223 1791 2266 praedica-

1044 2276 1146 2310 tionis
1162 2281 1308 2320 tempore
1327 2276 1515 2320 frequenter
1533 2287 1606 2308 cum
1621 2276 1789 2319 discipulis

1048 2330 1113 2363 suis
1139 2336 1252 2374 petere
1278 2330 1405 2362 solebat
1430 2329 1572 2362 solitaria
1598 2330 1687 2369 loca,
1713 2329 1790 2372 ipsi-

1049 2396 1111 2429 que
1139 2384 1302 2427 discipuli,
1328 2384 1365 2416 ad
1391 2383 1546 2426 Spiritum
1565 2382 1715 2416 Sanctum
1739 2394 1789 2416 re-

1048 2438 1234 2482 cipiendum
1261 2442 1292 2470 ct
1318 2437 1355 2469 ad
1383 2436 1630 2470 fructuosiorem
1662 2437 1790 2480 praedi-

1048 2492 1230 2531 cationem,
1256 2491 1367 2523 decem
1395 2490 1509 2522 diebus
1544 2490 1575 2522 in
1606 2491 1787 2523 coenaculo

1047 2550 1246 2579 manserunt.
1274 2544 1359 2577 llaec
1385 2543 1583 2588 exemplaria
1611 2549 1786 2589 sequentes

1085 2611 1095 2637 1
1118 2608 1236 2641 Mmu„
1258 2613 1322 2641 Xix,
1346 2607 1387 2636 14,

1797 190 1845 217 An.
1864 190 1892 217 C.
1917 190 1980 218 1731
