2182 3137
223 187 270 214 An.
289 188 318 215 c.
342 187 409 213 17311
454 178 495 211 64

278 250 304 268 Ab
332 249 406 269 emt-un

223 282 263 295 Ver·
274 280 307 300 pta
326 282 394 294 1·1111111

224 302 274 321 laun

224 334 308 348 01111111Δ

350 309 404 323 annu

279 1367 410 1391 Appvllntutn

229 1393 277 1412 lunc
293 1394 319 1413 ad
337 1395 360 1414 S.
374 1394 411 1414 51·-

230 1420 284 1439 deu).

457 237 670 267 Collationibus
702 238 777 265 inter
810 244 840 264 se
874 234 978 269 sactis,
1020 231 1155 261 monachi

418 285 548 324 deputati
573 285 599 314 in
624 284 785 313 contrarias
819 282 936 312 iverunt
969 279 1154 310 sententias:

418 338 543 372 quatuor
576 333 724 371 antiquam
760 331 827 360 anui
861 338 996 366 uncxut,
1032 332 1157 367 quatuor

419 382 586 412 modernam
604 381 672 411 anui
690 388 814 410 ,urutcxvi
838 378 1073 418 compilationem
1093 385 1156 416 pro-

418 434 580 469 pugnantes
604 434 660 459 tam
686 428 773 457 verbo
803 436 888 467 quam
918 426 1036 465 scriptis
1058 433 1155 454 coram

418 479 518 508 eodem
536 478 641 507 nuncio
657 476 828 516 apostolico.
844 475 898 510 Qui
919 474 1046 510 tandem,
1065 473 1157 503 omni-

417 527 471 556 1105
504 527 642 565 utrinque
674 524 917 563 circumspectis,
941 523 994 552 5111)
1027 522 1072 552 die
1099 530 1156 551 xvn

418 574 544 604 octobris
554 582 700 604 ⁴nottcxxvi
712 573 861 603 definitive
878 570 1098 612 pronunciavit,
1113 575 1154 607 ut,

418 623 559 661 abrogata
581 622 786 661 compilatione
808 620 876 650 anni
899 628 1038 655 noccxw,
1058 618 1157 648 obser-

419 677 556 702 varentur
579 672 607 701 in
630 671 738 702 Ordine
761 671 856 708 leges,
880 668 1107 699 constitutiones
1129 672 1156 697 et

419 724 641 759 extravagantes
664 720 691 749 in
715 718 922 757 compilatione
944 717 1013 746 anni
1033 725 1155 753 1101111111,

419 770 548 809 exceptis
570 769 605 798 iis
627 778 700 808 quae
723 776 806 797 sacro
828 766 957 797 Concilio
972 765 1155 801 Tridentino,

420 818 544 849 decretis
579 822 694 848 sanctae
725 816 883 846 memoriae
912 815 1069 846 Clementis
1097 813 1156 845 Ylll

421 872 448 896 et
470 867 535 897 aliis
558 865 815 897 constitutionibus
838 864 1019 904 apostolicis,
1043 872 1156 894 necnon

422 914 648 946 resolutionibus
671 924 769 945 sacrae
792 912 1030 952 Congregationis
1064 912 1158 942 forent

419 964 603 1001 contrariae,
622 968 770 1003 praeterea
793 962 1041 993 observarentur¹
1058 961 1157 991 decem

420 1017 447 1042 et
481 1021 582 1042 novem
615 1012 765 1051 capitula,
797 1020 901 1050 nempe
935 1014 1158 1048 extravagantes

420 1070 494 1101 quae
518 1062 545 1091 in
569 1061 698 1099 generali
722 1060 909 1098 abrogatione
925 1059 1049 1089 aliarum
1066 1068 1160 1089 reser-

419 1115 502 1141 vatae
526 1111 643 1140 t'uerunt
667 1110 695 1139 in
720 1109 858 1148 capitulis
880 1108 1067 1147 generalibus
1090 1108 1157 1137 anni

420 1168 527 1194 1111001,
552 1167 680 1188 1100111110
702 1162 730 1188 01
752 1167 882 1194 xmccxr,
917 1157 1032 1187 tandem
1063 1166 1160 1186 sorva-

420 1212 522 1238 rentur
545 1207 618 1237 aliae
641 1216 741 1237 omnes
764 1210 1004 1244 extravagantes,
1029 1215 1102 1244 quae
1125 1205 1160 1235 ab

421 1266 496 1286 anno
520 1265 629 1286 ›tocxm
653 1256 781 1294 legitime
804 1261 832 1286 et
854 1256 994 1285 canonice
1013 1255 1160 1285 innostro

421 1305 530 1335 ttrdine
553 1305 646 1335 editae
668 1309 696 1334 et
719 1305 919 1344 promulgatae
943 1304 1072 1334 suerunt.

462 1354 582 1384 Decreto
612 1354 713 1383 111111011
744 1353 893 1393 apostolici
918 1357 1013 1392 partes
1036 1363 1092 1382 nou
1116 1362 1162 1382 ac-

423 1404 619 1443 ‹prim-eruat,
653 1403 725 1440 sed,
759 1402 955 1441 appellatione
988 1401 1160 1440 interposita

423 1453 457 1481 ad
473 1452 609 1482 Sanctam
625 1452 740 1488 Sedent,
757 1450 956 1480 controversia
980 1458 1045 1480 curn
1070 1449 1162 1480 0111111-

424 1501 477 1531 hus
493 1501 565 1531 actis
581 1500 673 1530 delata
698 1500 752 1530 suit
768 1500 802 1529 ad
819 1509 930 1530 sacram
955 1499 1163 1537 Cougregatio·

424 1560 489 1580 nem
503 1549 800 1580 eminentissimormn
811 1548 1160 1579 etreverendissimorum

424 1598 453 1628 S.
473 1599 507 1629 R.
526 1599 556 1628 E.
576 1598 783 1636 cardinalium,
810 1597 935 1636 negotiis
957 1597 1161 1637 episcopcrum

424 1652 451 1677 ct
467 1647 644 1685 regularium
662 1647 868 1687 praepositam.
887 1647 987 1686 ltaque
1010 1647 1038 1676 in
1062 1655 1163 1686 supre-

425 1704 471 1725 mo
494 1696 593 1725 eodem
618 1695 757 1725 tribunali
779 1695 828 1725 diu
858 1695 936 1725 inter
965 1698 1063 1734 partes
1094 1703 1163 1724 con-

424 1749 565 1775 certatum
589 1746 657 1781 suit,
681 1745 730 1774 sed
753 1745 881 1780 tandem,
905 1743 1162 1774 informationibus

426 1797 483 1822 tam
515 1802 582 1823 voce
611 1802 698 1833 quam
726 1793 843 1832 scriptis
870 1793 995 1830 auditis,
1019 1792 1162 1832 pleneque

425 1841 585 1879 discussis,
611 1847 735 1880 ponente
757 1841 991 1872 eminentissimo
1024 1845 1053 1871 et
1082 1850 1164 1871 reve-

426 1890 599 1920 rendissimo
622 1891 739 1920 domino
763 1890 913 1920 Vincentio
939 1890 1016 1920 tituli
1038 1892 1069 1920 S.
1086 1889 1163 1920 Onu-

426 1938 502 1977 phrii
535 1938 676 1968 cardinali
710 1939 814 1976 Petra,
838 1938 891 1968 sub
924 1939 970 1969 die
1002 1947 1039 1969 vn
1061 1939 1162 1978 aprilis

425 1994 585 2024 nocexxix,
602 1986 672 2016 haec
691 1987 743 2016 suit
762 1987 1062 2017 eminentissimorum
1079 1991 1106 2017 et
1119 1996 1163 2017 re-

426 2033 701 2064 verendissimorum
716 2038 831 2073 patrum
847 2034 986 2064 resolutio
1000 2044 1005 2063 :
1020 2034 1123 2069 Dilata,
1138 2039 1163 2064 et

425 2083 460 2111 ml
475 2086 590 2111 mentem
613 2083 825 2112 eminentissimi
844 2085 990 2122 ponentis:
1004 2094 1035 2113 ac
1050 2084 1163 2113 interim

425 2135 548 2160 servetur
570 2132 709 2161 decretum
731 2132 826 2161 amicit
848 2132 1000 2171 apostolici.
1014 2132 1092 2162 Mens
1108 2137 1162 2172 est,

427 2184 458 2209 ut
481 2180 530 2210 fiat
553 2189 625 2210 nova
649 2179 819 2219 compilatio
846 2181 1088 2212 constitutionum
1113 2191 1164 2222 per

426 2229 693 2259 eminentissimum
718 2232 874 2268 ponentem
898 2230 976 2260 iuxta
1000 2231 1093 2270 ipsius
1115 2241 1163 2261 vo-

427 2281 486 2306 tnm
504 2277 532 2306 in
550 2277 684 2316 sequenti
702 2277 786 2307 modo
808 2287 991 2316 expressum:
1011 2289 1023 2306 <‹
1040 2279 1070 2308 ln
1089 2281 1165 2309 nova

427 2326 634 2365 compilatione
658 2330 803 2366 ponantur
821 2326 1042 2356 constitutiones
1065 2337 1165 2357 omnes

428 2374 673 2413 fundamentales,
690 2384 765 2414 quae
781 2384 838 2405 non
854 2375 913 2405 sint
929 2380 1091 2414 revocatae,
1106 2376 1166 2406 sive

429 2423 580 2462 oppositae
603 2433 686 2454 sacro
708 2423 836 2454 Concilio
853 2423 1035 2462 Tridentino,
1059 2425 1168 2455 consti-

429 2472 591 2502 tutionibus
614 2473 798 2512 apostolicis,
822 2478 850 2504 et
872 2473 1102 2503 resolutionibus
1124 2483 1169 2503 sa-

994 184 1177 208 BULLARIUM
1204 181 1360 206 Romanum

1201 239 1267 259 crac
1290 230 1551 268 Congregationis·,
1576 241 1649 270 quae
1681 240 1748 261 vero
1771 238 1837 262 sunt
1859 243 1940 263 revo-

1202 283 1283 308 catae
1298 301 1305 315 ‚
1330 279 1367 308 ita
1405 279 1520 309 noviter
1555 280 1762 320 suppleantur:
1797 287 1940 320 quatenus

1201 327 1348 357 revocatio
1371 327 1407 357 sit
1430 328 1458 357 in
1482 328 1579 367 aliqua
1603 329 1746 367 particula
1769 338 1819 359 seu
1844 335 1937 369 parte,

1200 376 1331 405 addendo
1356 376 1399 406 vel
1417 376 1576 406 minuendo
1591 378 1775 415 emendetur,
1794 383 1939 418 quatenus

1201 433 1269 454 vero
1292 425 1437 454 revocatio
1467 425 1599 455 destruat
1626 426 1768 465 integram
1799 428 1940 458 constitu-

1201 473 1322 512 tionem,
1339 474 1525 504 cnunciative
1548 475 1597 505 fiat
1619 476 1728 506 mentio
1751 476 1938 516 antiquarum

1200 522 1295 560 legum
1330 522 1358 551 in
1394 521 1439 552 his
1470 527 1584 552 tautum
1620 533 1693 563 quae
1727 528 1795 554 sunt
1827 525 1940 555 decoris

1199 570 1318 601 Ordinis
1341 570 1401 600 sive
1421 572 1677 611 monasteriorum,
1695 573 1867 612 dispositive
1890 583 1939 603 au-

1200 624 1256 649 tem
1279 619 1355 649 circa
1372 620 1501 650 eamdem
1527 621 1677 650 materiam
1698 621 1746 650 siat.
1770 622 1940 652 constitutio

1199 668 1379 698 observanda
1396 678 1401 697 ε
1416 673 1600 708 apponantur
1615 674 1850 708 extravagantes,
1864 679 1940 709 quae

1199 716 1388 747 continentur
1405 717 1433 746 in
1450 717 1657 756 compilatione
1681 719 1749 748 anui
1774 726 1885 748 ,1111οΧ111
1909 718 1939 748 in

1199 765 1259 794 suis
1292 765 1384 801 locis,
1411 765 1570 796 dummodo
1604 776 1660 796 non
1694 766 1754 796 sint
1787 769 1938 796 revocate:

1200 813 1343 843 addantur
1366 818 1590 853 extravagantes
1614 819 1678 854 post
1700 815 1806 845 dictam
1830 814 1942 854 compi—

1201 862 1338 892 lationem
1362 872 1454 902 usque
1471 863 1505 893 ad
1522 864 1660 894 moderna
1678 869 1807 904 tempora
1825 863 1854 893 in
1870 863 1942 894 locis

1201 912 1385 951 opportunis,
1404 912 1561 943 dummodo
1581 922 1637 943 non
1653 913 1710 943 sint
1728 916 1892 951 revocatae,
1909 917 1941 943 ut

1201 970 1309 1000 supra:
1341 961 1540 999 adiungantur
1562 962 1648 992 etiam
1674 962 1704 992 in
1723 962 1783 992 suis
1798 962 1870 992 locis
1891 971 1942 1002 op-

1203 1009 1334 1049 portunis
1360 1010 1486 1049 capitula
1503 1010 1709 1041 decemnovem
1727 1010 1871 1050 publicata
1888 1010 1941 1040 sub

1202 1067 1277 1088 anno
1300 1066 1417 1096 11110ον,
1442 1059 1599 1089 dummodo
1621 1068 1679 1089 non
1712 1059 1771 1089 sint
1793 1060 1941 1089 contraria

1202 1116 1284 1136 sacro
1300 1107 1428 1137 Concilio
1443 1107 1614 1138 Tridentino
1630 1113 1658 1138 et
1681 1108 1851 1147 apostolicis
1873 1117 1942 1138 con-

1202 1155 1405 1185 stitutionibus
1421 1165 1426 1184 :
1450 1165 1485 1186 ex
1508 1156 1656 1196 capituli-3,
1675 1156 1808 1196 privatis,
1826 1156 1941 1194 rotulis,

1203 1205 1297 1242 actis,
1321 1205 1444 1243 aliisque
1467 1214 1540 1244 quae
1563 1205 1708 1235 habentur
1729 1205 1759 1235 in
1779 1205 1944 1236 annotatio·

1204 1253 1290 1283 nibus
1319 1253 1536 1293 compilationis
1566 1262 1677 1284 itocxm
1709 1259 1737 1284 et
1768 1254 1798 1284 in
1826 1254 1945 1284 ordina-

1204 1302 1333 1332 tionibus
1365 1303 1581 1342 compilationis
1614 1303 1682 1333 anni
1716 1311 1859 1341 mmcxvi,
1896 1313 1944 1333 50-

1205 1355 1320 1381 mantur
1343 1350 1457 1389 aliquae
1480 1351 1558 1389 leges
1581 1356 1723 1390 quatenus
1751 1351 1942 1388 necessariae,

1204 1399 1264 1429 sive
1284 1398 1443 1438 plurimum
1477 1399 1564 1429 utiles
1598 1399 1753 1429 videantur
1781 1409 1833 1440 pro
1863 1405 1944 1431 recto

1204 1448 1346 1487 gubernio
1369 1447 1499 1486 Ordinis,
1520 1448 1548 1478 in
1573 1448 1679 1479 minori
1705 1453 1800 1479 tamen
1823 1458 1944 1481 numero

1206 1496 1349 1536 possibili,
1370 1497 1450 1527 iuxta
1467 1497 1622 1527 arbitrium
1644 1497 1871 1528 eminentissimi
1896 1508 1945 1538 po-

1206 1546 1323 1582 nentis,
1355 1550 1382 1575 et
1410 1546 1471 1575 suis
1494 1546 1566 1575 locis
1589 1546 1790 1583 collocentur;
1814 1547 1944 1587 reliquae

1206 1604 1272 1625 vero
1295 1595 1511 1632 annotationes,
1539 1595 1626 1624 rotuli
1649 1595 1710 1624 sive
1733 1594 1942 1632 ordinationes,

1205 1648 1236 1674 ut
1258 1653 1366 1683 supra,
1391 1647 1565 1683 separentur
1594 1653 1609 1673 a
1637 1643 1736 1673 codice
1758 1643 1945 1674 constitutio-

1205 1702 1286 1730 num,
1304 1697 1342 1731 et,
1360 1696 1504 1732 quatenus
1521 1692 1682 1732 capitulum
1699 1693 1836 1731 generale
1859 1702 1946 1733 expc-

1204 1742 1286 1772 diens
1308 1742 1493 1777 iudicaverit,
1517 1742 1592 1781 typis
1614 1742 1824 1781 imprimantur
1845 1741 1875 1772 in
1899 1752 1946 1773 co-

1204 1791 1269 1821 dice
1292 1789 1477 1830 particulari,
1496 1789 1549 1820 sub
1569 1790 1654 1820 titulo
1677 1790 1771 1820 eidem
1794 1790 1944 1827 beneviso,

1204 1849 1269 1870 cum
1293 1840 1428 1879 expressa
1450 1843 1546 1869 tamen
1569 1839 1768 1869 declaratione
1789 1839 1819 1869 in
1838 1839 1947 1878 princi-

1206 1889 1252 1929 pio
1275 1888 1353 1927 libri,
1378 1888 1453 1928 quod
1477 1888 1505 1918 in
1529 1888 1630 1918 eodem
1647 1892 1784 1919 contenta
1801 1888 1858 1918 vim
1874 1888 1946 1927 legis

1205 1936 1393 1975 obligativam
1416 1946 1473 1966 non
1498 1935 1616 1975 hahent,
1634 1936 1684 1966 sed
1700 1940 1815 1966 tantum
1837 1936 1948 1967 instru-

1205 1986 1310 2016 ctivam
1326 1990 1354 2016 et
1369 1985 1573 2024 doctrinalem,
1601 1985 1759 2016 dummodo
1775 1989 1871 2016 tamen
1887 1995 1945 2017 non

1205 2035 1264 2065 sint
1286 2034 1433 2065 contraria
1455 2043 1538 2064 sacro
1555 2033 1684 2064 Concilio
1699 2034 1883 2073 Tridentino,
1901 2044 1947 2065 sa-

1205 2084 1263 2115 cris
1284 2083 1457 2119 canonibus,
1481 2083 1743 2114 constitutionibus
1765 2083 1945 2123 apostolicis,

1206 2132 1438 2163 resolutionibus
1460 2141 1560 2162 sacrae
1582 2131 1833 2171 Congregationis,
1857 2134 1885 2163 et
1906 2132 1948 2162 le-

1206 2181 1290 2220 gibus
1312 2180 1457 2210 contentis
1480 2180 1510 2210 in
1533 2179 1695 2210 novissima
1725 2179 1778 2209 hac
1809 2180 1948 2220 compila-

1207 2230 1305 2260 tione:
1330 2233 1393 2269 post
1414 2229 1519 2259 factam
1543 2238 1611 2259 vero
1635 2237 1742 2259 novam
1765 2229 1949 2269 compilatio-

1208 2288 1272 2308 nem
1290 2279 1351 2318 ipsa
1372 2278 1515 2308 reseratur
1535 2278 1562 2307 in
1580 2279 1661 2307 sacra
1677 2278 1907 2317 Congregatione
1920 2288 1948 2308 1).

1248 2326 1390 2357 Mandatis
1414 2326 1504 2364 igitur
1527 2335 1627 2356 sacrae
1642 2326 1884 2365 Congregationis
1899 2326 1950 2356 ob-

1209 2376 1380 2416 sequendo,
1403 2375 1517 2414 grande
1552 2374 1720 2405 huiusmodi
1751 2385 1825 2415 opus
1857 2384 1949 2405 novae

1209 2424 1425 2464 compilationis
1440 2427 1621 2463 assumptum
1644 2424 1699 2454 suit
1722 2423 1757 2454 ab
1780 2423 1950 2463 praelauda-

1211 2477 1238 2503 to
1260 2472 1492 2503 eminentissimo
1515 2477 1544 2502 et
1566 2472 1809 2503 reverendissimo
1831 2471 1948 2502 domino

467 2531 476 2556 1
508 2530 633 2558 Pessime
664 2531 729 2558 edit.
751 2531 829 2559 Maia.
852 2531 917 2567 legit
948 2531 1170 2560 observaverunt
1211 2522 1352 2552 cardinali
1368 2522 1465 2560 petra,
1482 2527 1570 2562 atque
1592 2521 1716 2561 Siflglffis
1734 2522 1794 2552 sese
1815 2520 1949 2561 aPiCibUS

427 2575 468 2610 (a.
485 2574 532 2610 τ.).

1213 2570 1350 2612 antiquae
1382 2571 1598 2612 compilationis
1631 2570 1701 2605 anui
1724 2579 1856 2612 nncxln,
1879 2570 1950 2603 alte-

1942 184 1989 210 An.
2013 183 2040 209 G.
2065 183 2131 210 1730

1999 2343 2058 2365 Nova
2086 2344 2143 2366 facta

1960 2371 2090 2398 compilatio.
