2182 3137
216 249 264 275 An.
283 249 313 277 C.
340 247 405 275 ¹73t
454 239 518 272 030

236 1478 295 1499 Dicta
313 1477 401 1498 facultas

219 1506 337 1526 extenditur
374 1505 401 1525 ad

219 1534 396 1556 Gutture-,gultones

219 1559 326 1583 genien-ales
336 1561 355 1577 nt
367 1564 401 1577 ea-

218 1586 283 1610 pituta
302 1586 401 1605 interme-

218 1612 262 1632 dia.

408 297 544 329 trarium
555 297 808 340 praemissorum
823 298 1069 341 quomodolibet
1082 307 1156 329 con-

407 350 520 388 cessis,
554 349 753 383 confirmatis
775 355 806 383 et
836 350 1009 391 innovatis3
1038 350 1155 394 quibus

408 402 557 434 omnibus
596 407 627 435 et
665 402 800 445 singulis
819 429 826 443 ‚
864 403 991 435 illorum
1026 408 1155 435 tenores

408 455 634 498 praesentibus
665 466 723 499 pro
758 457 855 498 plene
890 461 922 488 et
955 456 1154 489 sufficienter

409 508 569 550 expressis
593 508 688 541 acad
716 509 850 542 verbum
877 509 1005 543 insertis
1033 509 1154 542 liaben-

411 566 473 600 tes,
499 561 564 594 illis
589 559 667 594 alias
695 561 724 594 in
752 573 809 595 suo
829 563 946 595 robore
963 572 1153 605 permansu-

409 614 464 653 ris,
479 614 517 646 ad
532 615 786 657 praemissorum
814 614 974 655 ellectum,
1006 616 1065 647 liae
1086 616 1152 648 vice

409 666 594 706 dumtaxat,
628 667 817 710 specialiter
853 673 885 701 et
917 678 1070 711 expresse
1099 669 1154 700 de-

409 729 578 762 rogamus,
613 721 797 764 ceterisque
829 721 1001 754 contrariis
1023 721 1155 765 quibus-

410 782 561 816 eumque.

456 827 606 860 Volumus
622 832 777 860 autemut
795 829 982 861 earumdem
1001 839 1154 872 praesen-

411 879 490 912 tium
516 880 700 913 litterarum
728 882 945 924 transumptis,
965 892 1021 914 scu
1046 892 1154 914 exem-

410 933 484 976 plis,
497 933 591 966 etiam
606 934 788 977 impressis,
803 944 898 966 manu
915 935 1052 967 alicuius
1068 939 1156 967 nota-

411 986 449 1019 rii
465 987 587 1030 publici
599 988 801 1031 subscriptis,
820 994 851 1020 et
868 988 977 1031 sigillo
996 998 1155 1031 personae

411 1039 441 1071 in
461 1040 679 1073 ecclesiastis-a
698 1040 854 1083 dignitate
876 1040 1074 1074 constitutae
1089 1052 1157 1073 mu-

410 1092 488 1125 nitis
509 1120 516 1132 ,
546 1093 659 1126 eadem
686 1104 822 1137 prorsus
849 1093 929 1126 sides
956 1094 1076 1137 ubique
1101 1094 1157 1127 ba-

411 1146 555 1186 beatur,
585 1157 667 1190 quae
698 1147 927 1190 praesentibus
954 1148 1031 1191 ipsis
1061 1148 1156 1181 liabe-

411 1205 503 1232 retur
517 1201 541 1232 si
563 1201 670 1234 forent
687 1201 853 1234 exhibitae
874 1202 922 1234 vel
941 1207 1107 1235 ostensae.

447 1262 543 1289 Datum
576 1262 689 1296 Romae,
721 1263 793 1297 apud
824 1264 852 1290 S.
875 1262 984 1289 Mariam
1014 1263 1155 1296 Maiorem,

411 1306 461 1333 sub
481 1306 581 1333 annulo
603 1307 759 1339 piscatoris,
788 1307 832 1334 die
862 1314 916 1334 xvii
947 1307 1008 1334 maii
1039 1314 1154 1342 uncxcu,

412 1352 584 1386 pontificatus
605 1352 689 1378 nostri
709 1360 779 1379 anno
799 1358 818 1379 1.

745 1406 768 1439 t.
786 1406 819 1438 F.
840 1407 928 1439 card.
949 1407 1108 1441 Amanus.

457 1469 521 1513 502.
556 1469 633 1502 Cum
659 1474 777 1509 antem,
803 1469 886 1502 sicut
910 1469 1047 1503 dilectus
1072 1470 1156 1503 filius

413 1523 591 1556 modernus
633 1522 780 1556 minister
820 1522 980 1565 generalis
1027 1522 1155 1556 Ordinis

414 1576 598 1610 huiusmodi
626 1575 720 1609 nobis
746 1586 852 1619 nuper
877 1576 995 1619 exponi
1016 1576 1102 1617 fecit,
1122 1577 1153 1611 in

413 1629 477 1662 lioe
513 1629 620 1662 Tertio
648 1628 768 1662 Ordine
794 1634 869 1672 post
904 1629 1079 1662 triennium
1105 1640 1155 1662 ca—

413 1682 507 1725 pituli
539 1683 700 1725 generalis
732 1682 941 1725 congregatio
974 1683 1153 1724 generalis,

414 1735 522 1778 (etiam
540 1735 717 1778 capitulum
745 1736 896 1777 generale
923 1735 1154 1768 intermedium

413 1794 638 1831 nuncupatur,
663 1787 746 1821 idest
778 1788 862 1820 inter
886 1798 985 1820 unum
1012 1794 1043 1821 et
1069 1789 1153 1822 aliud

413 1842 589 1884 capitulum
627 1842 799 1884 generale)
836 1841 993 1874 celebrari
1032 1843 1152 1883 soleat,

413 1895 595 1928 dubitatum
623 1895 681 1927 fuit
710 1904 749 1927 an
776 1895 806 1926 in
834 1895 999 1937 praedicta
1020 1905 1155 1938 congre-

413 1948 542 1991 gatione
569 1948 714 1992 generali
746 1948 850 1981 dictus
885 1948 1032 1982 minister
1057 1959 1155 1992 gene-

414 2002 490 2035 ralis
527 2010 815 2046 superexpressam
854 2002 1039 2035 facultatem
1067 2013 1156 2036 exer-

414 2066 488 2088 cere
507 2061 632 2099 posset:
648 2055 885 2099 propositoque
904 2055 1003 2088 dubio
1022 2065 1155 2090 unccxvl

415 2114 447 2142 et
470 2117 623 2142 linccxxit
648 2108 679 2140 in
705 2108 966 2151 Congregatione
994 2113 1068 2142 tunc
1094 2109 1155 2142 cxi-

415 2162 568 2195 stentium
595 2161 740 2195 eiusdem
766 2161 797 2195 S.
817 2161 854 2194 R,
880 2162 912 2194 E.
942 2163 1154 2196 cardinalium

415 2215 555 2258 negotiis
570 2221 602 2248 et
614 2215 911 2249 consultationibus
926 2215 1156 2260 episcoporum

415 2273 447 2301 et
471 2268 668 2311 regularium
690 2269 890 2311 praeposita,
911 2269 996 2302 dieta
1013 2269 1156 2312 Congre-

415 2320 512 2362 gasso,
533 2321 678 2364 quamvis
706 2326 780 2353 tune
806 2321 949 2355 existens
966 2328 1157 2365 procurator

416 2374 576 2415 generalis
597 2375 738 2408 rationes
756 2386 816 2418 pro
835 2375 1002 2418 praedicta
1023 2377 1156 2409 affirma-

417 2427 480 2459 tiva
506 2427 726 2470 produxisset,
747 2427 785 2460 ad
812 2427 900 2460 dubii
926 2429 1156 2462 resolutionem

417 2479 568 2512 devenire
594 2479 718 2520 noluit;
737 2481 793 2513 sed
813 2485 874 2513 tam
895 2481 946 2514 die
964 2491 1015 2514 xv1
1034 2481 1157 2514 mensis

419 2532 568 2565 februarii
583 2532 728 2566 eiusdem
743 2533 816 2565 anni
832 2543 981 2574 nnccxvi,
997 2545 1090 2578 quam
1107 2534 1157 2567 die

418 2594 488 2618 xx1v
511 2584 630 2618 mensis
655 2585 766 2628 aprilis
793 2585 867 2619 dicti
893 2587 968 2620 anni
993 2596 1156 2627 ninccxxn,

420 2638 567 2671 ministro
593 2639 736 2682 generali
761 2645 835 2672 tune
861 2640 982 2683 pariter
1007 2641 1157 2675 existenti

1001 247 1185 272 nuiltanttJM
1210 247 1368 273 ROMANUM

1201 298 1369 330 memorati
1407 297 1535 330 Ordinis
1571 297 1707 331 indulsit
1746 302 1779 329 ut
1815 297 1846 329 in
1883 296 1938 329 illa

1200 350 1384 393 particulari
1418 350 1672 393 congregatione
1699 350 1847 383 facultate
1879 349 1938 382 ltu-

1201 404 1339 437 iusinodi
1367 405 1410 437 uti
1437 410 1559 448 posset.
1586 404 1676 437 Nunc
1710 409 1834 445 autem,
1865 414 1936 437 cum

1201 456 1230 488 in
1258 458 1404 500 proxima
1431 459 1562 490 ventura
1588 458 1778 491 Pentecoste
1804 467 1938 500 congre-

1200 511 1284 553 gatio
1311 512 1471 552 generalis
1492 511 1686 544 celebranda
1712 511 1761 551 sit,
1781 516 1813 544 et
1833 511 1863 543 in
1882 512 1938 543 002

1200 564 1272 596 dein
1287 564 1405 596 Ordine
1427 563 1572 596 nonnulli
1588 563 1730 606 religiosi
1747 563 1936 596 necessariis

1200 617 1362 659 requisitis
1376 627 1433 659 pro
1449 616 1626 649 obtinenda
1637 618 1747 650 laurea
1760 615 1937 659 magistrali

1200 670 1335 713 praediti
1363 671 1577 713 reperiantur,
1602 670 1656 713 qui
1683 669 1776 703 aliter
1800 669 1838 703 ad
1866 668 1939 702 ell'e-

1199 728 1284 756 ctum
1311 724 1397 756 illam
1423 723 1642 767 consequendi
1670 723 1844 756 triennium
1871 722 1937 755 sere

1200 782 1373 817 expectare.
1392 782 1599 818 cogerentur:
1620 786 1655 808 ac
1673 775 1811 819 proinde
1830 775 1937 808 dictus

1200 829 1349 861 minister
1384 829 1545 872 generalis
1580 834 1767 872 opportune
1804 828 1867 861 sibi
1904 828 1937 861 in

1201 882 1389 925 praemissis
1414 893 1430 915 a
1457 883 1550 915 nobis
1575 883 1738 926 provideri
1758 888 1789 915 et
1805 887 1840 914 ut
1856 881 1938 914 infra

1202 935 1362 978 indulgeri
1402 935 1576 978 plurimum
1619 935 1781 969 desideret
1801 946 1808 968 ε
1849 945 1909 968 nos
1927 962 1934 975 ,

1202 988 1308 1032 ipsum
1336 989 1517 1022 ministrum
1536 990 1720 1032 generalem
1740 989 1937 1033 specialibus

1201 1041 1362 1074 favoribus
1382 1048 1409 1074 et
1430 1042 1542 1084 gratiis
1559 1042 1713 1086 prosequi
1733 1043 1889 1082 volentes,
1907 1048 1938 1074 et

1201 1106 1218 1127 a
1243 1095 1406 1137 quibusvis
1427 1095 1783 1135 excommunicationis,
1804 1105 1939 1138 suspen-

1201 1148 1301 1181 sionis
1325 1153 1355 1180 et
1380 1148 1557 1188 interdicti,
1584 1149 1720 1192 aliisque
1747 1149 1938 1182 ecclesiasti-

1201 1200 1245 1233 cis
1262 1201 1444 1241 sententiis,
1462 1201 1606 1234 censuris
1632 1206 1665 1235 et
1690 1202 1815 1245 poenis,
1833 1212 1850 1234 a
1867 1201 1936 1234 iure

1201 1255 1249 1286 vel
1283 1255 1321 1287 ab
1360 1255 1508 1293 homine,
1536 1255 1648 1298 quavis
1682 1257 1853 1288 occasione
1887 1257 1936 1289 vel

1201 1311 1296 1342 causa
1321 1309 1403 1347 latis,
1423 1309 1449 1340 si
1472 1308 1588 1351 quibus
1614 1309 1864 1352 quomodolibet.
1889 1309 1938 1341 in-

1201 1363 1336 1396 nodatus
1359 1362 1478 1402 existit,
1493 1362 1531 1394 ad
1551 1361 1698 1394 ellectum
1717 1362 1937 1405 praesentium

1201 1416 1367 1449 dumta1-:at
1396 1415 1679 1458 consequendum,
1708 1415 1821 1448 barum
1855 1416 1937 1448 serie

1200 1470 1405 1503 absolventes
1425 1473 1456 1501 et
1474 1468 1657 1501 absolutum
1675 1469 1742 1501 fore
1758 1474 1937 1509 censentes,

1199 1522 1491 1567 supplicationibus
1518 1522 1586 1555 eius
1614 1521 1746 1555 nomine
1764 1522 1859 1555 nobis
1885 1533 1938 1555 su-

1199 1588 1259 1621 per
1283 1577 1347 1610 hoc
1383 1575 1550 1608 humiliter
1587 1575 1744 1618 porrectis
1780 1575 1938 1616 inclinati,

1200 1631 1238 1663 dc
1263 1628 1496 1662 venerabilium
1523 1628 1654 1660 fratrum
1682 1633 1868 1661 nostrorum
1893 1628 1939 1661 di—

1199 1689 1268 1716 ctae
1289 1683 1320 1716 S.
1342 1683 1378 1715 R.
1399 1682 1434 1715 Ε.
1454 1681 1664 1715 cardinalium
1690 1681 1814 1715 eisdem
1840 1692 1940 1724 nego-

1200 1737 1251 1769 tiis
1277 1741 1308 1769 et
1333 1735 1626 1769 consultationibus
1653 1735 1882 1778 episcoporum
1908 1740 1939 1768 et

1198 1789 1395 1832 regularium
1410 1788 1668 1832 praepositorum
1682 1788 1830 1828 consilio,
1845 1798 1939 1832 prae—

1199 1843 1335 1876 insertas
1360 1841 1539 1874 innocentii
1567 1841 1830 1884 praedecessoris
1856 1842 1940 1874 litte-

1199 1906 1258 1936 raS‚
1279 1897 1358 1929 itaut
1377 1895 1407 1928 in
1427 1895 1471 1928 cis
1491 1895 1586 1927 etiam
1612 1895 1752 1938 capitula
1773 1895 1940 1937 generalia

1198 1948 1393 1982 intermedia
1425 1958 1482 1980 seu
1507 1947 1778 1990 congregationes
1803 1958 1940 1991 genera·

1198 2003 1244 2036 les
1270 2001 1602 2045 comprelicuduntur,
1640 2001 1832 2035 auctoritate
1866 2012 1941 2045 apo-

1199 2055 1324 2096 stolica,
1342 2061 1454 2088 tenore
1472 2054 1703 2098 praesentium,
1723 2055 1938 2096 declarainus;

1199 2110 1284 2142 salva
1310 2113 1416 2141 tamen
1443 2118 1573 2151 semper
1607 2108 1638 2140 in
1671 2108 1860 2151 praemissis
1886 2119 1942 2142 au·

1200 2162 1348 2195 ctoritate
1366 2161 1636 2204 Congregationis
1660 2162 1850 2195 eorumdem
1875 2171 1942 2195 car-

1200 2215 1367 2248 dinalium.

1243 2268 1258 2311 ἓ
1282 2267 1314 2301 3.
1338 2268 1566 2308 Decernentes‚
1594 2268 1724 2301 easdem
1751 2273 1939 2311 praesentes

1200 2322 1326 2354 litteras
1359 2331 1487 2364 semper
1520 2320 1637 2361 sirmas,
1672 2321 1792 2354 validas
1818 2326 1848 2354 et
1873 2321 1942 2354 elli-

1201 2385 1290 2408 caces
1317 2375 1455 2409 existere
1473 2379 1505 2407 et
1523 2374 1601 2415 fore,
1622 2384 1760 2418 suosque
1779 2375 1942 2418 plenarios

1201 2433 1233 2461 et
1258 2429 1399 2471 integros
1426 2426 1559 2460 effectus
1585 2427 1692 2460 sortiri
1714 2433 1746 2461 et
1770 2428 1939 2470 obtinere,

1201 2493 1237 2516 ac
1262 2481 1336 2522 illis,
1358 2482 1396 2514 ad
1423 2491 1505 2525 quos
1526 2486 1649 2524 spectat
1668 2487 1698 2514 et
1716 2491 1776 2525 pro
1795 2487 1941 2525 tempore

1202 2535 1452 2579 quandocuch
1477 2535 1650 2578 spectabit,
1676 2535 1707 2567 in
1735 2535 1886 2568 omnibus
1911 2540 1943 2568 et

1203 2599 1260 2632 per
1285 2588 1394 2622 omnia
1419 2588 1607 2632 plenissime
1641 2587 1819 2631 suffragari,
1847 2593 1878 2621 et
1901 2588 1941 2621 ab

1202 2643 1246 2677 eis
1273 2641 1450 2686 respective
1489 2641 1719 2676 inviolabiliter
1754 2641 1941 2682 observari,

1949 247 2039 274 nnc.
2065 246 2130 274 ¹731
2156 232 2158 281 ξ

2157 311 2159 374 l

1979 2275 2099 2297 Clausulas.
