2182 3137
93 181 145 208 An.
166 181 196 208 C.
219 181 285 209 ¹730

131 1671 145 1691 Λ
168 1670 273 1692 solutione

90 1697 219 1727 decimarum
239 1703 273 1718 ex-

91 1726 143 1745 iniit.

159 2478 275 2498 t‘roventus

103 2504 261 2524 errlesiasticos

92 2531 166 2556 quavis
180 2530 275 2550 occasio·

91 2562 117 2579 ne
133 2556 187 2579 male
201 2562 274 2584 perce·

912 180 1053 202 oteness

290 230 483 270 suetudine,
510 230 558 274 rel
584 230 660 262 alias
695 239 732 262 ex
765 228 873 270 aliquo
901 226 1032 270 speciali

289 283 472 327 privilegio,
491 293 551 315 seu
568 283 645 315 alias
664 281 760 315 etiam
786 292 844 324 per
866 290 1033 323 quascum-

289 347 351 379 que
373 336 498 369 litteras
520 346 575 368 seu
602 333 851 367 constitutiones
876 331 1033 375 apostoli-

290 401 342 422 cas
362 399 420 432 pro
446 393 593 430 tempore
620 387 722 420 editas
747 391 895 425 utuntur,
923 385 1033 416 fruun-

292 448 349 481 tur,
377 440 548 484 potiuntur
572 445 603 472 et
628 439 785 482 gaudent,
805 436 924 477 acuti,
952 437 1032 469 frui,

289 493 387 537 potiri
419 497 451 525 et
475 493 616 535 gaudere
654 491 779 535 possint
814 496 846 523 ct
877 494 1033 533 poterunt

288 546 539 590 quomodolibet
563 545 595 578 in
622 545 777 583 futurum,
798 544 918 587 ubique
944 544 1032 577 loco-

289 611 367 639 rum,
386 600 419 632 in
446 599 567 632 iudicio
586 604 616 631 ct
637 603 739 639 extra,
760 598 830 630 sine
851 603 958 630 tamen
978 607 1032 630 eo-

287 653 434 686 rumdem
460 653 660 686 notariorum
682 652 720 685 de
739 662 876 683 numero
901 650 1032 693 partici-

287 706 433 750 pantium
458 704 672 748 praeiudicio,
690 704 752 743 uti,
775 704 853 743 frui,
878 702 975 746 potiri
1001 708 1031 735 et

287 759 430 802 gaudere
451 758 554 791 libere
573 764 606 791 et
622 757 712 790 licite
735 757 880 796 valeant,
900 755 1033 789 realiter

287 817 318 844 et
343 811 469 854 integre
496 811 529 843 in
555 810 709 844 omnibus
743 814 774 842 et
806 819 865 852 per
896 808 1029 848 omnia,

287 864 413 898 etiamsi
439 865 471 897 in
497 863 582 897 Urbe
620 868 650 896 ct
681 863 808 895 civitate
842 861 1030 895 huiusmodi

287 928 351 952 non
377 917 608 958 habitaverint,
632 916 770 960 perinde
788 926 824 948 ac
841 915 867 948 si
894 915 932 948 de
953 925 1030 948 vero

287 971 389 1005 nobili
415 981 534 1013 genere
554 981 590 1003 cx
610 975 747 1013 utroque
773 973 908 1012 parente
935 968 1031 1011 origi-

287 1023 379 1057 nario
405 1030 437 1057 et
457 1022 686 1066 antiquissimo
712 1021 780 1055 cive
807 1020 967 1065 procreati
987 1021 1030 1054 fo-

287 1081 379 1117 rent,
406 1082 438 1109 et
461 1075 650 1109 huiusmodi
676 1074 934 1118 praerogativae,
965 1074 1030 1117 pri-

288 1129 415 1172 vilegia,
441 1129 683 1172 exemptiones,
708 1127 832 1170 gratiae
848 1154 855 1167 ,
881 1127 1007 1160 favores
1023 1161 1030 1175 ‚

287 1182 530 1222 concessiones,
557 1181 682 1214 indulta
708 1186 738 1214 et
763 1180 841 1220 iura,
862 1190 945 1223 quae
972 1191 1030 1224 pro

286 1235 358 1268 aliis
374 1235 538 1268 nobilibus
552 1239 583 1268 et
600 1234 723 1267 civibus
745 1233 930 1276 originariis
951 1244 1029 1266 ema·

285 1293 402 1320 narunt
420 1314 427 1328 ‚
453 1293 485 1320 et
520 1297 603 1330 quae
640 1287 765 1319 ratione
795 1285 973 1319 nobilitatis
1000 1291 1031 1319 et

285 1340 451 1374 civilitatis
485 1340 643 1375 naturalis
671 1346 702 1373 et
727 1339 925 1382 originariae
957 1340 1052 1383 aliis,

286 1399 484 1438 competunt,
503 1404 561 1437 pro
589 1393 711 1427 eisdem
737 1392 890 1436 dapiferis
908 1393 937 1425 in
956 1404 1030 1437 spe-

286 1448 334 1481 cic
361 1452 566 1481 emanassent
595 1457 651 1480 scu
685 1452 892 1487 emanarent,
925 1452 956 1480 et
982 1447 1027 1480 eis

286 1500 478 1534 naturaliter
504 1500 542 1533 de
568 1499 649 1540 iure,
675 1510 747 1540 usu,
774 1500 1025 1540 consuetudine,

286 1554 477 1587 fundatione
497 1555 545 1587 vel
564 1553 641 1586 alias
660 1557 896 1596 competerent,
919 1553 1027 1596 vigore
1048 1575 1050 1590 i

286 1608 507 1652 praesentium
539 1606 758 1649 indulgemus.

329 1661 344 1704 ξ
366 1660 398 1694 3.
427 1661 470 1693 Ac
495 1659 642 1702 singulos
674 1659 838 1702 dapiferos
865 1659 1027 1702 praefatos

285 1726 302 1747 a
327 1713 488 1747 solutione
510 1718 543 1745 et
567 1712 734 1745 exactione
762 1711 960 1744 decimarum
981 1723 1027 1745 cc-

285 1766 537 1800 clesiasticarum
573 1764 696 1808 ubique
737 1765 883 1798 locorum
922 1773 953 1798 et
989 1776 1025 1798 ex

285 1829 488 1863 quacumque
514 1818 719 1862 quantumvis
743 1818 975 1861 urgentissima
996 1825 1027 1852 et

284 1871 525 1916 inexcogitabili
550 1873 643 1905 causa
670 1877 701 1905 et
725 1871 905 1912 occasione,
931 1872 1024 1905 etiam

285 1927 325 1960 ad
350 1926 537 1960 instantiam
562 1924 790 1969 imperatoris,
817 1934 948 1967 regum,
973 1935 1026 1958 re·
1047 1919 1049 1938 ⁵

285 1979 564 2023 rumpublicarum
579 2006 586 2017 ,
614 1979 709 2012 etiam
746 1979 944 2012 Venetorum
961 2007 968 2020 ‚
997 1985 1026 2012 et
1047 1991 1048 2015 3

285 2043 569 2077 quorumcumque
596 2032 731 2065 aliorum
758 2031 941 2075 principum
968 2032 1027 2064 ini-

284 2085 463 2130 positarum
490 2091 521 2119 et
546 2095 603 2129 pro
630 2091 775 2128 tempore
812 2085 1026 2128 in‘iponenda-

283 2149 355 2172 rum
381 2140 470 2183 (non
499 2145 604 2172 tamen
631 2139 840 2178 decimarum,
867 2134 1048 2182 subsidio-J

285 2202 355 2226 rum
379 2199 410 2227 et
435 2203 572 2226 onerum
605 2191 830 2235 impositorum
861 2191 892 2224 in
924 2183 1048 2225 subs-id

286 2245 371 2279 diurn
398 2245 618 2290 expeditionis
643 2250 755 2279 eontra
780 2244 898 2278 'furcas
924 2251 954 2278 ct
975 2234 1048 2286 or-i3

288 2299 446 2333 thodoxae
465 2300 539 2333 fidei
566 2299 699 2343 hostes)
721 2299 897 2332 liberamus
913 2305 944 2332 et
961 2299 1027 2333 cxi-
1046 2287 1049 2346 i

285 2351 410 2393 mimus,
437 2353 623 2396 liberosque
650 2358 680 2386 et
706 2358 872 2396 exemptos
899 2354 965 2386 fore
996 2355 1048 2404 etj

288 2415 357 2438 esse
382 2406 595 2439 decernimus.
1046 2405 1048 2417 ¹

330 2459 345 2501 g
369 2458 400 2491 li.
428 2458 557 2491 Necnon
577 2459 654 2503 ipsis
674 2460 829 2503 dapiferis
847 2470 1025 2504 eorumque
1046 2436 1048 2486 i

286 2511 423 2555 singulis
449 2521 666 2555 quoscumque
693 2513 815 2547 fructus
836 2519 866 2547 et
887 2524 1026 2557 proven·
1046 2536 1047 2581 1

287 2570 336 2598 tus
368 2564 624 2604 ecclesiasticos,
653 2572 714 2599 tam
752 2566 920 2601 occasione
949 2577 1047 2610 petr,

355 2628 438 2658 Ball.
462 2628 548 2657 Rom.
623 2629 685 2657 l'ol.
706 2628 813 2660 XXIII,

959 2629 975 2655 5

1080 180 1124 203 xu
1150 181 1198 203 rr.
1741 171 1783 204 33
1832 182 1878 205 Αιι.
1899 181 1927 206 c.
1949 180 2014 207 ¹730

1076 227 1206 260 sionum
1232 229 1399 262 annuatim
1422 229 1500 272 ipsis
1519 230 1567 263 vel
1587 239 1699 263 eorum
1725 228 1816 261 alicui
1830 243 1876 265 μω
1892 241 1922 261 02³
1943 241 2013 262 rema<

1077 285 1332 322 reservaturum,
1361 293 1457 325 quam
1485 283 1607 316 ratione
1634 270 1863 315 omissionis'¹‘·

1076 333 1276 366 recitationis
1295 335 1449 368 horarum
1476 336 1704 369 canonicarum
1728 335 1819 368 inde-

1076 386 1142 419 bite
1168 392 1353 430 perceptos,
1375 389 1604 432 cuiuscumque
1631 388 1818 432 ‹pianlitatis

1076 439 1207 478 suerint,
1227 440 1365 482 gratiose
1394 441 1586 473 remittimus
1608 447 1639 473 et
1660 442 1819 474 condona·

1076 503 1161 525 mus:
1187 503 1222 525 ac
1243 503 1313 525 cum
1341 493 1386 526 eis
1411 504 1509 536 snper
1534 494 1738 527 inhabilitate
1761 505 1819 537 per

1076 556 1132 578 eos
1159 550 1332 589 propterea
1358 546 1608 589 quomodolibet
1633 549 1818 588 contracta,

1076 599 1124 631 vel
1144 598 1240 631 etiam
1257 609 1291 631 ex
1313 608 1351 631 eo
1370 599 1455 641 quod
1475 599 1621 631 censuris
1639 599 1727 641 ligati
1748 600 1820 632 niis-

1075 661 1124 683 sas
1150 656 1181 684 et
1203 651 1265 684 alia
1291 652 1396 684 divina
1422 651 1526 684 officia
1552 652 1629 693 (non
1657 657 1763 684 tamen
1786 652 1816 685 in

1076 709 1299 747 contemptum
1321 704 1471 746 clavium)
1490 704 1737 743 celebraverint,
1765 712 1819 737 aut

1076 757 1154 790 alias
1180 757 1211 789 in
1236 757 1352 790 divinis
1374 767 1407 789 se
1428 756 1677 795 immiscuerint,
1698 763 1740 795 ut,
1764 758 1817 790 illa

1076 816 1106 843 et
1131 810 1253 843 eisdem
1279 809 1466 853 praemissis
1504 819 1569 841 non
1595 809 1815 850 obstantibus,

1075 862 1113 895 ad
1133 872 1245 896 omnes
1272 862 1368 895 etiam
1393 872 1502 895 sacros
1521 867 1552 894 et
1572 862 1817 905 presbyteratus

1075 915 1219 956 ordines,
1237 912 1313 948 alias
1340 921 1445 948 tamen
1472 915 1540 955 rite,
1561 915 1760 957 promoveri,
1786 921 1818 947 et

1074 968 1107 1000 in
1126 968 1190 1001 illis
1211 968 1307 1001 etiam
1334 967 1493 1011 susceptis
1512 964 1589 1000 alias
1610 967 1667 1000 rite
1685 977 1742 1010 per
1761 978 1816 1000 eos

1075 1021 1245 1054 ordinibus
1273 1026 1305 1053 et
1336 1021 1367 1053 in
1402 1020 1512 1054 altaris
1545 1020 1726 1053 ministerio
1759 1020 1817 1053 mi-

1074 1073 1213 1107 nistrare
1250 1073 1347 1106 etiam
1373 1073 1475 1107 libere
1501 1078 1533 1106 et
1557 1073 1642 1106 licite
1667 1073 1813 1113 valeant,

1075 1128 1315 1170 dispensamus.

1118 1181 1133 1223 g
1159 1180 1189 1213 5.
1217 1181 1261 1213 Ac
1286 1180 1418 1213 eosdem
1445 1181 1617 1224 dapiferos
1644 1180 1668 1213 si
1689 1181 1742 1224 qui
1763 1191 1816 1215 eo·
1843 1191 2012 1222 Διιιοςῑιῑιιιοςιφ-

1075 1244 1144 1267 rum
1161 1234 1320 1267 defectum
1338 1234 1494 1267 natalium
1508 1234 1676 1277 patiuntur
1690 1245 1725 1268 ex
1742 1245 1816 1278 quo·
1828 1221 2011 1267 ffli'ss'iissussifflmn

1074 1298 1211 1331 cumque
1226 1287 1377 1320 damnato
1393 1292 1423 1320 et
1437 1287 1552 1320 illicito
1571 1287 1670 1328 coitu,
1687 1288 1815 1321 etiamsi

1075 1352 1110 1374 ex
1148 1340 1361 1373 nobilissimis
1398 1340 1590 1383 parentibus
1628 1351 1664 1373 ac
1701 1341 1816 1374 vilibus

1050 1386 1052 1412 ἶ
1074 1394 1203 1427 feminis
1238 1394 1347 1426 forsan
1384 1394 1547 1437 procreati
1575 1394 1662 1433 sint,
1689 1394 1814 1427 etiamsi

1074 1447 1246 1491 legitimati
1276 1447 1355 1480 alias
1390 1446 1546 1486 existant,
1574 1446 1813 1489 legitimamus,

1073 1511 1270 1543 omnemque
1289 1500 1327 1533 ab
1349 1500 1413 1532 illis
1436 1499 1605 1542 geniturae
1628 1500 1814 1533 huiusmodi

1072 1554 1231 1586 maculam
1249 1553 1315 1585 sive
1330 1557 1439 1585 notam
1459 1552 1676 1595 abstergimus
1694 1559 1725 1585 et
1740 1554 1816 1586 abo-

1072 1607 1196 1646 lemus,
1231 1617 1267 1639 ac
1302 1605 1454 1649 legitimis
1486 1606 1648 1638 natalibus
1674 1606 1815 1639 restitui-

1072 1670 1159 1693 mus:
1180 1671 1217 1692 ac
1243 1670 1313 1693 cum
1340 1670 1451 1692 eorum
1477 1659 1624 1701 singulis,
1645 1665 1681 1691 ut
1699 1660 1730 1692 in
1749 1660 1815 1703 qni-

1071 1714 1272 1756 buscumque
1298 1712 1391 1745 bonis
1423 1712 1568 1756 paternis
1603 1718 1633 1746 et
1659 1714 1813 1746 maternis

1071 1771 1100 1800 et
1127 1765 1263 1799 aliorum
1286 1765 1600 1808 consanguineorum
1627 1776 1681 1799 seu
1701 1778 1815 1810 cogna-

1073 1826 1187 1860 torum,
1205 1820 1253 1852 rel
1275 1819 1415 1852 aliorum
1435 1830 1714 1863 quortuucumque
1734 1821 1812 1863 (non

1047 1863 1177 1910 {tamen
1216 1872 1397 1906 feudalibus
1422 1878 1452 1905 et
1478 1873 1727 1915 empliyteuticis
1760 1880 1814 1907 aut

1071 1925 1298 1960 ecclesiasticis
1326 1926 1373 1958 vel
1399 1926 1438 1958 ab
1466 1925 1610 1958 Ecclesia
1636 1926 1811 1969 acquisitis,

1070 1991 1106 2013 ae
1133 1979 1202 2012 sine
1229 1978 1428 2022 praeiudicio
1463 1978 1659 2011 venientium
1694 1979 1732 2011 ab
1765 1979 1813 2012 in-

1072 2038 1186 2066 testato
1214 2034 1263 2066 vel
1291 2043 1326 2065 cx
1353 2031 1624 2073 ssdeicommisso,
1653 2043 1708 2065 seu
1736 2033 1812 2067 alias

1071 2087 1109 2120 de
1131 2087 1202 2119 iure
1230 2085 1334 2119 valida
1360 2085 1601 2129 dispositione)
1621 2087 1810 2127 succedere,

1071 2146 1101 2173 et
1119 2141 1173 2173 illa
1199 2139 1385 2173 donationis
1411 2150 1467 2172 seu
1494 2140 1557 2173 alio
1584 2140 1697 2183 quovis
1717 2141 1810 2174 titulo

1070 2193 1226 2238 consequi
1253 2198 1284 2227 et
1309 2193 1442 2233 babere,
1460 2204 1495 2226 ac
1515 2194 1552 2226 ad
1570 2195 1720 2237 aequales
1738 2204 1812 2237 por-

1072 2247 1175 2280 tiones
1202 2256 1275 2280 cum
1302 2246 1455 2289 legitimis
1482 2247 1665 2288 succedere,
1693 2257 1746 2280 cos
1772 2247 1811 2280 ad

1070 2300 1178 2334 omnia
1204 2300 1273 2333 iura
1296 2299 1440 2343 legitima
1470 2306 1502 2333 et
1526 2301 1747 2333 successiones
1773 2312 1810 2334 ex

1072 2357 1265 2387 testamento
1283 2354 1334 2386 vel
1353 2353 1390 2386 ab
1406 2353 1560 2386 intestato
1580 2353 1809 2394 haereditates,

1070 2409 1192 2450 legata,
1211 2407 1380 2440 libertates
1406 2407 1609 2439 restituendo
1636 2413 1667 2439 ct
1692 2407 1810 2441 reinte-

1069 2461 1193 2503 grando
1220 2460 1354 2493 realiter
1372 2465 1491 2493 etcum
1519 2459 1654 2493 effectu:
1682 2471 1808 2495 necnon

1069 2514 1107 2547 ad
1134 2513 1332 2556 dignitates,
1360 2513 1503 2546 honores
1529 2518 1558 2546 et
1584 2524 1807 2558 quaecumque

1070 2567 1130 2600 alia
1149 2566 1253 2601 officia
1270 2565 1448 2602 saecularia
1465 2566 1595 2610 publica
1613 2567 1663 2602 vel
1683 2567 1808 2612 privata
