2182 3137
83 235 132 261 An.
147 232 177 260 C.
199 230 267 258 1734

117 2327 181 2348 mnae
197 2328 224 2347 ad
240 2327 259 2348 iil

80 2354 143 2374 datae
160 2360 172 2374 a
194 2354 260 2375 Paulo

79 2382 136 2408 Papa
151 2381 242 2402 litterae.

887 231 1027 256 CLEMENS
1054 231 1100 256 xn
1124 233 1173 257 PP.

1676 221 1739 256 595

274 280 373 315 circa¹
391 291 504 315 omnes
523 287 555 315 et
574 290 793 325 quascumque
813 290 925 313 causas
942 286 1002 313 tam
1050 281 1134 314 mine
1157 287 1189 315 et
1209 281 1487 316 administratione
1504 281 1685 315 reddituum
1700 291 1781 314 com-

274 334 384 368 civiles
409 346 503 379 quam
528 335 710 368 criminales
736 341 767 368 et
799 334 930 373 mixtas,
965 333 1004 366 ad

274 390 521 422 communitates
556 390 620 423 sive
655 389 881 422 universitates
911 398 1005 430 quas-

273 452 409 486 cumque
448 443 554 476 Status
594 442 810 476 Ecclesiastici
851 441 1004 484 praedicti

274 494 420 529 Romano
456 495 602 529 Pontifici
634 496 774 529 mediate
808 496 856 528 vel
893 495 1005 527 imme-

274 547 359 581 diate
383 548 544 582 subiectas
578 555 639 581 tam
672 549 773 581 active
806 558 902 591 quam
933 558 1006 590 pas-

272 601 337 633 sive
352 602 563 644 pertinentes,
578 613 637 645 per
657 602 837 634 cardinales
861 601 1004 633 eiusdem

273 653 566 697 Congregationis‚
591 655 638 688 vel
665 655 703 687 ab
729 655 774 687 eis
795 653 1006 696 subdelegan-

273 707 346 749 dos,
364 708 533 748 audiendi,
560 707 775 748 discutiendi,
801 707 1004 740 examinandi

274 767 306 795 et
330 762 521 796 terminandi
542 790 549 803 ,
575 772 610 795 ac
635 761 855 795 reassumendi
881 767 913 794 et
933 772 1007 794 avo-

272 815 392 855 candi,
420 825 548 849 necnon
582 815 745 859 quibusvis
778 815 939 848 iudicibus
976 820 1007 848 et

273 869 344 902 aliis
380 869 531 912 personis
566 869 661 902 etiam
698 869 757 902 sub
794 869 938 902 censuris
975 874 1006 902 et

272 923 386 966 poenis
410 922 600 963 inhibendi,
627 933 661 955 ac
687 921 794 956 omnia
813 923 875 956 alia
893 928 924 955 et
942 922 1006 955 sin-

273 976 349 1018 gula
364 975 397 1008 in
414 976 600 1019 supradicta
620 976 853 1009 constitutione
872 980 1005 1009 conteu-

272 1034 303 1062 ta
328 1029 508 1063 executioni
535 1030 763 1070 demandandi,
783 1040 910 1062 necnon
936 1031 1006 1073 plu-

273 1093 308 1117 ra
331 1083 393 1117 alia
417 1083 574 1124 faciendi,
599 1085 750 1127 gerendi,
777 1084 948 1118 ordinandi
975 1090 1007 1116 et

273 1137 468 1181 exequendi,
486 1139 628 1182 plenam,
653 1138 789 1172 liberam
812 1144 843 1171 et
867 1139 1004 1181 amplam

273 1192 516 1232 auctoritatem,
544 1192 723 1225 facultatem
756 1198 787 1225 et
811 1196 1004 1235 potestatem

273 1256 332 1289 per
356 1246 510 1289 quasdam
536 1257 608 1279 suas
626 1246 825 1279 concesserit
839 1251 870 1279 et
887 1246 1006 1289 imper-

274 1299 349 1332 titus
374 1299 482 1332 suerit:
508 1305 538 1333 et
562 1310 643 1339 mox,
663 1310 722 1343 per
735 1299 812 1332 alias
830 1299 1005 1343 respective

273 1352 369 1385 etiam
395 1353 452 1386 sub
478 1354 597 1386 annulo
631 1353 801 1386 Piscatoris
838 1353 868 1385 in
906 1353 1006 1385 forma

273 1405 382 1439 Brevis
407 1407 573 1450 expeditas
599 1406 720 1440 litteras
738 1406 943 1450 apostolicas,
964 1406 1008 1439 iu-

273 1460 429 1493 tentionis
455 1471 531 1494 suae
558 1461 682 1501 fuisse&
702 1461 848 1493 eamdem
865 1460 1007 1503 Congre-

273 1513 435 1556 gationem
461 1514 541 1548 Boni
560 1514 738 1557 Regiminis
753 1524 862 1547 causas
888 1515 1007 1547 solum-

273 1568 370 1601 modo
391 1567 429 1601 ad
447 1567 696 1601 communitates
714 1578 767 1600 seu
781 1567 1007 1601 universitates

272 1621 456 1664 praedictas
481 1631 658 1664 earumque
683 1621 853 1654 redditus³
877 1626 910 1654 et
935 1631 1007 1664 pro-

273 1679 400 1714 ventus,
415 1679 469 1707 aut
487 1679 714 1718 computorum
734 1680 765 1707 et
782 1685 1007 1717 quorumcum-

272 1737 335 1771 que
359 1727 521 1760 bonorum
539 1727 829 1760 administrationis
849 1728 1005 1761 rationem

272 1781 520 1826 quomodolibet
554 1786 737 1825 spectantes
771 1781 862 1823 (uon
899 1788 1006 1815 tamen

271 1846 449 1880 poenarum
483 1835 755 1878 maleficiorum),
783 1847 841 1878 per
872 1847 923 1876 se,
957 1837 1005 1869 vel

272 1890 353 1923 alios
371 1890 642 1933 subdelegandos,
658 1890 822 1930 audiendi,
838 1890 1007 1923 discutien-

272 1943 315 1983 di,
333 1943 549 1983 examinandi,
572 1943 778 1988 expediendi,
799 1944 1004 1983 terminandi,

271 1997 492 2031 reassutnendi
509 2023 516 2036 ,
544 2002 575 2030 et
599 2008 616 2030 a
640 1998 804 2041 quibusvis
829 1997 1006 2038 iudicibus,

272 2052 317 2084 eis
343 2052 438 2085 etiam
464 2051 654 2092 inhibendo,
680 2052 847 2092 avocandi,
874 2052 1007 2085 faculta-

273 2111 336 2139 tem
361 2117 379 2139 a
403 2116 452 2146 se,
478 2110 513 2138 ut
537 2115 647 2149 supra,
675 2115 863 2139 concessam
886 2104 1006 2138 habere

271 2160 502 2194 declaraverit:
525 2159 673 2192 binarum
701 2165 807 2193 autem
826 2159 900 2192 dicti
918 2159 1004 2191 Pauli

271 2213 532 2257 praedecessoris
558 2213 739 2247 litterarum
767 2219 860 2247 tenor
885 2212 1006 2255 pariter

272 2273 320 2300 est
344 2267 397 2311 qui
423 2266 590 2311 sequitur,
616 2266 786 2300 videlicet:

314 2321 443 2355 Paulus
467 2322 561 2364 Papa
590 2321 621 2361 V,
637 2321 680 2354 acl
702 2322 850 2363 saturam
875 2321 924 2353 νεῖ
948 2330 1005 2353 me-

271 2376 422 2409 moriam.
442 2375 616 2419 Cupientes
634 2375 908 2413 constitutiouem,
929 2386 946 2406 a
965 2374 1007 2406 se-

271 2428 341 2462 licis
375 2428 608 2462 recordationis
639 2428 803 2461 Clemente
833 2427 917 2471 Papa
941 2426 1004 2459 Vlll

271 2481 525 2525 praedecessore
552 2487 663 2515 nostro
689 2491 786 2525 super
810 2482 896 2514 bono
920 2479 1005 2522 regi-

308 2563 318 2588 1
341 2560 404 2596 Leg.
425 2561 508 2596 eique
529 2561 568 2587 vel
589 2560 686 2595 eisque
705 2568 752 2595 pro
772 2561 851 2588 circa
871 2565 908 2592 tn.
924 2560 972 2594 T.).

306 2607 323 2633 2
343 2605 460 2633 Pessime
480 2604 544 2632 edit.
564 2604 645 2632 Main.
666 2605 730 2640 legit
748 2605 847 2639 fuisset
866 2607 904 2637 (u.
920 2610 968 2638 T.).

306 2650 322 2677 3
340 2650 407 2679 Male
426 2650 490 2678 edit.
511 2649 591 2679 alain.
612 2649 676 2685 legit
695 2649 804 2678 reditus
824 2650 918 2684 (un).

1048 334 1237 367 munitatum
1253 341 1284 367 et
1301 335 1544 369 universitatum
1559 335 1689 369 ditionis
1706 340 1781 367 tem-

1047 387 1166 429 poralis
1204 389 1436 422 ecclesiastieae
1471 389 1614 428 editam,
1652 388 1779 421 debitae

1048 441 1228 474 executioni
1243 452 1301 485 pro
1317 443 1501 476 earumdem
1516 443 1780 475 communitatum

1049 498 1080 525 et
1112 495 1358 528 universitatum
1399 496 1535 529 utilitate
1574 496 1778 534 demandari,

1048 557 1083 579 ac
1101 547 1139 580 de
1164 548 1319 591 singulari
1345 549 1425 588 side,
1451 550 1623 593 prudentia
1648 555 1679 582 et
1703 550 1781 582 inte-

1049 600 1161 642 gritate
1188 602 1379 635 dilectorum
1406 602 1546 636 filiorum
1572 608 1778 641 nostrorum,

1048 652 1179 686 Mariani
1214 654 1261 688 Ss.
1288 655 1464 688 Marcellini
1491 662 1521 689 et
1546 656 1628 689 Petri
1655 657 1693 688 de
1730 656 1781 688 Ca·

1049 707 1182 747 mei-ino,
1196 708 1314 741 Octavii
1339 708 1370 741 S.
1397 709 1531 742 Sabinae
1558 710 1704 749 Bandini,
1724 709 1782 742 Do-

1050 760 1157 793 minici
1194 762 1224 794 S.
1260 762 1441 804 llonuplirii
1474 763 1590 803 Tusci,
1626 763 1780 795 Dominici

1049 813 1228 857 Gymnasii,
1255 815 1432 848 Innocentii
1459 815 1488 849 S.
1509 815 1648 849 Tliomae
1674 816 1704 849 in
1730 817 1782 849 Pa-

1048 868 1138 901 rione
1154 869 1318 902 titulorum
1337 870 1596 913 presbyterorum
1616 869 1736 909 Bubali,
1752 876 1782 902 et

1049 923 1289 956 Bartholomaei
1316 923 1347 956 S.
1375 923 1490 956 Mariae
1517 923 1548 956 in
1564 924 1693 956 Porticu
1720 924 1783 956 dia-

1048 977 1121 1008 coni
1154 976 1192 1009 de
1225 976 1311 1009 Cesis
1344 982 1615 1020 nuncupatorum,
1646 976 1779 1010 S.R.E.

1048 1029 1268 1071 cardinalium,
1295 1031 1471 1073 plurimum
1497 1030 1528 1062 iu
1554 1030 1689 1063 Domino
1711 1040 1784 1063 con-

1049 1081 1105 1123 tisi,
1131 1083 1252 1116 eisdem
1277 1083 1507 1124 cardinalibus,
1530 1094 1609 1127 quos
1634 1094 1693 1126 pro
1714 1094 1784 1117 exe-

1048 1137 1176 1170 cutione
1195 1137 1298 1170 dictae
1316 1137 1554 1171 constitutionis
1570 1138 1683 1170 harum
1699 1137 1781 1170 serie

1048 1190 1248 1233 deputamus,
1263 1201 1374 1224 omnes
1390 1196 1423 1224 et
1436 1202 1652 1235 quascumque
1671 1201 1781 1224 causas

1049 1249 1111 1277 tatu
1131 1244 1239 1278 civiles
1259 1255 1353 1288 quam
1367 1245 1547 1278 criminales
1562 1251 1592 1278 et
1604 1245 1729 1285 mixtas,
1743 1245 1782 1277 ad

1048 1298 1293 1332 communitates
1317 1304 1348 1332 et
1373 1299 1597 1332 universitates
1615 1309 1783 1342 quascum-

1049 1362 1110 1394 que
1135 1351 1242 1384 Status
1279 1352 1381 1385 nostri
1415 1352 1652 1391 Ecclesiastici,
1688 1351 1783 1385 nobis

1049 1404 1186 1438 mediate
1214 1406 1260 1438 vel
1287 1405 1469 1439 immediate
1499 1405 1659 1438 subiectas
1676 1431 1683 1444 ‚
1721 1411 1782 1438 tam

1049 1458 1147 1492 active
1173 1470 1267 1503 quam
1295 1459 1417 1503 passive
1441 1460 1656 1503 pertinentes,
1674 1469 1732 1502 per
1749 1470 1782 1492 se

1049 1513 1095 1545 vel
1133 1513 1172 1545 ab
1209 1512 1253 1546 eis
1289 1513 1571 1555 subdeleganilos,
1605 1512 1781 1552 audiendi,

1050 1566 1262 1606 discutiendi,
1287 1566 1508 1605 examinandi,
1534 1565 1728 1609 expediendi
1754 1572 1785 1599 et

1051 1619 1255 1660 terminandi,
1274 1630 1309 1652 ac
1327 1619 1433 1652 omnia
1451 1620 1514 1652 alia
1540 1624 1571 1652 et
1594 1619 1730 1662 singula,
1751 1619 1782 1651 in

1050 1674 1163 1707 eadem
1180 1673 1411 1707 constitutione
1428 1678 1589 1713 contenta,
1604 1673 1782 1706 executioni

1049 1726 1283 1766 demandandi,
1299 1737 1335 1759 ac
1349 1737 1408 1769 pro
1420 1727 1555 1759 faciliori
1570 1726 1783 1769 negociorum

1050 1781 1234 1814 huiusmodi
1251 1781 1458 1824 expeditione
1472 1781 1598 1824 aliquos
1612 1781 1784 1824 praelatos„

1049 1841 1101 1868 aut
1117 1836 1195 1868 alias
1212 1845 1377 1878 personas,
1392 1835 1646 1878 iurisprudcntia
1661 1834 1785 1877 praedi-

1050 1896 1107 1928 tas,
1132 1900 1148 1921 a
1174 1889 1268 1922 nobis
1293 1889 1530 1932 approbandas,
1555 1889 1585 1921 in
1612 1898 1684 1921 suos
1709 1898 1785 1921 con-

1049 1944 1186 1976 sultores
1212 1942 1407 1981 adhibendi,
1430 1953 1557 1975 necnon
1579 1942 1721 1985 aliquem
1746 1952 1784 1975 ex

1048 1996 1122 2035 illis,
1147 2002 1201 2030 aut
1224 1996 1322 2029 alium
1343 1996 1493 2029 idoneum
1515 1996 1561 2028 eis
1579 1995 1781 2035 benevisum,

1048 2051 1080 2083 in
1105 2060 1182 2083 suae
1201 2049 1468 2092 Congrcgationis
1495 2049 1704 2082 secretarium
1733 2049 1784 2082 de-

1047 2105 1201 2148 putandi,
1227 2109 1258 2137 ct
1282 2114 1393 2137 causas
1418 2114 1636 2147 quascumque
1662 2114 1784 2137 reassu-

1049 2158 1156 2192 mendi
1183 2164 1214 2191 ct
1237 2157 1406 2198 avocandi,
1428 2167 1556 2190 necnon
1578 2157 1783 2200 quibuscum-

1048 2222 1108 2255 que
1133 2211 1293 2244 iudicibus
1319 2215 1350 2243 et
1375 2210 1445 2243 aliis
1481 2210 1652 2253 personis,
1689 2210 1782 2243 etiam

1048 2265 1107 2298 sub
1132 2264 1277 2298 censuris
1303 2269 1335 2296 et
1368 2263 1500 2306 poenis,
1528 2263 1697 2296 inhibendi
1718 2290 1725 2303 ,
1753 2268 1784 2295 et

1048 2328 1269 2362 quoscumque
1294 2317 1430 2356 citandi,
1457 2317 1551 2349 etiam
1568 2326 1625 2360 per
1641 2316 1782 2349 edictum

1048 2372 1223 2416 publicum,
1241 2370 1382 2404 constito
1407 2371 1446 2404 de
1472 2381 1537 2403 non
1557 2376 1624 2403 tuto
1642 2380 1782 2410 accessu,

1047 2431 1219 2468 ceteraque
1244 2424 1352 2457 omnia
1378 2429 1410 2456 et
1434 2423 1561 2466 singula
1579 2424 1610 2456 in
1631 2423 1784 2467 praemis-

1047 2479 1090 2512 sis
1116 2484 1147 2512 et
1171 2478 1256 2511 circa
1281 2488 1318 2511 ea
1342 2477 1587 2521 quomodolibet
1603 2477 1784 2510 necessaria

1047 2538 1077 2566 et
1101 2536 1285 2576 opportuna
1309 2531 1470 2571 faciendi,
1507 2530 1666 2574 gerendi,
1701 2530 1783 2563 ordi—

1047 2586 1143 2619 nandi
1180 2592 1211 2618 et
1246 2584 1454 2628 exequendi,
1482 2584 1584 2625 itaut,
1611 2584 1781 2617 occasione

1046 2649 1210 2673 causarum
1238 2638 1466 2680 criminalium,
1492 2648 1659 2672 censuram
1685 2638 1781 2670 eccle-

1785 233 1834 258 An.
1854 231 1882 259 C.
1905 232 1974 260 1734
