2182 3137
199 262 248 288 An.
267 261 294 287 c.
315 261 383 287 1732
429 251 492 283 atr»

391 307 595 341 condonandi
625 307 744 339 fructus
770 307 1049 350 qualitercumque
1085 306 1129 339 in·

392 358 499 394 debite
519 364 707 403 perceptos,
727 364 781 392 aut
799 358 1015 402 componendi
1033 369 1130 402 super

392 414 504 445 iisttmu
533 413 711 445 fructibus:

222 507 224 509 ‚
255 469 394 499 ‹tutat-..nutu
434 477 464 499 x.
492 465 683 498 Celebrandi
711 464 862 504 missam,
883 463 1006 497 itineris
1029 464 1129 497 aliave

199 512 582 558 {3213}ssde¹'''''‘o‹:‹·:.si0n‹1,
619 518 649 550 iu
688 528 891 561 quocumque
917 518 1008 558 loco,
1033 528 1130 560 super

392 572 481 604 altari
508 571 674 615 portatili,
701 571 766 603 sive
802 577 890 604 extra
928 577 1051 614 tempus
1091 571 1129 603 ab

391 625 533 657 Ecclesia
570 624 760 665 definitum·‚
798 625 846 656 vel
883 635 948 657 non
981 623 1129 656 servandi

393 679 500 710 omnia
525 683 555 710 et
579 677 708 720 singula
734 678 772 710 ab
792 678 858 720 ipsa
877 677 1021 709 Ecclesia
1038 686 1130 719 prae-

393 737 485 774 repta
521 737 552 764 et
588 731 735 763 ordinata
770 731 852 763 circa
878 730 1129 762 celebrationem

393 785 507 817 missae
533 789 564 817 et
589 783 903 817 administrationem
937 782 1128 815 sanctissimi

391 838 610 870 Eucharistiae
638 836 853 870 sacramenti:

436 901 478 924 xt.
505 890 650 924 Officium
677 890 817 922 divinum
844 889 965 932 absque
988 889 1129 931 legitima

391 946 484 976 causa
504 954 569 976 non
588 943 756 981 recitandi,
772 942 893 974 illudve
912 942 1129 975 commutandi

392 998 422 1030 iu
449 997 527 1030 alias
552 1006 679 1039 preces,
706 995 755 1028 vel
781 1005 882 1038 opera
907 995 971 1039 pia,
994 996 1059 1028 sive
1084 1006 1131 1029 re-

392 1050 509 1083 citandi
536 1060 634 1082 uuum
659 1049 798 1082 osticium
824 1060 882 1092 pro
908 1049 981 1088 atio,
1009 1054 1062 1082 aut
1080 1060 1131 1082 ex-

394 1109 439 1136 tra
479 1109 605 1147 tempus
642 1103 680 1135 ab
712 1102 855 1136 Ecclesia
881 1108 1056 1141 statutum,
1082 1103 1130 1135 vel

393 1168 491 1200 super
514 1156 701 1199 praemissis
726 1167 796 1188 cum
816 1156 886 1189 aliis
907 1156 1131 1199 dispensandi:

435 1219 491 1243 xtt⁴
519 1210 646 1242 Indulta
672 1219 906 1252 quaecumque,
932 1220 948 1242 a
974 1208 1131 1251 regulari-

392 1263 451 1295 bus
476 1263 643 1306 utriusque
669 1262 777 1295 itidem
805 1273 899 1295 sexus
925 1263 1066 1301 obtenta,
1085 1273 1133 1295 vo-

394 1322 457 1349 tum
478 1317 677 1359 paupertatis
697 1316 943 1359 quomodolibet
961 1317 1131 1355 laedentia,

393 1375 445 1402 aut
483 1369 623 1412 regulari
661 1370 906 1410 observantiae,
946 1369 1133 1413 apostolicis

393 1422 687 1461 constitutionibus,
713 1422 903 1465 propriique
928 1421 1056 1455 Ordinis
1078 1433 1132 1455 seu

393 1475 533 1508 instituti
571 1475 696 1508 statutis
737 1475 904 1508 contraria
938 1476 989 1508 vel
1022 1476 1131 1509 adver·

393 1528 513 1569 santia;

437 1592 505 1615 xiil.
534 1581 683 1614 Facultas
708 1581 911 1624 regularibus
945 1582 1134 1625 alloquendi

395 1635 561 1675 moniales,
586 1635 680 1667 etiam
699 1635 970 1678 consanguineas,
990 1636 1132 1679 aliasque

394 1698 550 1732 personas
576 1687 658 1720 intra
676 1689 858 1720 clausuram
878 1688 1042 1730 degentes,
1064 1689 1135 1722 abs-

395 1752 456 1785 que
478 1741 633 1785 peculiari
652 1740 873 1784 superiorum,
892 1742 929 1774 ad
957 1752 1036 1784 quos
1062 1753 1134 1785 quo·

395 1795 634 1837 modocumque
659 1799 801 1837 spectat,
828 1794 979 1833 licentia;

438 1857 500 1881 xrv.
529 1847 667 1887 Indutta,
686 1848 855 1880 facultates
873 1852 905 1880 et
923 1847 1041 1890 gratias
1062 1859 1132 1880 mox

394 1901 516 1941 relata,
543 1910 696 1933 eorumve
722 1900 853 1943 aliqua,
880 1900 910 1932 in
940 1905 1004 1933 toto
1029 1901 1077 1933 vel
1103 1901 1134 1933 in

393 1959 497 1997 parte,
523 1953 691 1987 indefinite
718 1954 766 1986 vel
792 1953 830 1986 ad
858 1958 1008 1996 tempus,
1045 1959 1077 1987 et
1101 1955 1133 1987 in

395 2018 468 2040 casu
494 2006 696 2050 particulari,
724 2017 782 2039 seu
807 2006 869 2040 alio
895 2007 1008 2050 quovis
1026 2008 1133 2049 modo,

394 2061 464 2094 aliis
490 2060 764 2094 communicandi.

238 902 378 929 Dispensanli

198 936 209 949 a
253 933 379 951 recitatione

199 956 270 978 ot‘ticu.

233 1221 380 1246 Paupertatem

198 1247 314 1268 laedentia.

259 1592 381 1619 Alluqtteiuli

200 1620 309 1640 moniales.

228 1857 279 1878 Aliis
292 1863 382 1878 commn-

201 1884 292 1905 nicandr.

217 2121 384 2169 'manet-2535?
438 2115 453 2157 ἓ
476 2114 507 2148 3.
535 2114 621 2152 Quae
648 2115 777 2158 quidem
802 2115 909 2148 omnia
941 2121 971 2148 et
996 2115 1131 2158 singula,

202 2154 311 2196 epiorum.p
396 2167 522 2200 etiamsi
549 2167 607 2200 sub
633 2168 833 2211 quibuslibet
868 2168 939 2201 aliis
966 2174 1134 2211 quantum-

396 2220 442 2254 vis
467 2222 582 2265 amplis
607 2223 778 2255 verborum
810 2222 921 2255 formis
955 2228 987 2255 et
1018 2223 1135 2255 tenori-

396 2275 455 2307 bus
474 2286 628 2308 concessa
646 2280 677 2308 et
691 2275 864 2319 impetrata
879 2275 1006 2316 suerint,
1029 2277 1134 2319 quoad

396 2334 568 2372 utrumque
607 2329 731 2370 sorum,
757 2340 792 2362 ac
827 2330 1041 2372 generaliter,
1069 2330 1134 2363 sive

397 2393 448 2415 res
474 2383 516 2415 sit
540 2383 579 2416 de
604 2393 677 2416 casu
699 2384 835 2423 occulto,
854 2383 919 2416 sive
936 2384 975 2417 de
994 2383 1134 2426 publico,

396 2442 545 2469 revocata
578 2441 609 2469 et
641 2437 793 2479 abrogata
826 2447 897 2470 esse
926 2447 962 2470 ac
997 2437 1134 2479 intelligi

398 2494 429 2521 et
454 2489 577 2522 censeri
604 2489 736 2531 debere,
765 2490 945 2523 statuimus.

206 2546 387 2593 ufftiffimuissfliff}
442 2542 456 2585 ἓ
480 2542 511 2575 4.
539 2543 688 2576 Distriete
709 2549 885 2587 propterea
906 2543 1132 2587 prohibemus,

205 2587 300 2622 indultis.
365 2583 375 2593 b

397 2605 439 2627 ne
465 2596 635 2639 quisquam
662 2597 817 2641 deinceps
842 2597 987 2638 indultis,
1006 2597 1136 2630 faculta-

399 2647 482 2681 tibus
508 2653 540 2682 et
564 2649 676 2692 gratiis
692 2676 700 2691 ‚
727 2650 773 2684 sic
796 2661 855 2694 per
885 2661 942 2685 nos
974 2650 1134 2685 revocatis

977 256 1156 281 BULLARIUM
1180 256 1336 281 ROMANUM

1902 181 1917 194 0

1914 254 1966 282 An.
1981 255 2011 283 C.
2032 256 2099 285 1732

1172 312 1200 338 et
1227 305 1410 348 abrogatis,
1450 305 1612 337 ullatenus
1637 303 1682 336 uti
1709 303 1825 337 audeat
1850 314 1908 337 seu

1173 364 1368 402 praesumat,
1396 358 1454 390 sub
1479 359 1585 402 poena
1606 357 1909 390 excommunicatio-

1173 412 1220 444 nis
1254 423 1289 444 ae
1325 411 1514 455 privationis
1540 410 1738 449 officiorum,
1772 410 1910 453 dignita·-

1174 471 1237 497 tum
1265 470 1295 497 et
1320 464 1505 508 quorumvis
1529 463 1762 497 beneficiorum
1796 463 1909 496 obten-

1175 523 1299 557 torum,
1326 517 1414 550 vocis
1440 517 1560 550 activae
1586 523 1618 550 et
1641 517 1806 560 passivae,
1837 526 1910 549 nec-

1174 581 1236 603 non
1263 569 1478 603 inhabilitatis
1518 570 1556 603 ad
1583 570 1757 603 audiendas
1784 570 1911 603 conses-

1175 624 1306 662 siones,
1333 628 1364 656 ct
1389 624 1426 656 ad
1453 624 1575 663 officia,
1602 623 1774 666 dignitates
1800 628 1832 656 et
1856 623 1911 656 be-

1175 675 1289 709 neficia
1306 676 1493 709 huiusmodi
1511 676 1541 709 in
1561 677 1701 709 futurum
1719 675 1908 717 obtinenda,

1175 729 1245 773 ipso
1273 730 1356 762 facto
1382 730 1502 774 absque
1527 731 1593 763 ulla
1617 730 1676 762 alia
1691 729 1910 763 declaratione

1175 793 1232 826 per
1243 788 1498 825 transgressores
1512 783 1690 826 respective
1702 782 1908 823 incurrendam

1175 846 1192 868 a
1228 846 1291 879 qua
1326 835 1453 868 nonnisi
1489 847 1507 869 a
1541 836 1656 877 nobis,
1684 846 1741 868 seu
1767 835 1911 868 Romano

1175 890 1326 922 Pontit'ice
1347 901 1405 933 pro
1425 896 1570 933 tempore
1586 889 1912 932 existente,praeter-

1175 954 1270 986 quam
1296 944 1400 986 quoad
1428 943 1797 976 excommunicationem
1820 953 1912 986 prae-

1176 998 1269 1030 fatam
1296 997 1326 1030 in
1353 997 1464 1030 mortis
1489 997 1625 1030 articulo
1651 996 1830 1036 constituti,
1857 996 1912 1028 ab·-

1175 1051 1370 1091 solutionis,
1397 1050 1647 1093 dispensationis
1664 1077 1671 1090 ,
1698 1060 1755 1082 seu
1783 1048 1912 1082 rehabi-

1175 1104 1330 1137 litationis
1354 1103 1549 1136 beneficium
1574 1105 1703 1136 valeant
1726 1103 1888 1135 obtinere.

1219 1157 1233 1200 ἓ
1258 1156 1289 1189 5.
1316 1156 1470 1189 Noverint
1494 1156 1630 1199 insuper
1647 1155 1862 1199 poenitentes,
1882 1161 2107 1196 θῑΝιιιιειηᾱίιροη-

1176 1210 1230 1243 alii
1266 1209 1400 1249 fideles,
1428 1209 1671 1249 absolutiones,
1700 1196 2091 1252 dispensatio-‘²²¹⁰uum'⁰²⁰'

1176 1274 1244 1303 nes,
1271 1262 1495 1302 relaxationes,
1522 1262 1802 1303 commutationes,
1839 1272 1913 1296 con-

1175 1317 1396 1356 wilidationes,
1424 1315 1686 1359 compositiones,
1705 1322 1735 1349 et
1753 1316 1814 1348 alia
1832 1315 1914 1349 eius-

1177 1370 1275 1410 modi,
1296 1371 1322 1403 si
1348 1380 1428 1413 quae
1454 1369 1662 1413 imposterum
1690 1374 1803 1402 contra
1828 1369 1913 1402 hanc

1177 1428 1320 1456 nostram
1332 1422 1587 1466 prohibitionem
1595 1417 1810 1462 obtinuerint,
1824 1423 1914 1455 nulla

1178 1478 1259 1517 sore,
1286 1476 1471 1520 nulliusque
1497 1475 1626 1509 roboris
1651 1486 1688 1509 ac
1713 1475 1877 1510 momenti.

1221 1530 1235 1574 ᾗ
1265 1529 1296 1563 6.
1336 1529 1487 1562 Ceterum
1524 1540 1583 1573 per
1618 1534 1811 1572 praesentes
1847 1539 1914 1562 non
1940 1537 2106 1575 ¹otu-mindam}

1178 1584 1375 1617 intendimus
1400 1594 1552 1616 revocare
1579 1583 1764 1627 supradicta
1781 1582 1913 1625 indulta,
1925 1565 2107 1612 diffini-wmn

1179 1638 1359 1677 facultates,
1388 1637 1515 1679 gratias,
1542 1632 1624 1680 quae
1650 1647 1708 1680 per
1724 1636 1851 1680 quasvis
1867 1636 1916 1670 lit-

1180 1696 1262 1724 teras
1287 1690 1489 1733 apostobcas,
1518 1691 1614 1723 etiam
1641 1690 1672 1722 in
1698 1689 1794 1723 simili
1814 1688 1915 1723 forma

1179 1744 1289 1777 Brevis
1308 1743 1475 1787 expeditas
1493 1744 1543 1776 vel
1562 1743 1745 1787 rescriptas,
1765 1754 1781 1776 a
1798 1742 1912 1776 S.R.E.

1178 1797 1341 1840 praefatae
1358 1796 1584 1836 cardinalium,
1604 1801 1659 1829 aut
1676 1796 1841 1828 Romanae
1858 1795 1917 1829 Cu-

1179 1849 1243 1882 riae
1268 1851 1512 1893 praelatorum,
1545 1849 1656 1882 aliisve
1690 1849 1791 1882 almae
1819 1848 1914 1882 Urbis

1178 1902 1489 1946 Congregationibus
1522 1903 1628 1942 edita,
1663 1907 1695 1936 et
1727 1903 1765 1935 ab
1792 1902 1916 1935 eisdem

1177 1956 1485 1999 praedecessoribus
1500 1956 1696 1999 approbata;
1713 1966 1840 1989 necnon
1858 1965 1918 1999 per

1178 2009 1297 2042 dictum
1315 2009 1456 2043 officium
1471 2009 1742 2043 Poenitentiariae
1760 2009 1918 2053 Apostoli-

1178 2074 1233 2096 cae
1252 2063 1523 2107 quandocumque
1542 2073 1696 2096 concessa
1712 2062 1840 2103 suerint,
1859 2072 1917 2096 seu

1179 2116 1414 2150 emanaverint:
1445 2127 1526 2160 quae
1555 2117 1640 2150 salva
1656 2126 1691 2149 ac
1709 2116 1800 2150 firma
1816 2126 1917 2149 rema-

1178 2181 1257 2204 ncre
1281 2172 1439 2204 volumus.

1222 2225 1236 2268 ἓ
1263 2224 1293 2258 7.
1320 2224 1548 2264 Decernentes‚
1576 2224 1707 2257 easdem
1726 2228 1918 2267 praesentes

1178 2277 1314 2316 litteras,
1339 2282 1370 2310 et
1395 2277 1428 2309 in
1446 2276 1491 2310 eis
1511 2282 1676 2318 contenta,
1694 2277 1789 2310 etiam
1816 2287 1854 2310 ex
1878 2287 1917 2310 eo

1180 2330 1267 2373 quod
1303 2329 1462 2373 praedicti
1499 2335 1532 2362 et
1567 2330 1620 2363 alii
1658 2330 1854 2375 quicumque
1884 2330 1919 2364 in

1179 2382 1371 2426 praemissis
1397 2382 1557 2416 interesse
1583 2383 1760 2424 habentes,
1784 2393 1838 2417 seu
1864 2383 1920 2417 ha·

1179 2438 1258 2471 bere
1296 2435 1547 2480 quomodolibet
1578 2437 1852 2480 praetendentes,
1878 2437 1919 2470 ad

1179 2500 1217 2523 ea
1241 2489 1344 2523 vocati
1363 2494 1393 2522 et
1410 2489 1508 2522 auditi
1535 2499 1601 2522 non
1627 2489 1758 2530 suerint,
1776 2490 1815 2523 de
1840 2490 1918 2523 sub-

1179 2543 1339 2587 reptionis
1365 2545 1413 2577 vel
1439 2543 1642 2586 obreptionis
1666 2543 1760 2584 vitio,
1790 2549 1844 2576 aut
1870 2543 1919 2576 in-

1179 2597 1332 2630 tentionis
1369 2601 1499 2630 nostrae
1532 2607 1587 2629 seu
1621 2597 1684 2630 alio
1716 2607 1918 2640 quocumque

1179 2651 1306 2684 defectu
1333 2650 1448 2694 notari,
1474 2650 1669 2694 impugnari,
1694 2650 1858 2694 redargui,
1884 2650 1918 2686 in

1955 2228 2075 2251 ctausutae.

2173 1806 2181 1837 -ο
2170 1578 2182 1791 ῑ-α.”κ,·(-ἃ“.

2165 2182 2182 2337 ‘Mr-
2171 2123 2182 2169 ‚⁴⁹-
2168 2103 2170 2105 “
2166 1955 2182 2084 miv-‘Asu'-
2169 1883 2182 1942 >„‚..
2167 1842 2182 1871 ‚L
