<?xml version="1.0" encoding="UTF-8"?>
<!DOCTYPE html PUBLIC "-//W3C//DTD XHTML 1.0 Transitional//EN"
    "http://www.w3.org/TR/xhtml1/DTD/xhtml1-transitional.dtd">
<html xmlns="http://www.w3.org/1999/xhtml" xml:lang="en" lang="en">
 <head>
  <title>
</title>
<meta http-equiv="Content-Type" content="text/html;charset=utf-8" />
  <meta name='ocr-system' content='tesseract 3.04.00' />
  <meta name='ocr-capabilities' content='ocr_page ocr_carea ocr_par ocr_line ocrx_word'/>
</head>
<body>
  <div class='ocr_page' id='page_1' title='image "./bullarumdiplomat23cath_0397.png"; bbox 0 0 2182 3137; ppageno 0'>
   <div class='ocr_carea' id='block_1_1' title="bbox 55 239 999 1104">
    <p class='ocr_par' dir='ltr' id='par_1_1' title="bbox 55 239 998 608">
     <span class='ocr_line' id='line_1_1' title="bbox 55 239 247 267; baseline 0 -2"><span class='ocrx_word' id='word_1_1' title='bbox 55 241 108 266; x_wconf 56' lang='lat' dir='ltr'>fin.</span> <span class='ocrx_word' id='word_1_2' title='bbox 128 240 158 267; x_wconf 87' lang='lat' dir='ltr'>C.</span> <span class='ocrx_word' id='word_1_3' title='bbox 179 239 247 266; x_wconf 73' lang='lat'><strong>1732</strong></span> 
     </span>
     <span class='ocr_line' id='line_1_2' title="bbox 254 286 995 326; baseline -0.003 -10"><span class='ocrx_word' id='word_1_4' title='bbox 254 291 315 317; x_wconf 91' lang='lat' dir='ltr'>tum</span> <span class='ocrx_word' id='word_1_5' title='bbox 329 311 337 325; x_wconf 89' lang='lat'>‚</span> <span class='ocrx_word' id='word_1_6' title='bbox 361 288 524 326; x_wconf 83' lang='lat' dir='ltr'>genuflexis</span> <span class='ocrx_word' id='word_1_7' title='bbox 546 287 683 317; x_wconf 89' lang='lat' dir='ltr'>omnibus</span> <span class='ocrx_word' id='word_1_8' title='bbox 704 295 802 316; x_wconf 88' lang='lat' dir='ltr'>coram</span> <span class='ocrx_word' id='word_1_9' title='bbox 827 286 995 321; x_wconf 77' lang='lat' dir='ltr'>visitatore,</span> 
     </span>
     <span class='ocr_line' id='line_1_3' title="bbox 252 334 996 376; baseline -0.004 -10"><span class='ocrx_word' id='word_1_10' title='bbox 252 336 353 376; x_wconf 82' lang='lat' dir='ltr'>culpas</span> <span class='ocrx_word' id='word_1_11' title='bbox 388 346 455 366; x_wconf 86' lang='lat' dir='ltr'>suas</span> <span class='ocrx_word' id='word_1_12' title='bbox 486 336 586 366; x_wconf 88' lang='lat' dir='ltr'>dicant</span> <span class='ocrx_word' id='word_1_13' title='bbox 618 335 796 371; x_wconf 86' lang='lat' dir='ltr'>ordinatim,</span> <span class='ocrx_word' id='word_1_14' title='bbox 830 334 996 373; x_wconf 88' lang='lat' dir='ltr'>incipiendo</span> 
     </span>
     <span class='ocr_line' id='line_1_4' title="bbox 253 384 998 423; baseline -0.005 -8"><span class='ocrx_word' id='word_1_15' title='bbox 253 385 289 414; x_wconf 86' lang='lat' dir='ltr'>ab</span> <span class='ocrx_word' id='word_1_16' title='bbox 311 385 414 415; x_wconf 82' lang='lat' dir='ltr'>abbate</span> <span class='ocrx_word' id='word_1_17' title='bbox 442 385 498 414; x_wconf 90' lang='lat' dir='ltr'>loci</span> <span class='ocrx_word' id='word_1_18' title='bbox 531 393 624 423; x_wconf 86' lang='lat' dir='ltr'>usque</span> <span class='ocrx_word' id='word_1_19' title='bbox 652 384 688 413; x_wconf 90' lang='lat' dir='ltr'>ad</span> <span class='ocrx_word' id='word_1_20' title='bbox 718 384 863 413; x_wconf 89' lang='lat' dir='ltr'>iuniorem</span> <span class='ocrx_word' id='word_1_21' title='bbox 898 392 998 412; x_wconf 88' lang='lat' dir='ltr'>mona-</span> 
     </span>
     <span class='ocr_line' id='line_1_5' title="bbox 253 432 998 471; baseline -0.004 -8"><span class='ocrx_word' id='word_1_22' title='bbox 253 434 352 471; x_wconf 88' lang='lat' dir='ltr'>chum,</span> <span class='ocrx_word' id='word_1_23' title='bbox 370 438 398 463; x_wconf 88' lang='lat' dir='ltr'>et</span> <span class='ocrx_word' id='word_1_24' title='bbox 413 434 528 463; x_wconf 86' lang='lat' dir='ltr'>veniam</span> <span class='ocrx_word' id='word_1_25' title='bbox 546 437 647 471; x_wconf 88' lang='lat' dir='ltr'>petant</span> <span class='ocrx_word' id='word_1_26' title='bbox 663 442 677 461; x_wconf 91' lang='lat' dir='ltr'>a</span> <span class='ocrx_word' id='word_1_27' title='bbox 695 432 854 465; x_wconf 84' lang='lat' dir='ltr'>visitatore.</span> <span class='ocrx_word' id='word_1_28' title='bbox 873 432 921 470; x_wconf 83' lang='lat' dir='ltr'>qui</span> <span class='ocrx_word' id='word_1_29' title='bbox 938 432 998 461; x_wconf 92' lang='lat' dir='ltr'>sin-</span> 
     </span>
     <span class='ocr_line' id='line_1_6' title="bbox 252 480 996 520; baseline -0.003 -10"><span class='ocrx_word' id='word_1_30' title='bbox 252 482 328 520; x_wconf 84' lang='lat' dir='ltr'>gulis</span> <span class='ocrx_word' id='word_1_31' title='bbox 350 491 415 511; x_wconf 91' lang='lat' dir='ltr'>cum</span> <span class='ocrx_word' id='word_1_32' title='bbox 439 481 617 511; x_wconf 78' lang='lat' dir='ltr'>discretione</span> <span class='ocrx_word' id='word_1_33' title='bbox 639 485 667 510; x_wconf 88' lang='lat' dir='ltr'>et</span> <span class='ocrx_word' id='word_1_34' title='bbox 699 480 844 510; x_wconf 80' lang='lat' dir='ltr'>charitate</span> <span class='ocrx_word' id='word_1_35' title='bbox 874 489 996 519; x_wconf 88' lang='lat' dir='ltr'>poenam</span> 
     </span>
     <span class='ocr_line' id='line_1_7' title="bbox 252 528 996 568; baseline -0.003 -8"><span class='ocrx_word' id='word_1_36' title='bbox 252 531 386 568; x_wconf 86' lang='lat' dir='ltr'>iniungat</span> <span class='ocrx_word' id='word_1_37' title='bbox 399 530 558 559; x_wconf 88' lang='lat' dir='ltr'>salutarem</span> <span class='ocrx_word' id='word_1_38' title='bbox 573 539 579 558; x_wconf 93' lang='lat'>:</span> <span class='ocrx_word' id='word_1_39' title='bbox 600 538 667 559; x_wconf 81' lang='lat' dir='ltr'>mox</span> <span class='ocrx_word' id='word_1_40' title='bbox 680 529 767 558; x_wconf 82' lang='lat' dir='ltr'>saciat</span> <span class='ocrx_word' id='word_1_41' title='bbox 783 528 996 558; x_wconf 90' lang='lat' dir='ltr'>absolutionem</span> 
     </span>
     <span class='ocr_line' id='line_1_8' title="bbox 252 578 375 608; baseline 0 -1"><span class='ocrx_word' id='word_1_42' title='bbox 252 578 375 608; x_wconf 88' lang='lat' dir='ltr'>dicens:</span> 
     </span>
    </p>

    <p class='ocr_par' dir='ltr' id='par_1_2' title="bbox 331 626 996 664">
     <span class='ocr_line' id='line_1_9' title="bbox 331 626 996 664; baseline -0.003 -9"><span class='ocrx_word' id='word_1_43' title='bbox 331 626 405 656; x_wconf 83' lang='lat' dir='ltr'>Deus</span> <span class='ocrx_word' id='word_1_44' title='bbox 426 626 591 655; x_wconf 73' lang='lat' dir='ltr'>misereatur</span> <span class='ocrx_word' id='word_1_45' title='bbox 622 626 724 662; x_wconf 68' lang='lat' dir='ltr'>rostri,</span> <span class='ocrx_word' id='word_1_46' title='bbox 748 629 811 661; x_wconf 56' lang='lat' dir='ltr'>ete„</span> <span class='ocrx_word' id='word_1_47' title='bbox 844 629 876 654; x_wconf 93' lang='lat' dir='ltr'>ut</span> <span class='ocrx_word' id='word_1_48' title='bbox 909 634 996 664; x_wconf 87' lang='lat' dir='ltr'>supra</span> 
     </span>
    </p>

    <p class='ocr_par' dir='ltr' id='par_1_3' title="bbox 252 674 998 763">
     <span class='ocr_line' id='line_1_10' title="bbox 252 674 998 714; baseline -0.004 -9"><span class='ocrx_word' id='word_1_49' title='bbox 252 685 282 704; x_wconf 89' lang='lat' dir='ltr'>n.</span> <span class='ocrx_word' id='word_1_50' title='bbox 306 684 352 713; x_wconf 85' lang='lat' dir='ltr'>iv,</span> <span class='ocrx_word' id='word_1_51' title='bbox 375 680 464 714; x_wconf 89' lang='lat' dir='ltr'>atque</span> <span class='ocrx_word' id='word_1_52' title='bbox 486 676 526 705; x_wconf 88' lang='lat' dir='ltr'>ita</span> <span class='ocrx_word' id='word_1_53' title='bbox 558 684 622 704; x_wconf 91' lang='lat' dir='ltr'>cum</span> <span class='ocrx_word' id='word_1_54' title='bbox 647 674 745 704; x_wconf 88' lang='lat' dir='ltr'>osculo</span> <span class='ocrx_word' id='word_1_55' title='bbox 769 674 848 713; x_wconf 82' lang='lat' dir='ltr'>pacis</span> <span class='ocrx_word' id='word_1_56' title='bbox 870 674 998 703; x_wconf 85' lang='lat' dir='ltr'>dimittat</span> 
     </span>
     <span class='ocr_line' id='line_1_11' title="bbox 252 725 521 763; baseline -0.004 -9"><span class='ocrx_word' id='word_1_57' title='bbox 252 725 521 763; x_wconf 80' lang='lat' dir='ltr'>congregationem.</span> 
     </span>
    </p>

    <p class='ocr_par' dir='ltr' id='par_1_4' title="bbox 292 771 999 811">
     <span class='ocr_line' id='line_1_12' title="bbox 292 771 999 811; baseline -0.003 -9"><span class='ocrx_word' id='word_1_58' title='bbox 292 781 332 802; x_wconf 79' lang='lat' dir='ltr'>tx.</span> <span class='ocrx_word' id='word_1_59' title='bbox 357 773 388 802; x_wconf 81' lang='lat' dir='ltr'>si</span> <span class='ocrx_word' id='word_1_60' title='bbox 410 773 474 811; x_wconf 89' lang='lat' dir='ltr'>ipse</span> <span class='ocrx_word' id='word_1_61' title='bbox 497 772 643 811; x_wconf 87' lang='lat' dir='ltr'>generalis</span> <span class='ocrx_word' id='word_1_62' title='bbox 676 776 725 801; x_wconf 90' lang='lat' dir='ltr'>aut</span> <span class='ocrx_word' id='word_1_63' title='bbox 757 771 847 801; x_wconf 89' lang='lat' dir='ltr'>abbas</span> <span class='ocrx_word' id='word_1_64' title='bbox 881 771 999 810; x_wconf 90' lang='lat' dir='ltr'>provin-</span> 
     </span>
    </p>

    <p class='ocr_par' dir='ltr' id='par_1_5' title="bbox 254 820 998 858">
     <span class='ocr_line' id='line_1_13' title="bbox 254 820 998 858; baseline -0.003 -7"><span class='ocrx_word' id='word_1_65' title='bbox 254 822 316 851; x_wconf 91' lang='lat' dir='ltr'>ciae</span> <span class='ocrx_word' id='word_1_66' title='bbox 349 822 547 851; x_wconf 88' lang='lat' dir='ltr'>visitationem</span> <span class='ocrx_word' id='word_1_67' title='bbox 579 822 667 858; x_wconf 88' lang='lat' dir='ltr'>facit,</span> <span class='ocrx_word' id='word_1_68' title='bbox 692 825 793 850; x_wconf 87' lang='lat' dir='ltr'>utatur</span> <span class='ocrx_word' id='word_1_69' title='bbox 825 820 998 850; x_wconf 88' lang='lat' dir='ltr'>auctoritate</span> 
     </span>
    </p>

    <p class='ocr_par' dir='ltr' id='par_1_6' title="bbox 252 869 996 900">
     <span class='ocr_line' id='line_1_14' title="bbox 252 869 996 900; baseline -0.001 -1"><span class='ocrx_word' id='word_1_70' title='bbox 252 872 305 900; x_wconf 81' lang='lat' dir='ltr'>sua</span> <span class='ocrx_word' id='word_1_71' title='bbox 328 871 359 900; x_wconf 96' lang='lat' dir='ltr'>in</span> <span class='ocrx_word' id='word_1_72' title='bbox 382 870 564 899; x_wconf 79' lang='lat' dir='ltr'>correctione</span> <span class='ocrx_word' id='word_1_73' title='bbox 587 869 700 899; x_wconf 87' lang='lat' dir='ltr'>abbatis</span> <span class='ocrx_word' id='word_1_74' title='bbox 724 874 752 899; x_wconf 87' lang='lat' dir='ltr'>et</span> <span class='ocrx_word' id='word_1_75' title='bbox 773 869 996 898; x_wconf 86' lang='lat' dir='ltr'>monachorum.</span> 
     </span>
    </p>

    <p class='ocr_par' dir='ltr' id='par_1_7' title="bbox 73 918 999 955">
     <span class='ocr_line' id='line_1_15' title="bbox 73 918 999 955; baseline -0.003 -5"><span class='ocrx_word' id='word_1_76' title='bbox 73 933 153 954; x_wconf 59' lang='lat' dir='ltr'>vflffln</span> <span class='ocrx_word' id='word_1_77' title='bbox 169 934 240 954; x_wconf 54' lang='lat' dir='ltr'>mna.</span> <span class='ocrx_word' id='word_1_78' title='bbox 331 919 361 949; x_wconf 87' lang='lat' dir='ltr'>Si</span> <span class='ocrx_word' id='word_1_79' title='bbox 383 928 453 948; x_wconf 91' lang='lat' dir='ltr'>vero</span> <span class='ocrx_word' id='word_1_80' title='bbox 477 919 566 948; x_wconf 84' lang='lat' dir='ltr'>suerit</span> <span class='ocrx_word' id='word_1_81' title='bbox 589 919 734 955; x_wconf 86' lang='lat' dir='ltr'>vicarius,</span> <span class='ocrx_word' id='word_1_82' title='bbox 758 919 793 948; x_wconf 90' lang='lat' dir='ltr'>ad</span> <span class='ocrx_word' id='word_1_83' title='bbox 816 918 999 948; x_wconf 82' lang='lat' dir='ltr'>substituen-</span> 
     </span>
    </p>

    <p class='ocr_par' dir='ltr' id='par_1_8' title="bbox 55 960 996 1008">
     <span class='ocr_line' id='line_1_16' title="bbox 55 960 996 1008; baseline -0.002 -10"><span class='ocrx_word' id='word_1_84' title='bbox 55 962 182 1008; x_wconf 54' lang='grc' dir='ltr'>ὶξξξμξιζζθ</span> <span class='ocrx_word' id='word_1_85' title='bbox 199 960 239 981; x_wconf 69' lang='lat'>⁵³⁰²</span> <span class='ocrx_word' id='word_1_86' title='bbox 254 971 313 997; x_wconf 89' lang='lat' dir='ltr'>tem</span> <span class='ocrx_word' id='word_1_87' title='bbox 345 968 443 997; x_wconf 89' lang='lat' dir='ltr'>omnia</span> <span class='ocrx_word' id='word_1_88' title='bbox 478 969 606 1004; x_wconf 85' lang='lat' dir='ltr'>reserat;</span> <span class='ocrx_word' id='word_1_89' title='bbox 640 977 698 997; x_wconf 90' lang='lat' dir='ltr'>non</span> <span class='ocrx_word' id='word_1_90' title='bbox 732 972 830 997; x_wconf 87' lang='lat' dir='ltr'>tamen</span> <span class='ocrx_word' id='word_1_91' title='bbox 864 967 996 997; x_wconf 82' lang='lat' dir='ltr'>abbatem</span> 
     </span>
    </p>

    <p class='ocr_par' dir='ltr' id='par_1_9' title="bbox 251 1016 999 1056">
     <span class='ocr_line' id='line_1_17' title="bbox 251 1016 999 1056; baseline 0 -10"><span class='ocrx_word' id='word_1_92' title='bbox 251 1016 308 1046; x_wconf 91' lang='lat' dir='ltr'>loci</span> <span class='ocrx_word' id='word_1_93' title='bbox 331 1016 491 1055; x_wconf 86' lang='lat' dir='ltr'>deponere,</span> <span class='ocrx_word' id='word_1_94' title='bbox 509 1022 559 1046; x_wconf 88' lang='lat' dir='ltr'>aut</span> <span class='ocrx_word' id='word_1_95' title='bbox 581 1016 617 1046; x_wconf 91' lang='lat' dir='ltr'>ab</span> <span class='ocrx_word' id='word_1_96' title='bbox 641 1017 737 1046; x_wconf 84' lang='lat' dir='ltr'>osticio</span> <span class='ocrx_word' id='word_1_97' title='bbox 753 1017 932 1056; x_wconf 79' lang='lat' dir='ltr'>suspendere</span> <span class='ocrx_word' id='word_1_98' title='bbox 949 1026 999 1055; x_wconf 92' lang='lat' dir='ltr'>po-</span> 
     </span>
    </p>

    <p class='ocr_par' dir='ltr' id='par_1_10' title="bbox 256 1065 996 1104">
     <span class='ocr_line' id='line_1_18' title="bbox 256 1065 996 1104; baseline 0 -10"><span class='ocrx_word' id='word_1_99' title='bbox 256 1065 344 1102; x_wconf 87' lang='lat' dir='ltr'>terit,</span> <span class='ocrx_word' id='word_1_100' title='bbox 368 1065 425 1095; x_wconf 87' lang='lat' dir='ltr'>nisi</span> <span class='ocrx_word' id='word_1_101' title='bbox 448 1065 607 1104; x_wconf 86' lang='lat' dir='ltr'>specialem</span> <span class='ocrx_word' id='word_1_102' title='bbox 630 1066 800 1095; x_wconf 80' lang='lat' dir='ltr'>facultatem</span> <span class='ocrx_word' id='word_1_103' title='bbox 824 1065 959 1094; x_wconf 88' lang='lat' dir='ltr'>habuerit</span> <span class='ocrx_word' id='word_1_104' title='bbox 982 1075 996 1093; x_wconf 92' lang='lat' dir='ltr'>a</span> 
     </span>
    </p>
   </div>
   <div class='ocr_carea' id='block_1_2' title="bbox 251 1115 1019 1153">
    <p class='ocr_par' dir='ltr' id='par_1_11' title="bbox 251 1115 1019 1153">
     <span class='ocr_line' id='line_1_19' title="bbox 251 1115 1019 1153; baseline -0.001 -10"><span class='ocrx_word' id='word_1_105' title='bbox 251 1115 479 1152; x_wconf 82' lang='lat' dir='ltr'>congregatione</span> <span class='ocrx_word' id='word_1_106' title='bbox 509 1115 753 1153; x_wconf 80' lang='lat' dir='ltr'>hegumenorum.</span> <span class='ocrx_word' id='word_1_107' title='bbox 777 1115 859 1149; x_wconf 78' lang='lat' dir='ltr'>Quod</span> <span class='ocrx_word' id='word_1_108' title='bbox 891 1115 915 1143; x_wconf 93' lang='lat' dir='ltr'>si</span> <span class='ocrx_word' id='word_1_109' title='bbox 948 1123 1019 1143; x_wconf 75' lang='lat' dir='ltr'>ne-v</span> 
     </span>
    </p>
   </div>
   <div class='ocr_carea' id='block_1_3' title="bbox 250 1163 1000 2628">
    <p class='ocr_par' dir='ltr' id='par_1_12' title="bbox 250 1163 999 1596">
     <span class='ocr_line' id='line_1_20' title="bbox 255 1163 997 1202; baseline -0.001 -9"><span class='ocrx_word' id='word_1_110' title='bbox 255 1163 379 1193; x_wconf 85' lang='lat' dir='ltr'>cessitas</span> <span class='ocrx_word' id='word_1_111' title='bbox 402 1163 534 1202; x_wconf 89' lang='lat' dir='ltr'>requirat.</span> <span class='ocrx_word' id='word_1_112' title='bbox 556 1168 588 1193; x_wconf 90' lang='lat' dir='ltr'>ut</span> <span class='ocrx_word' id='word_1_113' title='bbox 609 1164 784 1193; x_wconf 87' lang='lat' dir='ltr'>monachum</span> <span class='ocrx_word' id='word_1_114' title='bbox 807 1164 843 1193; x_wconf 90' lang='lat' dir='ltr'>de</span> <span class='ocrx_word' id='word_1_115' title='bbox 866 1164 916 1192; x_wconf 91' lang='lat' dir='ltr'>illo</span> <span class='ocrx_word' id='word_1_116' title='bbox 939 1172 997 1192; x_wconf 90' lang='lat' dir='ltr'>mo-</span> 
     </span>
     <span class='ocr_line' id='line_1_21' title="bbox 252 1213 997 1249; baseline 0 -7"><span class='ocrx_word' id='word_1_117' title='bbox 252 1213 386 1242; x_wconf 87' lang='lat' dir='ltr'>nasterio</span> <span class='ocrx_word' id='word_1_118' title='bbox 409 1213 438 1242; x_wconf 92' lang='lat' dir='ltr'>in</span> <span class='ocrx_word' id='word_1_119' title='bbox 471 1213 551 1242; x_wconf 89' lang='lat' dir='ltr'>aliud</span> <span class='ocrx_word' id='word_1_120' title='bbox 580 1214 730 1249; x_wconf 81' lang='lat' dir='ltr'>trasserat,</span> <span class='ocrx_word' id='word_1_121' title='bbox 764 1213 792 1242; x_wconf 89' lang='lat' dir='ltr'>id</span> <span class='ocrx_word' id='word_1_122' title='bbox 823 1213 997 1242; x_wconf 83' lang='lat' dir='ltr'>auctoritate</span> 
     </span>
     <span class='ocr_line' id='line_1_22' title="bbox 250 1261 998 1301; baseline -0.001 -11"><span class='ocrx_word' id='word_1_123' title='bbox 250 1262 306 1290; x_wconf 69' lang='lat' dir='ltr'>&#39;sua</span> <span class='ocrx_word' id='word_1_124' title='bbox 329 1261 424 1291; x_wconf 79' lang='lat' dir='ltr'>facere</span> <span class='ocrx_word' id='word_1_125' title='bbox 451 1263 575 1301; x_wconf 86' lang='lat' dir='ltr'>poterit,</span> <span class='ocrx_word' id='word_1_126' title='bbox 601 1262 624 1291; x_wconf 91' lang='lat' dir='ltr'>si</span> <span class='ocrx_word' id='word_1_127' title='bbox 658 1262 805 1300; x_wconf 79' lang='lat' dir='ltr'>generalis</span> <span class='ocrx_word' id='word_1_128' title='bbox 827 1262 917 1291; x_wconf 86' lang='lat' dir='ltr'>suerit</span> <span class='ocrx_word' id='word_1_129' title='bbox 949 1266 998 1290; x_wconf 87' lang='lat' dir='ltr'>aut</span> 
     </span>
     <span class='ocr_line' id='line_1_23' title="bbox 255 1309 996 1349; baseline 0 -10"><span class='ocrx_word' id='word_1_130' title='bbox 255 1309 344 1339; x_wconf 84' lang='lat' dir='ltr'>abbas</span> <span class='ocrx_word' id='word_1_131' title='bbox 367 1311 553 1349; x_wconf 79' lang='lat' dir='ltr'>provinciae3</span> <span class='ocrx_word' id='word_1_132' title='bbox 579 1311 603 1340; x_wconf 90' lang='lat' dir='ltr'>si</span> <span class='ocrx_word' id='word_1_133' title='bbox 625 1321 694 1341; x_wconf 88' lang='lat' dir='ltr'>vero</span> <span class='ocrx_word' id='word_1_134' title='bbox 718 1311 868 1349; x_wconf 82' lang='lat' dir='ltr'>delegatus</span> <span class='ocrx_word' id='word_1_135' title='bbox 891 1311 996 1347; x_wconf 80' lang='lat' dir='ltr'>fuerit,</span> 
     </span>
     <span class='ocr_line' id='line_1_24' title="bbox 251 1360 998 1399; baseline -0.001 -11"><span class='ocrx_word' id='word_1_136' title='bbox 251 1360 455 1389; x_wconf 86' lang='lat' dir='ltr'>consentiente</span> <span class='ocrx_word' id='word_1_137' title='bbox 478 1360 583 1390; x_wconf 83' lang='lat' dir='ltr'>abbate</span> <span class='ocrx_word' id='word_1_138' title='bbox 606 1361 675 1396; x_wconf 86' lang='lat' dir='ltr'>loci,</span> <span class='ocrx_word' id='word_1_139' title='bbox 696 1360 725 1389; x_wconf 94' lang='lat' dir='ltr'>in</span> <span class='ocrx_word' id='word_1_140' title='bbox 749 1370 806 1399; x_wconf 88' lang='lat' dir='ltr'>quo</span> <span class='ocrx_word' id='word_1_141' title='bbox 829 1365 884 1397; x_wconf 88' lang='lat' dir='ltr'>est,</span> <span class='ocrx_word' id='word_1_142' title='bbox 906 1365 934 1389; x_wconf 90' lang='lat' dir='ltr'>et</span> <span class='ocrx_word' id='word_1_143' title='bbox 951 1360 998 1388; x_wconf 93' lang='lat' dir='ltr'>ab-</span> 
     </span>
     <span class='ocr_line' id='line_1_25' title="bbox 252 1407 999 1448; baseline 0 -11"><span class='ocrx_word' id='word_1_144' title='bbox 252 1407 318 1438; x_wconf 87' lang='lat' dir='ltr'>bate</span> <span class='ocrx_word' id='word_1_145' title='bbox 341 1409 532 1445; x_wconf 88' lang='lat' dir='ltr'>monasterii,</span> <span class='ocrx_word' id='word_1_146' title='bbox 557 1409 592 1438; x_wconf 89' lang='lat' dir='ltr'>ad</span> <span class='ocrx_word' id='word_1_147' title='bbox 615 1409 692 1448; x_wconf 88' lang='lat' dir='ltr'>quod</span> <span class='ocrx_word' id='word_1_148' title='bbox 716 1409 939 1439; x_wconf 81' lang='lat' dir='ltr'>transferendus</span> <span class='ocrx_word' id='word_1_149' title='bbox 955 1414 999 1438; x_wconf 91' lang='lat' dir='ltr'>est</span> 
     </span>
     <span class='ocr_line' id='line_1_26' title="bbox 252 1458 998 1494; baseline 0 -7"><span class='ocrx_word' id='word_1_150' title='bbox 252 1458 425 1493; x_wconf 84' lang='lat' dir='ltr'>inonachus,</span> <span class='ocrx_word' id='word_1_151' title='bbox 443 1458 471 1487; x_wconf 91' lang='lat' dir='ltr'>id</span> <span class='ocrx_word' id='word_1_152' title='bbox 489 1459 593 1494; x_wconf 79' lang='lat' dir='ltr'>saciet;</span> <span class='ocrx_word' id='word_1_153' title='bbox 611 1459 671 1488; x_wconf 88' lang='lat' dir='ltr'>illis</span> <span class='ocrx_word' id='word_1_154' title='bbox 686 1463 784 1488; x_wconf 86' lang='lat' dir='ltr'>autem</span> <span class='ocrx_word' id='word_1_155' title='bbox 801 1459 998 1488; x_wconf 84' lang='lat' dir='ltr'>dissentienti-</span> 
     </span>
     <span class='ocr_line' id='line_1_27' title="bbox 251 1506 807 1545; baseline 0.004 -10"><span class='ocrx_word' id='word_1_156' title='bbox 251 1506 318 1544; x_wconf 83' lang='lat' dir='ltr'>bus,</span> <span class='ocrx_word' id='word_1_157' title='bbox 342 1516 403 1536; x_wconf 90' lang='lat' dir='ltr'>rem</span> <span class='ocrx_word' id='word_1_158' title='bbox 427 1507 461 1536; x_wconf 91' lang='lat' dir='ltr'>ad</span> <span class='ocrx_word' id='word_1_159' title='bbox 485 1507 667 1545; x_wconf 81' lang='lat' dir='ltr'>delegantem</span> <span class='ocrx_word' id='word_1_160' title='bbox 691 1508 807 1537; x_wconf 82' lang='lat' dir='ltr'>reseret.</span> 
     </span>
     <span class='ocr_line' id='line_1_28' title="bbox 293 1557 998 1596; baseline -0.001 -10"><span class='ocrx_word' id='word_1_161' title='bbox 293 1567 321 1586; x_wconf 81' lang='lat' dir='ltr'>x.</span> <span class='ocrx_word' id='word_1_162' title='bbox 346 1557 422 1586; x_wconf 87' lang='lat' dir='ltr'>Ilaec</span> <span class='ocrx_word' id='word_1_163' title='bbox 445 1558 504 1586; x_wconf 86' lang='lat' dir='ltr'>sere</span> <span class='ocrx_word' id='word_1_164' title='bbox 527 1562 605 1593; x_wconf 86' lang='lat' dir='ltr'>sunt,</span> <span class='ocrx_word' id='word_1_165' title='bbox 628 1557 663 1587; x_wconf 89' lang='lat' dir='ltr'>de</span> <span class='ocrx_word' id='word_1_166' title='bbox 679 1557 787 1596; x_wconf 88' lang='lat' dir='ltr'>quibus</span> <span class='ocrx_word' id='word_1_167' title='bbox 804 1557 935 1587; x_wconf 87' lang='lat' dir='ltr'>visitator</span> <span class='ocrx_word' id='word_1_168' title='bbox 954 1557 998 1586; x_wconf 93' lang='lat' dir='ltr'>in-</span> 
     </span>
    </p>

    <p class='ocr_par' dir='ltr' id='par_1_13' title="bbox 253 1605 494 1645">
     <span class='ocr_line' id='line_1_29' title="bbox 253 1605 494 1645; baseline -0.004 -9"><span class='ocrx_word' id='word_1_169' title='bbox 253 1607 370 1645; x_wconf 88' lang='lat' dir='ltr'>quirere</span> <span class='ocrx_word' id='word_1_170' title='bbox 392 1605 494 1636; x_wconf 88' lang='lat' dir='ltr'>debet:</span> 
     </span>
    </p>

    <p class='ocr_par' dir='ltr' id='par_1_14' title="bbox 253 1654 998 1741">
     <span class='ocr_line' id='line_1_30' title="bbox 333 1654 998 1693; baseline -0.002 -8"><span class='ocrx_word' id='word_1_171' title='bbox 333 1657 377 1685; x_wconf 82' lang='lat' dir='ltr'>An</span> <span class='ocrx_word' id='word_1_172' title='bbox 400 1655 509 1693; x_wconf 84' lang='lat' dir='ltr'>singuli</span> <span class='ocrx_word' id='word_1_173' title='bbox 533 1654 660 1684; x_wconf 80' lang='lat' dir='ltr'>debitam</span> <span class='ocrx_word' id='word_1_174' title='bbox 678 1655 775 1684; x_wconf 88' lang='lat' dir='ltr'>abbati</span> <span class='ocrx_word' id='word_1_175' title='bbox 799 1655 998 1685; x_wconf 84' lang='lat' dir='ltr'>obedientiam</span> 
     </span>
     <span class='ocr_line' id='line_1_31' title="bbox 253 1705 430 1741; baseline -0.006 -6"><span class='ocrx_word' id='word_1_176' title='bbox 253 1705 430 1741; x_wconf 79' lang='lat' dir='ltr'>exhibeant3</span> 
     </span>
    </p>

    <p class='ocr_par' dir='ltr' id='par_1_15' title="bbox 253 1754 1000 1843">
     <span class='ocr_line' id='line_1_32' title="bbox 333 1754 1000 1793; baseline 0.001 -10"><span class='ocrx_word' id='word_1_177' title='bbox 333 1755 376 1784; x_wconf 81' lang='lat' dir='ltr'>An</span> <span class='ocrx_word' id='word_1_178' title='bbox 400 1754 490 1783; x_wconf 89' lang='lat' dir='ltr'>abbas</span> <span class='ocrx_word' id='word_1_179' title='bbox 512 1755 608 1784; x_wconf 85' lang='lat' dir='ltr'>officio</span> <span class='ocrx_word' id='word_1_180' title='bbox 631 1764 684 1784; x_wconf 86' lang='lat' dir='ltr'>suo</span> <span class='ocrx_word' id='word_1_181' title='bbox 716 1764 784 1793; x_wconf 86' lang='lat' dir='ltr'>erga</span> <span class='ocrx_word' id='word_1_182' title='bbox 819 1764 920 1784; x_wconf 87' lang='lat' dir='ltr'>omnes</span> <span class='ocrx_word' id='word_1_183' title='bbox 953 1764 1000 1784; x_wconf 88' lang='lat' dir='ltr'>ae-</span> 
     </span>
     <span class='ocr_line' id='line_1_33' title="bbox 253 1804 523 1843; baseline 0 -10"><span class='ocrx_word' id='word_1_184' title='bbox 253 1804 380 1843; x_wconf 87' lang='lat' dir='ltr'>qualiter</span> <span class='ocrx_word' id='word_1_185' title='bbox 402 1808 523 1838; x_wconf 76' lang='lat' dir='ltr'>utatur;</span> 
     </span>
    </p>

    <p class='ocr_par' dir='ltr' id='par_1_16' title="bbox 255 1853 997 1937">
     <span class='ocr_line' id='line_1_34' title="bbox 334 1853 997 1892; baseline 0.002 -10"><span class='ocrx_word' id='word_1_186' title='bbox 334 1853 377 1882; x_wconf 83' lang='lat' dir='ltr'>An</span> <span class='ocrx_word' id='word_1_187' title='bbox 400 1853 478 1882; x_wconf 78' lang='lat' dir='ltr'>inter</span> <span class='ocrx_word' id='word_1_188' title='bbox 500 1862 600 1882; x_wconf 88' lang='lat' dir='ltr'>omnes</span> <span class='ocrx_word' id='word_1_189' title='bbox 622 1857 651 1882; x_wconf 89' lang='lat' dir='ltr'>et</span> <span class='ocrx_word' id='word_1_190' title='bbox 667 1853 798 1891; x_wconf 83' lang='lat' dir='ltr'>singulos</span> <span class='ocrx_word' id='word_1_191' title='bbox 815 1862 871 1892; x_wconf 80' lang='lat' dir='ltr'>pax</span> <span class='ocrx_word' id='word_1_192' title='bbox 887 1857 915 1883; x_wconf 87' lang='lat' dir='ltr'>et</span> <span class='ocrx_word' id='word_1_193' title='bbox 930 1863 997 1883; x_wconf 89' lang='lat' dir='ltr'>con-</span> 
     </span>
     <span class='ocr_line' id='line_1_35' title="bbox 255 1902 529 1937; baseline -0.004 -6"><span class='ocrx_word' id='word_1_194' title='bbox 255 1902 354 1932; x_wconf 89' lang='lat' dir='ltr'>cordia</span> <span class='ocrx_word' id='word_1_195' title='bbox 377 1906 529 1937; x_wconf 78' lang='lat' dir='ltr'>servetur3</span> 
     </span>
    </p>

    <p class='ocr_par' dir='ltr' id='par_1_17' title="bbox 255 1950 999 2233">
     <span class='ocr_line' id='line_1_36' title="bbox 335 1950 998 1989; baseline 0 -9"><span class='ocrx_word' id='word_1_196' title='bbox 335 1951 379 1980; x_wconf 75' lang='lat' dir='ltr'>An</span> <span class='ocrx_word' id='word_1_197' title='bbox 403 1950 440 1980; x_wconf 90' lang='lat' dir='ltr'>sit</span> <span class='ocrx_word' id='word_1_198' title='bbox 463 1950 570 1989; x_wconf 87' lang='lat' dir='ltr'>aliquis</span> <span class='ocrx_word' id='word_1_199' title='bbox 593 1951 805 1989; x_wconf 69' lang='lat' dir='ltr'>proprietarius</span> <span class='ocrx_word' id='word_1_200' title='bbox 829 1952 857 1980; x_wconf 91' lang='lat' dir='ltr'>in</span> <span class='ocrx_word' id='word_1_201' title='bbox 883 1960 998 1980; x_wconf 85' lang='lat' dir='ltr'>monas-</span> 
     </span>
     <span class='ocr_line' id='line_1_37' title="bbox 257 1999 996 2037; baseline 0 -9"><span class='ocrx_word' id='word_1_202' title='bbox 257 1999 355 2037; x_wconf 86' lang='lat' dir='ltr'>terio,</span> <span class='ocrx_word' id='word_1_203' title='bbox 381 1999 425 2028; x_wconf 88' lang='lat' dir='ltr'>vel</span> <span class='ocrx_word' id='word_1_204' title='bbox 457 1999 646 2028; x_wconf 85' lang='lat' dir='ltr'>scandalosus</span> <span class='ocrx_word' id='word_1_205' title='bbox 663 2023 670 2037; x_wconf 87' lang='lat'>,</span> <span class='ocrx_word' id='word_1_206' title='bbox 694 1999 850 2036; x_wconf 84' lang='lat' dir='ltr'>ebriosus,</span> <span class='ocrx_word' id='word_1_207' title='bbox 874 2000 996 2036; x_wconf 79' lang='lat' dir='ltr'>otiosuS‚</span> 
     </span>
     <span class='ocr_line' id='line_1_38' title="bbox 256 2048 998 2087; baseline -0.001 -9"><span class='ocrx_word' id='word_1_208' title='bbox 256 2053 390 2078; x_wconf 86' lang='lat' dir='ltr'>assuetus</span> <span class='ocrx_word' id='word_1_209' title='bbox 419 2048 516 2077; x_wconf 89' lang='lat' dir='ltr'>iurare</span> <span class='ocrx_word' id='word_1_210' title='bbox 549 2048 594 2077; x_wconf 90' lang='lat' dir='ltr'>vel</span> <span class='ocrx_word' id='word_1_211' title='bbox 629 2049 723 2087; x_wconf 84' lang='lat' dir='ltr'>turpia</span> <span class='ocrx_word' id='word_1_212' title='bbox 758 2049 857 2087; x_wconf 84' lang='lat' dir='ltr'>loqui,</span> <span class='ocrx_word' id='word_1_213' title='bbox 882 2053 998 2077; x_wconf 83' lang='lat' dir='ltr'>notatus</span> 
     </span>
     <span class='ocr_line' id='line_1_39' title="bbox 256 2097 999 2136; baseline 0 -10"><span class='ocrx_word' id='word_1_214' title='bbox 256 2097 291 2127; x_wconf 87' lang='lat' dir='ltr'>de</span> <span class='ocrx_word' id='word_1_215' title='bbox 312 2099 448 2136; x_wconf 78' lang='lat' dir='ltr'>suspecta</span> <span class='ocrx_word' id='word_1_216' title='bbox 471 2097 669 2126; x_wconf 77' lang='lat' dir='ltr'>familiaritate</span> <span class='ocrx_word' id='word_1_217' title='bbox 687 2098 763 2127; x_wconf 88' lang='lat' dir='ltr'>intra</span> <span class='ocrx_word' id='word_1_218' title='bbox 781 2098 825 2127; x_wconf 88' lang='lat' dir='ltr'>vel</span> <span class='ocrx_word' id='word_1_219' title='bbox 842 2102 922 2127; x_wconf 78' lang='lat' dir='ltr'>extra</span> <span class='ocrx_word' id='word_1_220' title='bbox 940 2107 999 2126; x_wconf 83' lang='lat' dir='ltr'>uio-</span> 
     </span>
     <span class='ocr_line' id='line_1_40' title="bbox 257 2145 999 2182; baseline 0.003 -8"><span class='ocrx_word' id='word_1_221' title='bbox 257 2145 433 2182; x_wconf 89' lang='lat' dir='ltr'>nasterium,</span> <span class='ocrx_word' id='word_1_222' title='bbox 457 2155 524 2174; x_wconf 90' lang='lat' dir='ltr'>cum</span> <span class='ocrx_word' id='word_1_223' title='bbox 554 2145 692 2175; x_wconf 89' lang='lat' dir='ltr'>scandalo</span> <span class='ocrx_word' id='word_1_224' title='bbox 721 2146 810 2175; x_wconf 88' lang='lat' dir='ltr'>alium</span> <span class='ocrx_word' id='word_1_225' title='bbox 844 2156 899 2175; x_wconf 90' lang='lat' dir='ltr'>non</span> <span class='ocrx_word' id='word_1_226' title='bbox 930 2147 999 2176; x_wconf 89' lang='lat' dir='ltr'>allo-</span> 
     </span>
     <span class='ocr_line' id='line_1_41' title="bbox 255 2193 788 2233; baseline 0 -10"><span class='ocrx_word' id='word_1_227' title='bbox 255 2203 360 2233; x_wconf 87' lang='lat' dir='ltr'>quens,</span> <span class='ocrx_word' id='word_1_228' title='bbox 384 2193 511 2231; x_wconf 80' lang='lat' dir='ltr'>rixosus,</span> <span class='ocrx_word' id='word_1_229' title='bbox 535 2195 788 2231; x_wconf 42' lang='lat' dir='ltr'>contumeliosum</span> 
     </span>
    </p>

    <p class='ocr_par' dir='ltr' id='par_1_18' title="bbox 257 2242 999 2576">
     <span class='ocr_line' id='line_1_42' title="bbox 335 2242 999 2283; baseline 0.005 -11"><span class='ocrx_word' id='word_1_230' title='bbox 335 2243 379 2272; x_wconf 80' lang='lat' dir='ltr'>An</span> <span class='ocrx_word' id='word_1_231' title='bbox 402 2242 437 2272; x_wconf 87' lang='lat' dir='ltr'>ab</span> <span class='ocrx_word' id='word_1_232' title='bbox 466 2243 602 2272; x_wconf 82' lang='lat' dir='ltr'>omnibus</span> <span class='ocrx_word' id='word_1_233' title='bbox 635 2243 806 2274; x_wconf 79' lang='lat' dir='ltr'>observetur</span> <span class='ocrx_word' id='word_1_234' title='bbox 838 2245 937 2283; x_wconf 75' lang='lat' dir='ltr'>regula</span> <span class='ocrx_word' id='word_1_235' title='bbox 971 2250 999 2275; x_wconf 85' lang='lat' dir='ltr'>et</span> 
     </span>
     <span class='ocr_line' id='line_1_43' title="bbox 260 2292 998 2332; baseline 0.003 -11"><span class='ocrx_word' id='word_1_236' title='bbox 260 2292 486 2322; x_wconf 72' lang='lat' dir='ltr'>constitutiones</span> <span class='ocrx_word' id='word_1_237' title='bbox 509 2293 604 2332; x_wconf 91' lang='lat' dir='ltr'>quoad</span> <span class='ocrx_word' id='word_1_238' title='bbox 620 2293 752 2322; x_wconf 89' lang='lat' dir='ltr'>divinum</span> <span class='ocrx_word' id='word_1_239' title='bbox 770 2294 910 2331; x_wconf 85' lang='lat' dir='ltr'>osticium,</span> <span class='ocrx_word' id='word_1_240' title='bbox 929 2304 998 2323; x_wconf 91' lang='lat' dir='ltr'>con-</span> 
     </span>
     <span class='ocr_line' id='line_1_44' title="bbox 257 2342 999 2380; baseline 0.003 -10"><span class='ocrx_word' id='word_1_241' title='bbox 257 2342 425 2379; x_wconf 87' lang='lat' dir='ltr'>sessionem,</span> <span class='ocrx_word' id='word_1_242' title='bbox 449 2342 702 2380; x_wconf 82' lang='lat' dir='ltr'>communionem,</span> <span class='ocrx_word' id='word_1_243' title='bbox 732 2343 894 2372; x_wconf 87' lang='lat' dir='ltr'>orationem</span> <span class='ocrx_word' id='word_1_244' title='bbox 919 2352 999 2373; x_wconf 82' lang='lat' dir='ltr'>men-</span> 
     </span>
     <span class='ocr_line' id='line_1_45' title="bbox 258 2391 999 2429; baseline 0.001 -9"><span class='ocrx_word' id='word_1_245' title='bbox 258 2391 362 2427; x_wconf 86' lang='lat' dir='ltr'>talem,</span> <span class='ocrx_word' id='word_1_246' title='bbox 397 2391 557 2428; x_wconf 87' lang='lat' dir='ltr'>ieiunium,</span> <span class='ocrx_word' id='word_1_247' title='bbox 592 2392 798 2428; x_wconf 77' lang='lat' dir='ltr'>refectorium,</span> <span class='ocrx_word' id='word_1_248' title='bbox 836 2393 999 2429; x_wconf 89' lang='lat' dir='ltr'>silentium,</span> 
     </span>
     <span class='ocr_line' id='line_1_46' title="bbox 259 2439 999 2481; baseline 0.004 -13"><span class='ocrx_word' id='word_1_249' title='bbox 259 2439 375 2478; x_wconf 78' lang='lat' dir='ltr'>aliaque</span> <span class='ocrx_word' id='word_1_250' title='bbox 397 2440 617 2469; x_wconf 78' lang='lat' dir='ltr'>communitatis</span> <span class='ocrx_word' id='word_1_251' title='bbox 651 2440 746 2470; x_wconf 75' lang='lat' dir='ltr'>assicia</span> <span class='ocrx_word' id='word_1_252' title='bbox 761 2464 769 2477; x_wconf 89' lang='lat'>,</span> <span class='ocrx_word' id='word_1_253' title='bbox 793 2446 820 2470; x_wconf 89' lang='lat' dir='ltr'>et</span> <span class='ocrx_word' id='word_1_254' title='bbox 854 2443 999 2481; x_wconf 87' lang='lat' dir='ltr'>quomodo</span> 
     </span>
     <span class='ocr_line' id='line_1_47' title="bbox 258 2488 999 2520; baseline 0.004 -3"><span class='ocrx_word' id='word_1_255' title='bbox 258 2488 335 2518; x_wconf 87' lang='lat' dir='ltr'>ritus</span> <span class='ocrx_word' id='word_1_256' title='bbox 366 2495 395 2520; x_wconf 90' lang='lat' dir='ltr'>et</span> <span class='ocrx_word' id='word_1_257' title='bbox 428 2489 629 2519; x_wconf 87' lang='lat' dir='ltr'>caeremoniae</span> <span class='ocrx_word' id='word_1_258' title='bbox 652 2489 868 2520; x_wconf 84' lang='lat' dir='ltr'>ecclesiasticae</span> <span class='ocrx_word' id='word_1_259' title='bbox 901 2491 999 2520; x_wconf 88' lang='lat' dir='ltr'>obser-</span> 
     </span>
     <span class='ocr_line' id='line_1_48' title="bbox 257 2544 378 2576; baseline 0.008 -8"><span class='ocrx_word' id='word_1_260' title='bbox 257 2544 378 2576; x_wconf 87' lang='lat' dir='ltr'>ventur;</span> 
     </span>
    </p>

    <p class='ocr_par' dir='ltr' id='par_1_19' title="bbox 337 2588 1000 2628">
     <span class='ocr_line' id='line_1_49' title="bbox 337 2588 1000 2628; baseline 0.003 -10"><span class='ocrx_word' id='word_1_261' title='bbox 337 2588 381 2618; x_wconf 82' lang='lat' dir='ltr'>An</span> <span class='ocrx_word' id='word_1_262' title='bbox 404 2589 515 2628; x_wconf 87' lang='lat' dir='ltr'>aliquid</span> <span class='ocrx_word' id='word_1_263' title='bbox 537 2589 622 2626; x_wconf 74' lang='lat' dir='ltr'>desit,</span> <span class='ocrx_word' id='word_1_264' title='bbox 647 2589 690 2619; x_wconf 87' lang='lat' dir='ltr'>vel</span> <span class='ocrx_word' id='word_1_265' title='bbox 713 2590 894 2628; x_wconf 83' lang='lat' dir='ltr'>superfluum</span> <span class='ocrx_word' id='word_1_266' title='bbox 917 2590 955 2620; x_wconf 84' lang='lat' dir='ltr'>sit</span> <span class='ocrx_word' id='word_1_267' title='bbox 971 2591 1000 2620; x_wconf 92' lang='lat' dir='ltr'>in</span> 
     </span>
    </p>
   </div>
   <div class='ocr_carea' id='block_1_4' title="bbox 53 1569 241 1649">
    <p class='ocr_par' dir='ltr' id='par_1_20' title="bbox 53 1569 241 1649">
     <span class='ocr_line' id='line_1_50' title="bbox 74 1569 241 1596; baseline -0.006 -6"><span class='ocrx_word' id='word_1_268' title='bbox 74 1569 105 1590; x_wconf 75' lang='lat' dir='ltr'>De</span> <span class='ocrx_word' id='word_1_269' title='bbox 122 1570 198 1596; x_wconf 84' lang='lat' dir='ltr'>quibus</span> <span class='ocrx_word' id='word_1_270' title='bbox 212 1570 241 1589; x_wconf 88' lang='lat' dir='ltr'>vi-</span> 
     </span>
     <span class='ocr_line' id='line_1_51' title="bbox 54 1596 241 1626; baseline 0 -10"><span class='ocrx_word' id='word_1_271' title='bbox 54 1597 132 1626; x_wconf 75' lang='lat' dir='ltr'>sitator</span> <span class='ocrx_word' id='word_1_272' title='bbox 161 1596 241 1618; x_wconf 76' lang='lat' dir='ltr'>debeat</span> 
     </span>
     <span class='ocr_line' id='line_1_52' title="bbox 53 1629 171 1649; baseline 0 -5"><span class='ocrx_word' id='word_1_273' title='bbox 53 1629 171 1649; x_wconf 79' lang='lat' dir='ltr'>inquirere.</span> 
     </span>
    </p>
   </div>
   <div class='ocr_carea' id='block_1_5' title="bbox 259 2636 1023 2677">
    <p class='ocr_par' dir='ltr' id='par_1_21' title="bbox 259 2636 1023 2677">
     <span class='ocr_line' id='line_1_53' title="bbox 259 2636 1023 2677; baseline 0.005 -12"><span class='ocrx_word' id='word_1_274' title='bbox 259 2636 350 2674; x_wconf 87' lang='lat' dir='ltr'>victu,</span> <span class='ocrx_word' id='word_1_275' title='bbox 373 2641 455 2676; x_wconf 85' lang='lat' dir='ltr'>potu,</span> <span class='ocrx_word' id='word_1_276' title='bbox 479 2637 602 2671; x_wconf 69' lang='lat' dir='ltr'>vestitu3</span> <span class='ocrx_word' id='word_1_277' title='bbox 626 2642 653 2666; x_wconf 76' lang='lat' dir='ltr'>et</span> <span class='ocrx_word' id='word_1_278' title='bbox 676 2639 821 2676; x_wconf 75' lang='lat' dir='ltr'>quomodo</span> <span class='ocrx_word' id='word_1_279' title='bbox 837 2643 1000 2669; x_wconf 72' lang='lat' dir='ltr'>tractentur</span> <span class='ocrx_word' id='word_1_280' title='bbox 1021 2668 1023 2677; x_wconf 29' lang='grc' dir='ltr'>Α</span> 
     </span>
    </p>
   </div>
   <div class='ocr_carea' id='block_1_6' title="bbox 867 239 1156 263">
    <p class='ocr_par' dir='ltr' id='par_1_22' title="bbox 867 239 1156 263">
     <span class='ocr_line' id='line_1_54' title="bbox 867 239 1156 263; baseline 0 -1"><span class='ocrx_word' id='word_1_281' title='bbox 867 239 1009 262; x_wconf 81' lang='lat' dir='ltr'>CLEMENS</span> <span class='ocrx_word' id='word_1_282' title='bbox 1036 240 1082 262; x_wconf 75' lang='lat' dir='ltr'>xl!</span> <span class='ocrx_word' id='word_1_283' title='bbox 1108 241 1156 263; x_wconf 85' lang='lat' dir='ltr'>PP.</span> 
     </span>
    </p>
   </div>
   <div class='ocr_carea' id='block_1_7' title="bbox 1015 381 1023 1796">
    <p class='ocr_par' dir='ltr' id='par_1_23' title="bbox 1015 381 1023 1796">
     <span class='ocr_line' id='line_1_55' title="bbox 1015 381 1023 1796; baseline 0 0"><span class='ocrx_word' id='word_1_284' title='bbox 1015 381 1023 1796; x_wconf 95' lang='lat' dir='ltr'> </span> 
     </span>
    </p>
   </div>
   <div class='ocr_carea' id='block_1_8' title="bbox 1678 229 1745 263">
    <p class='ocr_par' dir='ltr' id='par_1_24' title="bbox 1678 229 1745 263">
     <span class='ocr_line' id='line_1_56' title="bbox 1678 229 1745 263; baseline -0.03 0"><span class='ocrx_word' id='word_1_285' title='bbox 1678 229 1745 263; x_wconf 79' lang='lat'>375</span> 
     </span>
    </p>
   </div>
   <div class='ocr_carea' id='block_1_9' title="bbox 1038 286 1783 862">
    <p class='ocr_par' dir='ltr' id='par_1_25' title="bbox 1038 286 1778 375">
     <span class='ocr_line' id='line_1_57' title="bbox 1039 286 1778 327; baseline 0 -11"><span class='ocrx_word' id='word_1_286' title='bbox 1039 286 1073 316; x_wconf 87' lang='lat' dir='ltr'>ab</span> <span class='ocrx_word' id='word_1_287' title='bbox 1095 287 1201 317; x_wconf 87' lang='lat' dir='ltr'>abbate</span> <span class='ocrx_word' id='word_1_288' title='bbox 1224 292 1282 317; x_wconf 85' lang='lat' dir='ltr'>tam</span> <span class='ocrx_word' id='word_1_289' title='bbox 1306 288 1441 318; x_wconf 87' lang='lat' dir='ltr'>monachi</span> <span class='ocrx_word' id='word_1_290' title='bbox 1464 288 1527 318; x_wconf 83' lang='lat' dir='ltr'>sani</span> <span class='ocrx_word' id='word_1_291' title='bbox 1550 296 1638 327; x_wconf 88' lang='lat' dir='ltr'>quam</span> <span class='ocrx_word' id='word_1_292' title='bbox 1666 287 1778 317; x_wconf 77' lang='lat' dir='ltr'>infirmi</span> 
     </span>
     <span class='ocr_line' id='line_1_58' title="bbox 1038 336 1238 375; baseline 0.01 -11"><span class='ocrx_word' id='word_1_293' title='bbox 1038 340 1065 364; x_wconf 92' lang='lat' dir='ltr'>et</span> <span class='ocrx_word' id='word_1_294' title='bbox 1089 336 1238 375; x_wconf 80' lang='lat' dir='ltr'>hospites;</span> 
     </span>
    </p>

    <p class='ocr_par' dir='ltr' id='par_1_26' title="bbox 1038 383 1782 511">
     <span class='ocr_line' id='line_1_59' title="bbox 1118 383 1780 419; baseline 0.002 -6"><span class='ocrx_word' id='word_1_295' title='bbox 1118 383 1267 418; x_wconf 83' lang='lat' dir='ltr'>Quomodo</span> <span class='ocrx_word' id='word_1_296' title='bbox 1286 386 1421 415; x_wconf 86' lang='lat' dir='ltr'>monachi</span> <span class='ocrx_word' id='word_1_297' title='bbox 1437 385 1567 415; x_wconf 85' lang='lat' dir='ltr'>iuniores</span> <span class='ocrx_word' id='word_1_298' title='bbox 1583 386 1780 419; x_wconf 79' lang='lat' dir='ltr'>instruantur,</span> 
     </span>
     <span class='ocr_line' id='line_1_60' title="bbox 1038 432 1782 472; baseline 0.004 -12"><span class='ocrx_word' id='word_1_299' title='bbox 1038 435 1067 460; x_wconf 90' lang='lat' dir='ltr'>et</span> <span class='ocrx_word' id='word_1_300' title='bbox 1089 432 1138 470; x_wconf 89' lang='lat' dir='ltr'>qui</span> <span class='ocrx_word' id='word_1_301' title='bbox 1161 433 1220 461; x_wconf 93' lang='lat' dir='ltr'>sint</span> <span class='ocrx_word' id='word_1_302' title='bbox 1242 443 1338 463; x_wconf 88' lang='lat' dir='ltr'>mores</span> <span class='ocrx_word' id='word_1_303' title='bbox 1359 434 1555 464; x_wconf 88' lang='lat' dir='ltr'>saecularium</span> <span class='ocrx_word' id='word_1_304' title='bbox 1588 434 1639 472; x_wconf 90' lang='lat' dir='ltr'>qui</span> <span class='ocrx_word' id='word_1_305' title='bbox 1661 438 1730 463; x_wconf 87' lang='lat' dir='ltr'>sunt</span> <span class='ocrx_word' id='word_1_306' title='bbox 1750 433 1782 463; x_wconf 90' lang='lat' dir='ltr'>in</span> 
     </span>
     <span class='ocr_line' id='line_1_61' title="bbox 1040 481 1383 511; baseline 0.012 -4"><span class='ocrx_word' id='word_1_307' title='bbox 1040 481 1217 509; x_wconf 87' lang='lat' dir='ltr'>monasterio</span> <span class='ocrx_word' id='word_1_308' title='bbox 1240 482 1383 511; x_wconf 87' lang='lat' dir='ltr'>coenobii.</span> 
     </span>
    </p>

    <p class='ocr_par' dir='ltr' id='par_1_27' title="bbox 1040 528 1783 753">
     <span class='ocr_line' id='line_1_62' title="bbox 1079 528 1783 571; baseline 0.009 -15"><span class='ocrx_word' id='word_1_309' title='bbox 1079 537 1118 557; x_wconf 84' lang='lat' dir='ltr'>xi.</span> <span class='ocrx_word' id='word_1_310' title='bbox 1143 528 1212 557; x_wconf 75' lang='lat' dir='ltr'>Acta</span> <span class='ocrx_word' id='word_1_311' title='bbox 1235 531 1333 558; x_wconf 89' lang='lat' dir='ltr'>omnia</span> <span class='ocrx_word' id='word_1_312' title='bbox 1356 540 1370 559; x_wconf 91' lang='lat' dir='ltr'>a</span> <span class='ocrx_word' id='word_1_313' title='bbox 1395 532 1553 561; x_wconf 89' lang='lat' dir='ltr'>secretario</span> <span class='ocrx_word' id='word_1_314' title='bbox 1587 537 1708 571; x_wconf 85' lang='lat' dir='ltr'>excepta</span> <span class='ocrx_word' id='word_1_315' title='bbox 1743 533 1783 562; x_wconf 91' lang='lat' dir='ltr'>si-</span> 
     </span>
     <span class='ocr_line' id='line_1_63' title="bbox 1040 577 1782 616; baseline 0.009 -12"><span class='ocrx_word' id='word_1_316' title='bbox 1040 577 1169 616; x_wconf 81' lang='lat' dir='ltr'>gilloque</span> <span class='ocrx_word' id='word_1_317' title='bbox 1193 578 1304 607; x_wconf 84' lang='lat' dir='ltr'>inunita</span> <span class='ocrx_word' id='word_1_318' title='bbox 1338 579 1368 608; x_wconf 95' lang='lat' dir='ltr'>in</span> <span class='ocrx_word' id='word_1_319' title='bbox 1401 580 1564 609; x_wconf 83' lang='lat' dir='ltr'>archivium</span> <span class='ocrx_word' id='word_1_320' title='bbox 1595 580 1714 611; x_wconf 88' lang='lat' dir='ltr'>Ordinis</span> <span class='ocrx_word' id='word_1_321' title='bbox 1735 581 1782 611; x_wconf 90' lang='lat' dir='ltr'>in-</span> 
     </span>
     <span class='ocr_line' id='line_1_64' title="bbox 1040 625 1777 667; baseline 0.009 -14"><span class='ocrx_word' id='word_1_322' title='bbox 1040 625 1134 661; x_wconf 76' lang='lat' dir='ltr'>serat,</span> <span class='ocrx_word' id='word_1_323' title='bbox 1159 630 1186 655; x_wconf 90' lang='lat' dir='ltr'>et</span> <span class='ocrx_word' id='word_1_324' title='bbox 1217 626 1240 655; x_wconf 91' lang='lat' dir='ltr'>si</span> <span class='ocrx_word' id='word_1_325' title='bbox 1270 627 1397 656; x_wconf 85' lang='lat' dir='ltr'>vicarius</span> <span class='ocrx_word' id='word_1_326' title='bbox 1418 628 1479 658; x_wconf 79' lang='lat' dir='ltr'>sive</span> <span class='ocrx_word' id='word_1_327' title='bbox 1501 629 1653 667; x_wconf 81' lang='lat' dir='ltr'>delegatus</span> <span class='ocrx_word' id='word_1_328' title='bbox 1677 631 1777 667; x_wconf 82' lang='lat' dir='ltr'>suerit,</span> 
     </span>
     <span class='ocr_line' id='line_1_65' title="bbox 1040 673 1779 716; baseline 0.009 -14"><span class='ocrx_word' id='word_1_329' title='bbox 1040 674 1075 703; x_wconf 89' lang='lat' dir='ltr'>ad</span> <span class='ocrx_word' id='word_1_330' title='bbox 1096 673 1231 703; x_wconf 88' lang='lat' dir='ltr'>abbatem</span> <span class='ocrx_word' id='word_1_331' title='bbox 1254 676 1420 712; x_wconf 84' lang='lat' dir='ltr'>generalem</span> <span class='ocrx_word' id='word_1_332' title='bbox 1456 678 1500 706; x_wconf 87' lang='lat' dir='ltr'>vel</span> <span class='ocrx_word' id='word_1_333' title='bbox 1533 678 1701 716; x_wconf 88' lang='lat' dir='ltr'>provinciae</span> <span class='ocrx_word' id='word_1_334' title='bbox 1734 688 1779 709; x_wconf 88' lang='lat' dir='ltr'>re-</span> 
     </span>
     <span class='ocr_line' id='line_1_66' title="bbox 1040 723 1126 753; baseline 0.012 -1"><span class='ocrx_word' id='word_1_335' title='bbox 1040 723 1126 753; x_wconf 86' lang='lat' dir='ltr'>serat.</span> 
     </span>
    </p>

    <p class='ocr_par' dir='ltr' id='par_1_28' title="bbox 1040 772 1781 862">
     <span class='ocr_line' id='line_1_67' title="bbox 1081 772 1781 815; baseline 0.007 -14"><span class='ocrx_word' id='word_1_336' title='bbox 1081 781 1131 801; x_wconf 83' lang='lat' dir='ltr'>xu.</span> <span class='ocrx_word' id='word_1_337' title='bbox 1155 772 1278 802; x_wconf 88' lang='lat' dir='ltr'>Omnem</span> <span class='ocrx_word' id='word_1_338' title='bbox 1303 783 1422 812; x_wconf 87' lang='lat' dir='ltr'>operam</span> <span class='ocrx_word' id='word_1_339' title='bbox 1445 775 1602 813; x_wconf 84' lang='lat' dir='ltr'>adhibeat,</span> <span class='ocrx_word' id='word_1_340' title='bbox 1627 782 1658 805; x_wconf 93' lang='lat' dir='ltr'>ut</span> <span class='ocrx_word' id='word_1_341' title='bbox 1680 786 1781 815; x_wconf 90' lang='lat' dir='ltr'>pacem</span> 
     </span>
     <span class='ocr_line' id='line_1_68' title="bbox 1040 822 1715 862; baseline 0.004 -12"><span class='ocrx_word' id='word_1_342' title='bbox 1040 825 1069 850; x_wconf 88' lang='lat' dir='ltr'>et</span> <span class='ocrx_word' id='word_1_343' title='bbox 1091 822 1277 850; x_wconf 86' lang='lat' dir='ltr'>concordiam</span> <span class='ocrx_word' id='word_1_344' title='bbox 1302 823 1330 850; x_wconf 92' lang='lat' dir='ltr'>in</span> <span class='ocrx_word' id='word_1_345' title='bbox 1356 823 1534 852; x_wconf 88' lang='lat' dir='ltr'>monasterio</span> <span class='ocrx_word' id='word_1_346' title='bbox 1557 824 1715 862; x_wconf 86' lang='lat' dir='ltr'>relinquat.</span> 
     </span>
    </p>
   </div>
   <div class='ocr_carea' id='block_1_10' title="bbox 1298 898 1523 934">
    <p class='ocr_par' dir='ltr' id='par_1_29' title="bbox 1298 898 1523 934">
     <span class='ocr_line' id='line_1_69' title="bbox 1298 898 1523 934; baseline 0.004 -7"><span class='ocrx_word' id='word_1_347' title='bbox 1298 898 1377 927; x_wconf 73' lang='lat' dir='ltr'>PAns</span> <span class='ocrx_word' id='word_1_348' title='bbox 1399 898 1523 934; x_wconf 64' lang='lat' dir='ltr'>meu.</span> 
     </span>
    </p>
   </div>
   <div class='ocr_carea' id='block_1_11' title="bbox 1040 964 1786 2677">
    <p class='ocr_par' dir='ltr' id='par_1_30' title="bbox 1140 964 1682 1004">
     <span class='ocr_line' id='line_1_70' title="bbox 1140 964 1682 1004; baseline 0.004 -11"><span class='ocrx_word' id='word_1_349' title='bbox 1140 964 1209 993; x_wconf 72' lang='lat' dir='ltr'>CAP.</span> <span class='ocrx_word' id='word_1_350' title='bbox 1228 964 1249 993; x_wconf 94' lang='grc' dir='ltr'>Ι.</span> <span class='ocrx_word' id='word_1_351' title='bbox 1279 982 1314 985; x_wconf 89' lang='lat'>——</span> <span class='ocrx_word' id='word_1_352' title='bbox 1330 965 1371 994; x_wconf 83' lang='lat' dir='ltr'>De</span> <span class='ocrx_word' id='word_1_353' title='bbox 1390 975 1521 1004; x_wconf 75' lang='lat' dir='ltr'>processu</span> <span class='ocrx_word' id='word_1_354' title='bbox 1542 966 1682 995; x_wconf 78' lang='lat' dir='ltr'>iudiciali.</span> 
     </span>
    </p>

    <p class='ocr_par' dir='ltr' id='par_1_31' title="bbox 1040 1017 1785 1145">
     <span class='ocr_line' id='line_1_71' title="bbox 1119 1017 1785 1059; baseline 0.006 -13"><span class='ocrx_word' id='word_1_355' title='bbox 1119 1017 1189 1047; x_wconf 90' lang='lat' dir='ltr'>Cum</span> <span class='ocrx_word' id='word_1_356' title='bbox 1207 1018 1417 1047; x_wconf 88' lang='lat' dir='ltr'>monachorum</span> <span class='ocrx_word' id='word_1_357' title='bbox 1430 1027 1536 1048; x_wconf 89' lang='lat' dir='ltr'>causae</span> <span class='ocrx_word' id='word_1_358' title='bbox 1551 1029 1566 1048; x_wconf 92' lang='lat' dir='ltr'>a</span> <span class='ocrx_word' id='word_1_359' title='bbox 1582 1020 1785 1059; x_wconf 82' lang='lat' dir='ltr'>superioribus</span> 
     </span>
     <span class='ocr_line' id='line_1_72' title="bbox 1040 1066 1785 1105; baseline 0.007 -11"><span class='ocrx_word' id='word_1_360' title='bbox 1040 1075 1139 1095; x_wconf 88' lang='lat' dir='ltr'>eorum</span> <span class='ocrx_word' id='word_1_361' title='bbox 1163 1066 1337 1096; x_wconf 87' lang='lat' dir='ltr'>iudicandae</span> <span class='ocrx_word' id='word_1_362' title='bbox 1359 1067 1430 1105; x_wconf 92' lang='lat' dir='ltr'>sint,</span> <span class='ocrx_word' id='word_1_363' title='bbox 1454 1069 1620 1098; x_wconf 88' lang='lat' dir='ltr'>communis</span> <span class='ocrx_word' id='word_1_364' title='bbox 1649 1069 1719 1099; x_wconf 88' lang='lat' dir='ltr'>ordo</span> <span class='ocrx_word' id='word_1_365' title='bbox 1741 1070 1785 1099; x_wconf 93' lang='lat' dir='ltr'>iu-</span> 
     </span>
     <span class='ocr_line' id='line_1_73' title="bbox 1040 1115 1351 1145; baseline 0.003 -1"><span class='ocrx_word' id='word_1_366' title='bbox 1040 1115 1183 1144; x_wconf 88' lang='lat' dir='ltr'>diciorum</span> <span class='ocrx_word' id='word_1_367' title='bbox 1207 1120 1351 1145; x_wconf 85' lang='lat' dir='ltr'>servetur.</span> 
     </span>
    </p>

    <p class='ocr_par' dir='ltr' id='par_1_32' title="bbox 1040 1164 1782 1352">
     <span class='ocr_line' id='line_1_74' title="bbox 1080 1164 1782 1205; baseline 0.006 -12"><span class='ocrx_word' id='word_1_368' title='bbox 1080 1173 1098 1193; x_wconf 87' lang='lat'>1.</span> <span class='ocrx_word' id='word_1_369' title='bbox 1124 1164 1213 1194; x_wconf 84' lang='lat' dir='ltr'>ludex</span> <span class='ocrx_word' id='word_1_370' title='bbox 1237 1165 1428 1194; x_wconf 88' lang='lat' dir='ltr'>secretarium</span> <span class='ocrx_word' id='word_1_371' title='bbox 1453 1170 1639 1205; x_wconf 82' lang='lat' dir='ltr'>praesentem</span> <span class='ocrx_word' id='word_1_372' title='bbox 1662 1167 1782 1205; x_wconf 79' lang='lat' dir='ltr'>habeat,</span> 
     </span>
     <span class='ocr_line' id='line_1_75' title="bbox 1040 1213 1778 1254; baseline 0.005 -12"><span class='ocrx_word' id='word_1_373' title='bbox 1040 1213 1076 1242; x_wconf 87' lang='lat' dir='ltr'>ab</span> <span class='ocrx_word' id='word_1_374' title='bbox 1098 1214 1161 1253; x_wconf 83' lang='lat' dir='ltr'>ipso</span> <span class='ocrx_word' id='word_1_375' title='bbox 1184 1219 1233 1243; x_wconf 89' lang='lat' dir='ltr'>aut</span> <span class='ocrx_word' id='word_1_376' title='bbox 1256 1224 1270 1243; x_wconf 89' lang='lat' dir='ltr'>a</span> <span class='ocrx_word' id='word_1_377' title='bbox 1294 1214 1398 1244; x_wconf 89' lang='lat' dir='ltr'>maiori</span> <span class='ocrx_word' id='word_1_378' title='bbox 1421 1215 1575 1254; x_wconf 86' lang='lat' dir='ltr'>superiore</span> <span class='ocrx_word' id='word_1_379' title='bbox 1598 1216 1778 1254; x_wconf 80' lang='lat' dir='ltr'>eligendum,</span> 
     </span>
     <span class='ocr_line' id='line_1_76' title="bbox 1042 1264 1782 1301; baseline 0.005 -9"><span class='ocrx_word' id='word_1_380' title='bbox 1042 1264 1090 1301; x_wconf 82' lang='lat' dir='ltr'>qui</span> <span class='ocrx_word' id='word_1_381' title='bbox 1113 1264 1241 1293; x_wconf 82' lang='lat' dir='ltr'>examini</span> <span class='ocrx_word' id='word_1_382' title='bbox 1267 1264 1343 1293; x_wconf 88' lang='lat' dir='ltr'>adsit</span> <span class='ocrx_word' id='word_1_383' title='bbox 1365 1269 1393 1293; x_wconf 83' lang='lat' dir='ltr'>et</span> <span class='ocrx_word' id='word_1_384' title='bbox 1413 1265 1491 1294; x_wconf 87' lang='lat' dir='ltr'>dicta</span> <span class='ocrx_word' id='word_1_385' title='bbox 1520 1266 1782 1296; x_wconf 86' lang='lat' dir='ltr'>examinandorum</span> 
     </span>
     <span class='ocr_line' id='line_1_77' title="bbox 1040 1313 1562 1352; baseline 0.006 -12"><span class='ocrx_word' id='word_1_386' title='bbox 1040 1313 1169 1352; x_wconf 70' lang='lat' dir='ltr'>excipiat</span> <span class='ocrx_word' id='word_1_387' title='bbox 1191 1318 1218 1342; x_wconf 89' lang='lat' dir='ltr'>et</span> <span class='ocrx_word' id='word_1_388' title='bbox 1242 1313 1417 1342; x_wconf 88' lang='lat' dir='ltr'>sententiam</span> <span class='ocrx_word' id='word_1_389' title='bbox 1441 1313 1562 1343; x_wconf 75' lang='lat' dir='ltr'>scribat.</span> 
     </span>
    </p>

    <p class='ocr_par' dir='ltr' id='par_1_33' title="bbox 1041 1361 1784 1498">
     <span class='ocr_line' id='line_1_78' title="bbox 1080 1361 1784 1403; baseline 0.006 -13"><span class='ocrx_word' id='word_1_390' title='bbox 1080 1371 1110 1391; x_wconf 85' lang='lat'>11.</span> <span class='ocrx_word' id='word_1_391' title='bbox 1132 1361 1275 1391; x_wconf 86' lang='lat' dir='ltr'>Iudicium</span> <span class='ocrx_word' id='word_1_392' title='bbox 1308 1362 1557 1392; x_wconf 87' lang='lat' dir='ltr'>introducendum</span> <span class='ocrx_word' id='word_1_393' title='bbox 1587 1364 1643 1393; x_wconf 82' lang='lat' dir='ltr'>erit</span> <span class='ocrx_word' id='word_1_394' title='bbox 1664 1364 1707 1393; x_wconf 83' lang='lat' dir='ltr'>vel</span> <span class='ocrx_word' id='word_1_395' title='bbox 1733 1373 1784 1403; x_wconf 88' lang='lat' dir='ltr'>per</span> 
     </span>
     <span class='ocr_line' id='line_1_79' title="bbox 1041 1410 1783 1450; baseline 0.005 -12"><span class='ocrx_word' id='word_1_396' title='bbox 1041 1410 1275 1447; x_wconf 84' lang='lat' dir='ltr'>accusationem,</span> <span class='ocrx_word' id='word_1_397' title='bbox 1300 1411 1345 1440; x_wconf 89' lang='lat' dir='ltr'>vel</span> <span class='ocrx_word' id='word_1_398' title='bbox 1369 1420 1420 1450; x_wconf 89' lang='lat' dir='ltr'>per</span> <span class='ocrx_word' id='word_1_399' title='bbox 1443 1411 1713 1450; x_wconf 86' lang='lat' dir='ltr'>denunciationem,</span> <span class='ocrx_word' id='word_1_400' title='bbox 1739 1413 1783 1442; x_wconf 87' lang='lat' dir='ltr'>vel</span> 
     </span>
     <span class='ocr_line' id='line_1_80' title="bbox 1042 1460 1359 1498; baseline 0.003 -10"><span class='ocrx_word' id='word_1_401' title='bbox 1042 1469 1094 1498; x_wconf 86' lang='lat' dir='ltr'>per</span> <span class='ocrx_word' id='word_1_402' title='bbox 1115 1460 1359 1489; x_wconf 75' lang='lat' dir='ltr'>diffamationem.</span> 
     </span>
    </p>

    <p class='ocr_par' dir='ltr' id='par_1_34' title="bbox 1042 1508 1786 2324">
     <span class='ocr_line' id='line_1_81' title="bbox 1121 1508 1784 1549; baseline 0.005 -11"><span class='ocrx_word' id='word_1_403' title='bbox 1121 1508 1149 1538; x_wconf 80' lang='lat' dir='ltr'>Si</span> <span class='ocrx_word' id='word_1_404' title='bbox 1173 1518 1224 1548; x_wconf 91' lang='lat' dir='ltr'>per</span> <span class='ocrx_word' id='word_1_405' title='bbox 1245 1509 1463 1539; x_wconf 82' lang='lat' dir='ltr'>accusationem</span> <span class='ocrx_word' id='word_1_406' title='bbox 1487 1519 1641 1549; x_wconf 86' lang='lat' dir='ltr'>processus</span> <span class='ocrx_word' id='word_1_407' title='bbox 1664 1511 1784 1541; x_wconf 82' lang='lat' dir='ltr'>incho&#39;e&#39;-</span> 
     </span>
     <span class='ocr_line' id='line_1_82' title="bbox 1042 1558 1782 1599; baseline 0.003 -12"><span class='ocrx_word' id='word_1_408' title='bbox 1042 1562 1103 1595; x_wconf 78' lang='lat' dir='ltr'>tur,</span> <span class='ocrx_word' id='word_1_409' title='bbox 1127 1563 1226 1587; x_wconf 79' lang='lat' dir='ltr'>certus</span> <span class='ocrx_word' id='word_1_410' title='bbox 1248 1567 1311 1587; x_wconf 85' lang='lat' dir='ltr'>esse</span> <span class='ocrx_word' id='word_1_411' title='bbox 1333 1558 1418 1588; x_wconf 89' lang='lat' dir='ltr'>debet</span> <span class='ocrx_word' id='word_1_412' title='bbox 1440 1564 1610 1597; x_wconf 87' lang='lat' dir='ltr'>accusator,</span> <span class='ocrx_word' id='word_1_413' title='bbox 1635 1564 1663 1588; x_wconf 88' lang='lat' dir='ltr'>et</span> <span class='ocrx_word' id='word_1_414' title='bbox 1686 1561 1782 1599; x_wconf 91' lang='lat' dir='ltr'>capita</span> 
     </span>
     <span class='ocr_line' id='line_1_83' title="bbox 1042 1607 1783 1645; baseline 0.004 -9"><span class='ocrx_word' id='word_1_415' title='bbox 1042 1607 1239 1636; x_wconf 75' lang='lat' dir='ltr'>accusationis</span> <span class='ocrx_word' id='word_1_416' title='bbox 1263 1612 1413 1645; x_wconf 84' lang='lat' dir='ltr'>porrectae</span> <span class='ocrx_word' id='word_1_417' title='bbox 1432 1610 1485 1637; x_wconf 70' lang='lat' dir='ltr'>sua</span> <span class='ocrx_word' id='word_1_418' title='bbox 1501 1617 1590 1638; x_wconf 87' lang='lat' dir='ltr'>manu</span> <span class='ocrx_word' id='word_1_419' title='bbox 1606 1608 1783 1639; x_wconf 86' lang='lat' dir='ltr'>subscribat.</span> 
     </span>
     <span class='ocr_line' id='line_1_84' title="bbox 1042 1656 1785 1687; baseline 0.003 -2"><span class='ocrx_word' id='word_1_420' title='bbox 1042 1656 1117 1685; x_wconf 84' lang='lat' dir='ltr'>Ante</span> <span class='ocrx_word' id='word_1_421' title='bbox 1141 1656 1239 1685; x_wconf 88' lang='lat' dir='ltr'>omnia</span> <span class='ocrx_word' id='word_1_422' title='bbox 1262 1661 1360 1686; x_wconf 88' lang='lat' dir='ltr'>autem</span> <span class='ocrx_word' id='word_1_423' title='bbox 1393 1657 1609 1686; x_wconf 77' lang='lat' dir='ltr'>examinandus</span> <span class='ocrx_word' id='word_1_424' title='bbox 1631 1663 1785 1687; x_wconf 87' lang='lat' dir='ltr'>accusator</span> 
     </span>
     <span class='ocr_line' id='line_1_85' title="bbox 1043 1706 1786 1747; baseline 0 -12"><span class='ocrx_word' id='word_1_425' title='bbox 1043 1716 1079 1735; x_wconf 90' lang='lat' dir='ltr'>an</span> <span class='ocrx_word' id='word_1_426' title='bbox 1103 1706 1140 1735; x_wconf 90' lang='lat' dir='ltr'>sit</span> <span class='ocrx_word' id='word_1_427' title='bbox 1163 1706 1293 1742; x_wconf 62' lang='lat' dir='ltr'>integrae</span> <span class='ocrx_word' id='word_1_428' title='bbox 1316 1706 1429 1742; x_wconf 71' lang='lat' dir='ltr'>famae,</span> <span class='ocrx_word' id='word_1_429' title='bbox 1452 1716 1487 1735; x_wconf 89' lang='lat' dir='ltr'>au</span> <span class='ocrx_word' id='word_1_430' title='bbox 1512 1710 1664 1736; x_wconf 86' lang='lat' dir='ltr'>moveatur</span> <span class='ocrx_word' id='word_1_431' title='bbox 1686 1707 1786 1747; x_wconf 77' lang='lat' dir='ltr'>aliquo</span> 
     </span>
     <span class='ocr_line' id='line_1_86' title="bbox 1042 1755 1784 1796; baseline 0.001 -11"><span class='ocrx_word' id='word_1_432' title='bbox 1042 1755 1120 1789; x_wconf 79' lang='lat' dir='ltr'>odio,</span> <span class='ocrx_word' id='word_1_433' title='bbox 1145 1760 1195 1784; x_wconf 89' lang='lat' dir='ltr'>aut</span> <span class='ocrx_word' id='word_1_434' title='bbox 1218 1755 1275 1784; x_wconf 91' lang='lat' dir='ltr'>alio</span> <span class='ocrx_word' id='word_1_435' title='bbox 1298 1764 1388 1793; x_wconf 86' lang='lat' dir='ltr'>pravo</span> <span class='ocrx_word' id='word_1_436' title='bbox 1410 1755 1535 1792; x_wconf 77' lang='lat' dir='ltr'>affectu;</span> <span class='ocrx_word' id='word_1_437' title='bbox 1560 1765 1595 1785; x_wconf 90' lang='lat' dir='ltr'>au</span> <span class='ocrx_word' id='word_1_438' title='bbox 1618 1766 1694 1795; x_wconf 88' lang='lat' dir='ltr'>quae</span> <span class='ocrx_word' id='word_1_439' title='bbox 1717 1767 1784 1796; x_wconf 85' lang='lat' dir='ltr'>pro-</span> 
     </span>
     <span class='ocr_line' id='line_1_87' title="bbox 1043 1803 1783 1844; baseline 0.001 -10"><span class='ocrx_word' id='word_1_440' title='bbox 1043 1805 1136 1844; x_wconf 83' lang='lat' dir='ltr'>ponit,</span> <span class='ocrx_word' id='word_1_441' title='bbox 1162 1803 1288 1833; x_wconf 77' lang='lat' dir='ltr'>babeant</span> <span class='ocrx_word' id='word_1_442' title='bbox 1303 1805 1401 1843; x_wconf 87' lang='lat' dir='ltr'>aliqua</span> <span class='ocrx_word' id='word_1_443' title='bbox 1417 1804 1595 1834; x_wconf 88' lang='lat' dir='ltr'>adminicula</span> <span class='ocrx_word' id='word_1_444' title='bbox 1614 1805 1658 1834; x_wconf 88' lang='lat' dir='ltr'>vel</span> <span class='ocrx_word' id='word_1_445' title='bbox 1675 1806 1783 1835; x_wconf 84' lang='lat' dir='ltr'>indicia</span> 
     </span>
     <span class='ocr_line' id='line_1_88' title="bbox 1045 1854 1786 1893; baseline 0.001 -10"><span class='ocrx_word' id='word_1_446' title='bbox 1045 1854 1187 1889; x_wconf 81' lang='lat' dir='ltr'>veritatis,</span> <span class='ocrx_word' id='word_1_447' title='bbox 1213 1858 1294 1893; x_wconf 85' lang='lat' dir='ltr'>puta,</span> <span class='ocrx_word' id='word_1_448' title='bbox 1321 1854 1388 1892; x_wconf 89' lang='lat' dir='ltr'>quia</span> <span class='ocrx_word' id='word_1_449' title='bbox 1411 1858 1567 1883; x_wconf 84' lang='lat' dir='ltr'>accusatus</span> <span class='ocrx_word' id='word_1_450' title='bbox 1590 1854 1662 1883; x_wconf 77' lang='lat' dir='ltr'>alias</span> <span class='ocrx_word' id='word_1_451' title='bbox 1684 1855 1714 1884; x_wconf 94' lang='lat' dir='ltr'>in</span> <span class='ocrx_word' id='word_1_452' title='bbox 1739 1864 1786 1885; x_wconf 88' lang='lat' dir='ltr'>eo-</span> 
     </span>
     <span class='ocr_line' id='line_1_89' title="bbox 1042 1902 1784 1941; baseline 0.003 -10"><span class='ocrx_word' id='word_1_453' title='bbox 1042 1903 1107 1931; x_wconf 88' lang='lat' dir='ltr'>dem</span> <span class='ocrx_word' id='word_1_454' title='bbox 1141 1912 1248 1940; x_wconf 70' lang='lat' dir='ltr'>genere</span> <span class='ocrx_word' id='word_1_455' title='bbox 1285 1902 1394 1940; x_wconf 86' lang='lat' dir='ltr'>peccati</span> <span class='ocrx_word' id='word_1_456' title='bbox 1428 1903 1607 1941; x_wconf 89' lang='lat' dir='ltr'>deliquerit,</span> <span class='ocrx_word' id='word_1_457' title='bbox 1642 1908 1693 1933; x_wconf 88' lang='lat' dir='ltr'>aut</span> <span class='ocrx_word' id='word_1_458' title='bbox 1725 1904 1784 1933; x_wconf 88' lang='lat' dir='ltr'>alio</span> 
     </span>
     <span class='ocr_line' id='line_1_90' title="bbox 1043 1951 1783 1983; baseline 0.004 -3"><span class='ocrx_word' id='word_1_459' title='bbox 1043 1952 1129 1980; x_wconf 91' lang='lat' dir='ltr'>modo</span> <span class='ocrx_word' id='word_1_460' title='bbox 1148 1952 1212 1980; x_wconf 84' lang='lat' dir='ltr'>eius</span> <span class='ocrx_word' id='word_1_461' title='bbox 1235 1952 1308 1979; x_wconf 84' lang='lat' dir='ltr'>sama</span> <span class='ocrx_word' id='word_1_462' title='bbox 1325 1956 1352 1980; x_wconf 87' lang='lat' dir='ltr'>et</span> <span class='ocrx_word' id='word_1_463' title='bbox 1368 1951 1551 1980; x_wconf 81' lang='lat' dir='ltr'>existimatio</span> <span class='ocrx_word' id='word_1_464' title='bbox 1567 1951 1689 1981; x_wconf 88' lang='lat' dir='ltr'>laboret.</span> <span class='ocrx_word' id='word_1_465' title='bbox 1704 1953 1783 1983; x_wconf 81' lang='lat' dir='ltr'>llaec</span> 
     </span>
     <span class='ocr_line' id='line_1_91' title="bbox 1042 1999 1786 2040; baseline 0.005 -13"><span class='ocrx_word' id='word_1_466' title='bbox 1042 2005 1139 2030; x_wconf 83' lang='lat' dir='ltr'>autem</span> <span class='ocrx_word' id='word_1_467' title='bbox 1172 2000 1304 2029; x_wconf 76' lang='lat' dir='ltr'>exactius</span> <span class='ocrx_word' id='word_1_468' title='bbox 1337 1999 1517 2029; x_wconf 85' lang='lat' dir='ltr'>observanda</span> <span class='ocrx_word' id='word_1_469' title='bbox 1550 2005 1635 2037; x_wconf 76' lang='lat' dir='ltr'>sunt,</span> <span class='ocrx_word' id='word_1_470' title='bbox 1666 2003 1786 2040; x_wconf 83' lang='lat' dir='ltr'>quando</span> 
     </span>
     <span class='ocr_line' id='line_1_92' title="bbox 1042 2048 1784 2087; baseline 0.003 -9"><span class='ocrx_word' id='word_1_471' title='bbox 1042 2048 1190 2078; x_wconf 88' lang='lat' dir='ltr'>accusatio</span> <span class='ocrx_word' id='word_1_472' title='bbox 1214 2048 1343 2087; x_wconf 88' lang='lat' dir='ltr'>procedit</span> <span class='ocrx_word' id='word_1_473' title='bbox 1358 2054 1457 2077; x_wconf 86' lang='lat' dir='ltr'>contra</span> <span class='ocrx_word' id='word_1_474' title='bbox 1474 2048 1612 2078; x_wconf 88' lang='lat' dir='ltr'>abbates:</span> <span class='ocrx_word' id='word_1_475' title='bbox 1636 2049 1683 2079; x_wconf 88' lang='lat' dir='ltr'>isti</span> <span class='ocrx_word' id='word_1_476' title='bbox 1706 2050 1784 2080; x_wconf 79' lang='lat' dir='ltr'>enini</span> 
     </span>
     <span class='ocr_line' id='line_1_93' title="bbox 1044 2097 1784 2136; baseline 0.003 -9"><span class='ocrx_word' id='word_1_477' title='bbox 1044 2098 1123 2127; x_wconf 84' lang='lat' dir='ltr'>salsis</span> <span class='ocrx_word' id='word_1_478' title='bbox 1146 2097 1343 2127; x_wconf 87' lang='lat' dir='ltr'>delationibus</span> <span class='ocrx_word' id='word_1_479' title='bbox 1373 2102 1402 2127; x_wconf 85' lang='lat' dir='ltr'>ct</span> <span class='ocrx_word' id='word_1_480' title='bbox 1429 2098 1556 2136; x_wconf 87' lang='lat' dir='ltr'>querelis</span> <span class='ocrx_word' id='word_1_481' title='bbox 1584 2099 1712 2128; x_wconf 85' lang='lat' dir='ltr'>maxime</span> <span class='ocrx_word' id='word_1_482' title='bbox 1734 2099 1784 2129; x_wconf 86' lang='lat' dir='ltr'>ob-</span> 
     </span>
     <span class='ocr_line' id='line_1_94' title="bbox 1044 2148 1782 2185; baseline 0.001 -8"><span class='ocrx_word' id='word_1_483' title='bbox 1044 2148 1123 2177; x_wconf 85' lang='lat' dir='ltr'>noxii</span> <span class='ocrx_word' id='word_1_484' title='bbox 1147 2152 1236 2183; x_wconf 72' lang='lat' dir='ltr'>sunt,</span> <span class='ocrx_word' id='word_1_485' title='bbox 1261 2151 1289 2176; x_wconf 90' lang='lat' dir='ltr'>et</span> <span class='ocrx_word' id='word_1_486' title='bbox 1312 2156 1415 2176; x_wconf 86' lang='lat' dir='ltr'>rursus</span> <span class='ocrx_word' id='word_1_487' title='bbox 1437 2156 1503 2176; x_wconf 81' lang='lat' dir='ltr'>cum</span> <span class='ocrx_word' id='word_1_488' title='bbox 1526 2148 1679 2185; x_wconf 79' lang='lat' dir='ltr'>regiminis</span> <span class='ocrx_word' id='word_1_489' title='bbox 1702 2149 1782 2178; x_wconf 84' lang='lat' dir='ltr'>colu-</span> 
     </span>
     <span class='ocr_line' id='line_1_95' title="bbox 1045 2196 1785 2234; baseline 0.004 -9"><span class='ocrx_word' id='word_1_490' title='bbox 1045 2197 1141 2226; x_wconf 84' lang='lat' dir='ltr'>inina¹</span> <span class='ocrx_word' id='word_1_491' title='bbox 1160 2197 1229 2230; x_wconf 78' lang='lat' dir='ltr'>sint,</span> <span class='ocrx_word' id='word_1_492' title='bbox 1248 2205 1304 2225; x_wconf 89' lang='lat' dir='ltr'>non</span> <span class='ocrx_word' id='word_1_493' title='bbox 1328 2196 1412 2225; x_wconf 85' lang='lat' dir='ltr'>facile</span> <span class='ocrx_word' id='word_1_494' title='bbox 1434 2205 1529 2234; x_wconf 80' lang='lat' dir='ltr'>neque</span> <span class='ocrx_word' id='word_1_495' title='bbox 1545 2206 1581 2225; x_wconf 85' lang='lat' dir='ltr'>ex</span> <span class='ocrx_word' id='word_1_496' title='bbox 1598 2197 1711 2227; x_wconf 83' lang='lat' dir='ltr'>levibus</span> <span class='ocrx_word' id='word_1_497' title='bbox 1735 2199 1785 2228; x_wconf 87' lang='lat' dir='ltr'>de-</span> 
     </span>
     <span class='ocr_line' id='line_1_96' title="bbox 1043 2244 1786 2283; baseline 0.004 -10"><span class='ocrx_word' id='word_1_498' title='bbox 1043 2245 1204 2274; x_wconf 86' lang='lat' dir='ltr'>lationibus</span> <span class='ocrx_word' id='word_1_499' title='bbox 1236 2245 1265 2274; x_wconf 93' lang='lat' dir='ltr'>in</span> <span class='ocrx_word' id='word_1_500' title='bbox 1300 2244 1464 2283; x_wconf 87' lang='lat' dir='ltr'>periculum</span> <span class='ocrx_word' id='word_1_501' title='bbox 1497 2245 1724 2276; x_wconf 84' lang='lat' dir='ltr'>existimationis</span> <span class='ocrx_word' id='word_1_502' title='bbox 1756 2252 1786 2276; x_wconf 87' lang='lat' dir='ltr'>et</span> 
     </span>
     <span class='ocr_line' id='line_1_97' title="bbox 1044 2294 1386 2324; baseline 0 -1"><span class='ocrx_word' id='word_1_503' title='bbox 1044 2295 1136 2324; x_wconf 81' lang='lat' dir='ltr'>famae</span> <span class='ocrx_word' id='word_1_504' title='bbox 1160 2294 1284 2324; x_wconf 90' lang='lat' dir='ltr'>vocandi</span> <span class='ocrx_word' id='word_1_505' title='bbox 1307 2299 1386 2323; x_wconf 86' lang='lat' dir='ltr'>sunt.</span> 
     </span>
    </p>

    <p class='ocr_par' dir='ltr' id='par_1_35' title="bbox 1044 2343 1786 2581">
     <span class='ocr_line' id='line_1_98' title="bbox 1123 2343 1783 2382; baseline 0.003 -9"><span class='ocrx_word' id='word_1_506' title='bbox 1123 2344 1152 2373; x_wconf 76' lang='lat' dir='ltr'>Si</span> <span class='ocrx_word' id='word_1_507' title='bbox 1176 2353 1228 2382; x_wconf 86' lang='lat' dir='ltr'>per</span> <span class='ocrx_word' id='word_1_508' title='bbox 1250 2343 1507 2373; x_wconf 80' lang='lat' dir='ltr'>denunciationem</span> <span class='ocrx_word' id='word_1_509' title='bbox 1527 2344 1715 2382; x_wconf 86' lang='lat' dir='ltr'>procedatur,</span> <span class='ocrx_word' id='word_1_510' title='bbox 1732 2345 1783 2375; x_wconf 87' lang='lat' dir='ltr'>de-</span> 
     </span>
     <span class='ocr_line' id='line_1_99' title="bbox 1045 2393 1785 2429; baseline 0.001 -6"><span class='ocrx_word' id='word_1_511' title='bbox 1045 2394 1202 2423; x_wconf 86' lang='lat' dir='ltr'>nunciator</span> <span class='ocrx_word' id='word_1_512' title='bbox 1220 2393 1356 2422; x_wconf 86' lang='lat' dir='ltr'>similiter</span> <span class='ocrx_word' id='word_1_513' title='bbox 1372 2398 1470 2422; x_wconf 86' lang='lat' dir='ltr'>certus</span> <span class='ocrx_word' id='word_1_514' title='bbox 1486 2393 1534 2429; x_wconf 90' lang='lat' dir='ltr'>sit,</span> <span class='ocrx_word' id='word_1_515' title='bbox 1554 2398 1582 2423; x_wconf 87' lang='lat' dir='ltr'>et</span> <span class='ocrx_word' id='word_1_516' title='bbox 1596 2393 1785 2425; x_wconf 79' lang='lat' dir='ltr'>subscribere</span> 
     </span>
     <span class='ocr_line' id='line_1_100' title="bbox 1044 2442 1786 2481; baseline 0.004 -10"><span class='ocrx_word' id='word_1_517' title='bbox 1044 2454 1074 2473; x_wconf 82' lang='lat' dir='ltr'>se</span> <span class='ocrx_word' id='word_1_518' title='bbox 1096 2443 1182 2473; x_wconf 79' lang='lat' dir='ltr'>dehet</span> <span class='ocrx_word' id='word_1_519' title='bbox 1204 2443 1440 2472; x_wconf 80' lang='lat' dir='ltr'>denunciationis</span> <span class='ocrx_word' id='word_1_520' title='bbox 1463 2442 1620 2481; x_wconf 84' lang='lat' dir='ltr'>capitibus,</span> <span class='ocrx_word' id='word_1_521' title='bbox 1644 2443 1721 2473; x_wconf 84' lang='lat' dir='ltr'>sicut</span> <span class='ocrx_word' id='word_1_522' title='bbox 1738 2454 1786 2474; x_wconf 83' lang='lat' dir='ltr'>ac-</span> 
     </span>
     <span class='ocr_line' id='line_1_101' title="bbox 1044 2491 1784 2531; baseline 0.001 -10"><span class='ocrx_word' id='word_1_523' title='bbox 1044 2497 1180 2526; x_wconf 79' lang='lat' dir='ltr'>cusator,</span> <span class='ocrx_word' id='word_1_524' title='bbox 1206 2492 1260 2520; x_wconf 87' lang='lat' dir='ltr'>etsi</span> <span class='ocrx_word' id='word_1_525' title='bbox 1282 2491 1344 2530; x_wconf 85' lang='lat' dir='ltr'>ipse</span> <span class='ocrx_word' id='word_1_526' title='bbox 1367 2500 1424 2520; x_wconf 88' lang='lat' dir='ltr'>non</span> <span class='ocrx_word' id='word_1_527' title='bbox 1448 2496 1582 2521; x_wconf 85' lang='lat' dir='ltr'>teneatur</span> <span class='ocrx_word' id='word_1_528' title='bbox 1614 2501 1784 2531; x_wconf 86' lang='lat' dir='ltr'>processum</span> 
     </span>
     <span class='ocr_line' id='line_1_102' title="bbox 1046 2540 1565 2581; baseline 0.004 -12"><span class='ocrx_word' id='word_1_529' title='bbox 1046 2541 1182 2581; x_wconf 86' lang='lat' dir='ltr'>prosequi</span> <span class='ocrx_word' id='word_1_530' title='bbox 1205 2545 1234 2570; x_wconf 78' lang='lat' dir='ltr'>et</span> <span class='ocrx_word' id='word_1_531' title='bbox 1255 2540 1385 2570; x_wconf 86' lang='lat' dir='ltr'>obiectae</span> <span class='ocrx_word' id='word_1_532' title='bbox 1400 2541 1409 2556; x_wconf 78' lang='lat'>&#39;¹</span> <span class='ocrx_word' id='word_1_533' title='bbox 1431 2541 1565 2580; x_wconf 89' lang='lat' dir='ltr'>probare.</span> 
     </span>
    </p>

    <p class='ocr_par' dir='ltr' id='par_1_36' title="bbox 1081 2598 1690 2634">
     <span class='ocr_line' id='line_1_103' title="bbox 1081 2598 1690 2634; baseline 0.002 -9"><span class='ocrx_word' id='word_1_534' title='bbox 1081 2601 1090 2625; x_wconf 92' lang='grc'>1</span> <span class='ocrx_word' id='word_1_535' title='bbox 1115 2599 1229 2625; x_wconf 71' lang='lat' dir='ltr'>Videtur</span> <span class='ocrx_word' id='word_1_536' title='bbox 1249 2598 1394 2631; x_wconf 68' lang='lat' dir='ltr'>legendum</span> <span class='ocrx_word' id='word_1_537' title='bbox 1414 2599 1566 2626; x_wconf 73' lang='lat' dir='ltr'>columnae</span> <span class='ocrx_word' id='word_1_538' title='bbox 1587 2599 1623 2634; x_wconf 77' lang='lat' dir='ltr'>(R.</span> <span class='ocrx_word' id='word_1_539' title='bbox 1641 2606 1690 2631; x_wconf 88' lang='grc' dir='ltr'><em>τ.).</em></span> 
     </span>
    </p>

    <p class='ocr_par' dir='ltr' id='par_1_37' title="bbox 1080 2643 1543 2677">
     <span class='ocr_line' id='line_1_104' title="bbox 1080 2643 1543 2677; baseline 0.002 -8"><span class='ocrx_word' id='word_1_540' title='bbox 1080 2644 1095 2669; x_wconf 73' lang='lat'>⁶2</span> <span class='ocrx_word' id='word_1_541' title='bbox 1118 2644 1209 2670; x_wconf 79' lang='lat' dir='ltr'>Potius</span> <span class='ocrx_word' id='word_1_542' title='bbox 1229 2643 1286 2677; x_wconf 73' lang='lat' dir='ltr'>lege</span> <span class='ocrx_word' id='word_1_543' title='bbox 1306 2643 1413 2669; x_wconf 75' lang='lat' dir='ltr'>obiecta</span> <span class='ocrx_word' id='word_1_544' title='bbox 1432 2645 1471 2675; x_wconf 80' lang='lat' dir='ltr'>(n.</span> <span class='ocrx_word' id='word_1_545' title='bbox 1494 2650 1543 2673; x_wconf 80' lang='grc' dir='ltr'>τ.).</span> 
     </span>
    </p>
   </div>
   <div class='ocr_carea' id='block_1_12' title="bbox 1791 238 1978 266">
    <p class='ocr_par' dir='ltr' id='par_1_38' title="bbox 1791 238 1978 266">
     <span class='ocr_line' id='line_1_105' title="bbox 1791 238 1978 266; baseline 0.011 -3"><span class='ocrx_word' id='word_1_546' title='bbox 1791 240 1842 265; x_wconf 71' lang='lat' dir='ltr'>Aa.</span> <span class='ocrx_word' id='word_1_547' title='bbox 1862 238 1978 266; x_wconf 52' lang='lat'>&amp;1732</span> 
     </span>
    </p>
   </div>
   <div class='ocr_carea' id='block_1_13' title="bbox 1795 1523 1981 1628">
    <p class='ocr_par' dir='ltr' id='par_1_39' title="bbox 1795 1523 1981 1628">
     <span class='ocr_line' id='line_1_106' title="bbox 1839 1523 1980 1543; baseline -0.007 0"><span class='ocrx_word' id='word_1_548' title='bbox 1839 1523 1860 1543; x_wconf 89' lang='lat' dir='ltr'>tn</span> <span class='ocrx_word' id='word_1_549' title='bbox 1884 1523 1980 1543; x_wconf 78' lang='lat' dir='ltr'>omnibus</span> 
     </span>
     <span class='ocr_line' id='line_1_107' title="bbox 1796 1549 1981 1569; baseline 0.005 -1"><span class='ocrx_word' id='word_1_550' title='bbox 1796 1549 1881 1569; x_wconf 78' lang='lat' dir='ltr'>iudicns</span> <span class='ocrx_word' id='word_1_551' title='bbox 1902 1556 1981 1569; x_wconf 74' lang='lat' dir='ltr'>exami-</span> 
     </span>
     <span class='ocr_line' id='line_1_108' title="bbox 1795 1576 1977 1596; baseline 0 0"><span class='ocrx_word' id='word_1_552' title='bbox 1795 1576 1878 1596; x_wconf 64' lang='lat' dir='ltr'>nandae</span> <span class='ocrx_word' id='word_1_553' title='bbox 1888 1582 1977 1596; x_wconf 79' lang='lat' dir='ltr'>accusa·</span> 
     </span>
     <span class='ocr_line' id='line_1_109' title="bbox 1796 1604 1977 1628; baseline 0.006 -6"><span class='ocrx_word' id='word_1_554' title='bbox 1796 1604 1846 1623; x_wconf 80' lang='lat' dir='ltr'>toris</span> <span class='ocrx_word' id='word_1_555' title='bbox 1855 1604 1977 1628; x_wconf 78' lang='lat' dir='ltr'>qualitates.</span> 
     </span>
    </p>
   </div>
  </div>
 </body>
</html>
