2182 3137
192 176 239 201 An.
259 174 289 202 c.
309 173 378 201 1730
425 165 490 198 154

388 233 451 265 que
472 223 702 256 stabilimentis
716 229 747 255 et
761 222 939 265 privilegiis
954 222 1130 265 praedictis

388 276 485 308 etiam
512 276 622 317 vigore
643 276 819 319 implicitae
839 275 1060 318 derogationis
1085 276 1130 308 la-

389 328 511 360 tissime
527 328 762 367 extendendae,
778 328 876 361 etiam
892 339 950 371 per
964 338 1131 371 quascum-

388 391 449 423 que
468 380 592 413 litteras
610 381 815 423 apostolicas,
836 386 868 413 et
888 381 1016 424 quasvis
1033 381 1130 413 etiam

388 432 669 475 derogatoriarum
695 433 915 475 derogatorias
927 432 944 472 ¹,
971 432 1131 466 efficacio-

388 496 439 518 res
466 491 498 518 et
523 485 668 518 insolitas
694 486 855 518 clausulas
882 486 1037 528 derogari
1066 496 1130 518 non

389 539 512 581 possit,
546 549 605 570 iiec
638 539 831 581 derogatum
864 544 1035 572 censeatur
1068 539 1130 571 nisi

390 593 560 634 derogatio
587 593 774 626 huiusmodi
802 593 841 625 de
867 592 1003 626 consilio
1029 593 1132 627 cardi-

389 645 512 678 nalium
540 646 732 678 eorumdem
759 645 824 685 siat,
850 651 880 678 et
907 651 974 678 tum
1000 646 1132 678 denium

389 699 537 741 magistri
564 704 596 731 et
621 704 800 731 conventus
827 699 1070 742 praedictorum
1092 699 1131 731 ad

388 750 421 784 id
453 752 584 784 accedat
619 762 795 791 assensus,
836 752 966 795 sintque
1002 753 1132 785 litterae

390 805 610 848 derogationis
638 805 826 838 huiusmodi
860 805 956 837 etiam
991 816 1051 848 pei·
1086 805 1133 837 di-

389 865 475 891 ctum
501 858 688 900 magistrum
715 858 941 901 subscriptae,
968 868 1004 890 ac
1028 858 1074 891 illi
1102 863 1133 890 et

389 912 536 955 praefato
552 912 725 944 conventui
745 922 802 954 pei·
818 911 962 943 diversas
979 911 1011 943 in
1030 911 1133 943 forma

390 966 502 998 Brevis
534 971 587 997 aut
619 965 696 997 alias
728 965 852 997 litteras
886 964 1019 996 diversis
1056 969 1134 996 tem-

390 1019 522 1062 poribus
548 1029 620 1050 cum
647 1017 744 1050 certis
769 1017 951 1049 intervallis
978 1027 1134 1058 praesen-

391 1077 471 1104 tatas
507 1072 698 1110 intimatae,
737 1075 769 1103 et
804 1081 870 1102 non
908 1070 1010 1110 alias,
1049 1070 1135 1103 nec²

391 1125 454 1157 alio
481 1125 587 1163 modo,
615 1129 645 1156 et
671 1134 804 1166 semper
821 1123 851 1155 iii
871 1124 1035 1162 omnibus,
1053 1134 1134 1166 quae

389 1178 435 1210 sic
461 1180 560 1216 (ient,
587 1177 683 1210 etiam
716 1177 755 1209 de
791 1177 888 1209 simili
915 1177 1053 1210 consilio
1080 1177 1135 1209 de-

391 1231 616 1277 rogationibus
641 1231 682 1263 sit
706 1230 855 1273 apposita
873 1232 1029 1269 clausula,
1046 1231 1135 1273 quod

392 1285 521 1317 illarum
548 1283 696 1316 effectum
717 1284 898 1316 sortiantur
917 1284 955 1316 de
974 1294 1135 1316 consensu

391 1337 536 1380 magistri
564 1342 596 1369 et
620 1342 798 1369 conventus
824 1337 1078 1380 praedictorum,
1104 1343 1136 1370 et

391 1402 455 1424 non
482 1391 572 1430 alias,
597 1402 657 1424 nec
682 1391 745 1423 alio
765 1391 878 1429 inodo,
897 1392 1049 1434 quodque
1073 1392 1134 1434 ipsi

391 1450 559 1478 exactores
586 1450 616 1477 et
641 1446 860 1487 appaltatores
886 1445 1047 1481 decimas,
1080 1456 1136 1488 pe-

392 1498 487 1540 dagia
527 1503 557 1530 et
602 1508 702 1530 onera
737 1498 923 1530 huiusmodi
963 1498 1059 1530 etiam
1097 1499 1136 1531 ab

394 1552 555 1594 exemptis
581 1551 711 1593 exigere
728 1578 735 1591 ‚
763 1556 795 1583 et
819 1551 893 1584 illos
927 1552 967 1583 ad
1000 1553 1138 1585 solutio-

393 1604 466 1637 nem
492 1615 548 1637 seii
575 1604 850 1637 contributionem
869 1615 986 1646 cogere
1005 1610 1036 1637 et
1053 1615 1138 1637 corn-

393 1659 518 1702 pellere
554 1657 683 1700 possint
719 1668 776 1690 seu
813 1658 978 1698 debeaiit3
1017 1658 1136 1701 quibus

392 1711 553 1752 omnibus,
573 1712 704 1743 illorum
722 1711 870 1743 oninium
893 1717 1036 1751 tenores,
1057 1722 1092 1744 ac
1112 1712 1137 1744 si

395 1765 434 1797 de
460 1764 558 1796 vei-bo
584 1764 621 1796 ad
640 1754 773 1796 verbum
792 1763 1027 1804 insererentur,
1046 1775 1139 1808 prae-
1159 1799 1161 1808 Ι

395 1818 540 1850 sentibus
567 1827 624 1859 pro
661 1817 822 1859 expressis
857 1818 1039 1857 habentes,
1075 1818 1161 1860 illis¹

395 1870 473 1903 alias
498 1870 530 1902 in
555 1880 613 1902 suo
640 1871 759 1902 robore
792 1871 1040 1912 permansuris,
1080 1872 1140 1903 liac

395 1923 462 1955 vice
489 1923 673 1962 dumtaxat,
700 1923 733 1954 in
760 1934 880 1965 genere
907 1929 938 1955 et
962 1924 994 1955 in
1021 1924 1137 1966 specie,

396 1976 435 2008 ad
462 1976 611 2008 effectum
640 1976 870 2018 praesentium,
890 1976 1089 2009 sufficienter
1110 1983 1141 2009 et

397 2040 551 2072 expresse
577 2029 785 2071 derogamus,
806 2035 838 2062 et
857 2030 1050 2071 derogatum
1069 2041 1140 2063 esse

397 2082 627 2122 decerminus,
655 2081 808 2124 quodque
834 2093 888 2114 vos
915 2082 1053 2125 primam
1075 2093 1140 2115 non

397 2135 537 2167 feceritis
563 2135 597 2167 in
622 2135 773 2167 ecclesiis
809 2135 993 2167 huiusmodi
1032 2146 1142 2178 perso-

396 2189 503 2221 nalem
534 2188 741 2220 residentiam
767 2193 981 2227 consuetam,
1008 2188 1140 2221 ceteris-

974 173 1158 198 BULLARIUM
1184 173 1342 197 ROMANUM

1172 221 1265 254 cuius
1291 232 1449 265 personae
1471 223 1504 255 in
1522 222 1682 265 dignitate
1700 221 1920 255 ecclesiastica

1173 275 1367 308 constitutae
1393 275 1633 318 professionem
1652 274 1736 314 fidei,
1760 274 1850 306 iuxta
1868 284 1920 306 ar-

1175 328 1289 361 ticulos
1320 329 1450 372 pridem
1476 341 1493 362 a
1525 329 1608 362 Sede
1643 328 1810 370 praedicta
1842 337 1919 370 pro-

1173 382 1296 425 positos
1313 409 1320 422 ,
1346 392 1498 425 expresse
1525 382 1674 415 emittere
1691 408 1698 419 ,
1724 386 1756 413 et
1788 380 1919 413 solitum

1174 434 1339 468 fidelitatis
1362 435 1581 467 iuramentum
1602 439 1768 477 praestare
1787 433 1920 466 omnino

1176 488 1350 520 teneamini
1365 500 1372 527 ;

1219 542 1233 583 ἓ
1259 540 1312 575 w.
1340 540 1496 584 Quodque
1521 540 1743 583 praesentium
1766 545 1922 572 transum-

1175 593 1260 636 ptis,
1298 595 1395 626 etiam
1426 594 1593 636 impressis
1615 621 1622 633 ,
1657 604 1752 625 manu
1785 593 1920 625 alicuius

1175 647 1296 678 notarii
1331 647 1452 689 publici
1490 647 1709 689 subscriptis,
1743 651 1776 678 et
1811 645 1919 688 sigillo

1176 710 1336 741 personae
1362 700 1394 732 in
1421 700 1578 742 dignitate
1605 699 1827 732 ecclesiastica
1847 708 1921 731 con-

1176 752 1305 785 stitutae
1332 753 1466 785 munitis
1484 780 1491 791 ,
1517 753 1630 785 eadem
1667 762 1803 795 prorsus
1840 751 1921 784 fides

1176 806 1298 848 ubique
1325 807 1522 839 adhibeatur
1546 806 1579 838 in
1605 805 1724 838 iudicio
1751 811 1782 838 et
1806 809 1918 845 extra,

1177 869 1259 901 quae
1286 859 1502 891 adhiberetur
1526 859 1604 902 ipsis
1631 857 1857 901 praesentibus
1895 858 1920 890 si

1177 913 1286 944 forent
1310 912 1474 944 exhibitae
1499 913 1547 944 vel
1573 917 1735 944 ostensae.
1770 911 1920 945 Ceterum

1178 966 1324 997 volumus
1350 965 1472 1007 pariter
1497 970 1593 1007 atque
1621 965 1853 1004 decernimus,
1886 969 1922 996 ut

1178 1017 1243 1050 illis
1271 1029 1307 1050 ex
1333 1017 1452 1057 vobis,
1478 1017 1598 1060 quibus
1624 1017 1746 1050 similes
1779 1016 1920 1050 testandi

1179 1071 1218 1104 de
1244 1071 1339 1104 bonis
1364 1081 1400 1103 ac
1430 1071 1605 1114 pensiones
1631 1070 1848 1102 transferendi
1877 1070 1922 1102 fa-

1178 1125 1316 1157 cultates
1343 1136 1360 1157 a
1385 1124 1537 1157 Romanis
1558 1124 1771 1157 Pontificibus
1789 1123 1923 1167 praede-

1179 1177 1362 1210 cessoribus
1389 1178 1533 1217 nostris,
1569 1188 1708 1221 quorum
1743 1177 1922 1220 respective

1179 1232 1277 1265 etiam
1304 1231 1478 1264 familiares
1504 1231 1651 1264 continui
1684 1232 1921 1264 commensales

1179 1290 1281 1325 erant,
1301 1295 1475 1318 concessae
1494 1285 1634 1323 fuerunt,
1661 1289 1850 1327 praesentes
1872 1285 1923 1317 lit-

1180 1344 1277 1377 terae,
1298 1338 1404 1381 quoad
1423 1338 1590 1370 facultates
1609 1338 1748 1371 testandi
1770 1338 1809 1370 de
1828 1337 1921 1370 bonis

1180 1397 1212 1424 et
1246 1391 1464 1424 transferendi
1496 1391 1676 1434 pensiones
1713 1389 1921 1429 huiusmodi,

1179 1446 1313 1478 minime
1333 1445 1561 1487 suffragentur.

1223 1500 1337 1531 Datum
1363 1499 1485 1531 Romae
1501 1525 1508 1538 ,
1533 1498 1620 1541 apud
1645 1498 1677 1530 S.
1705 1497 1837 1529 Mariam
1862 1496 1926 1529 Ma-

1179 1553 1282 1586 iorem
1305 1579 1311 1590 ,
1336 1552 1396 1584 sub
1421 1553 1543 1584 annulo
1576 1551 1763 1590 piscatoris,
1790 1550 1843 1583 die
1867 1560 1925 1584 xxv

1180 1605 1365 1638 novembris
1389 1615 1556 1644 Muccxxx,
1579 1603 1792 1647 pontificatus
1817 1602 1923 1636 nostri

1180 1669 1267 1691 anno
1293 1669 1315 1691 L

1216 1720 1275 1746 Dat.
1297 1719 1339 1746 die
1359 1720 1392 1746 25
1412 1719 1568 1746 novembris
1584 1718 1662 1752 1730,
1679 1718 1775 1753 pontif.
1796 1725 1867 1744 anno
1883 1725 1902 1745 1.

1384 1774 1419 1806 F.
1447 1773 1622 1806 cardinalis
1648 1772 1833 1806 Otivniiius.

1517 1924 1594 1956 xvi.

1184 2000 1312 2034 Cresilio
1337 2000 1609 2044 vi'qiutiquz'uque
1633 2008 1811 2042 puerorum
1833 1998 1928 2030 hono-

1227 2054 1395 2086 rariorum
1420 2054 1457 2085 iu
1481 2053 1610 2084 comites
1632 2051 1800 2094 palatinos
1820 2055 1849 2084 et
1869 2061 1928 2083 au-

1228 2112 1319 2140 ratae
1344 2106 1486 2139 militiae
1517 2105 1639 2149 equites
1675 2104 1840 2137 occasione
1873 2114 1928 2137 so-

1230 2161 1347 2194 lemnis
1387 2159 1602 2203 equitationis
1641 2169 1660 2191 a
1695 2158 1852 2191 Vaticano
1887 2158 1930 2191 ad

1229 2214 1453 2253 Lateranum,
1482 2216 1540 2245 etc.

1921 174 1972 199 An.
1994 176 2024 200 G.
2047 163 2124 204 ¹73o'

1977 549 2042 570 Fides
2057 551 2117 570 tran-

1933 577 2070 602 sumptorum.

398 2251 460 2283 que
486 2240 659 2273 contrariis
686 2240 958 2283 quibuscumque.

206 2300 386 2348 saffimfgeimmg-
441 2294 455 2336 ἓ
481 2293 534 2326 Η.
555 2294 709 2326 Volumus
727 2299 833 2326 autem
851 2294 939 2336 quod
967 2299 1141 2336 antequam

204 2348 502 2405 gffllrisstigeriffijgratia
527 2346 703 2378 creationis
741 2347 774 2378 in
811 2352 941 2378 nostros
981 2352 1012 2379 et
1047 2347 1139 2379 Sedis

205 2400 604 2443 demmutuanti<Apostolicae
631 2401 772 2432 notarios
799 2400 888 2432 vobis
914 2405 947 2431 iit
973 2410 1072 2443 supra
1100 2401 1141 2432 fa·

207 2433 320 2453 familiares
339 2436 387 2452 ante

207 2454 449 2511 {Z‘aiss'fflii'ssioii'lfflfi
480 2453 602 2495 persi-ui
637 2454 790 2493 valeatis,
827 2453 859 2485 in
896 2453 1046 2486 manibus
1083 2454 1140 2486 ali-

207 2518 245 2533 cae
261 2512 361 2533 notarios.

1275 2294 1394 2320 Dilecto
1414 2293 1477 2319 filio
1498 2292 1594 2325 equiti
1616 2292 1738 2325 Gaspari
1758 2291 1840 2318 Patti

1365 2337 1501 2363 Clemens
1522 2337 1601 2369 Papa
1615 2336 1679 2362 XII.
2152 2354 2167 2382 ι

1460 2389 1576 2416 Dilecte
1599 2389 1654 2422 fili,

1218 2435 1353 2462 salutem
1372 2437 1404 2460 et
1419 2434 1621 2467 apostolicam
1641 2433 1896 2461 benedictionem.

1229 2506 1271 2539 Ex
1293 2505 1429 2538 Romani
1443 2505 1608 2538 Pontificis
1623 2505 1840 2538 beneficentia
1856 2515 1932 2548 pro·
1969 2508 2091 2533 moreium.

1185 2559 1297 2593 venire
1323 2559 1457 2602 dignum
1482 2563 1548 2599 est,
1575 2563 1628 2599 ut,
1654 2558 1710 2602 qui
1735 2568 1813 2601 erga
1838 2557 1930 2591 illum

436 2525 447 2549 1
474 2523 540 2549 Edit.
562 2524 646 2550 Main.
668 2524 734 2559 legit
753 2525 946 2558 deroyacoriz's
967 2526 1004 2559 (R.
1022 2526 1076 2559 T.).

435 2567 451 2593 2
471 2567 638 2594 Particulam
657 2577 715 2595 uon
735 2568 858 2596 delemus
879 2569 915 2604 (a.
931 2569 981 2603 τ.).
