2182 3137
195 241 244 268 An.
259 239 288 268 C.
312 239 378 267 1734

424 229 488 263 586

392 287 479 328 fungi
506 286 655 318 desinunt
675 285 866 328 respective,
885 284 1065 328 plenariam
1087 284 1130 317 in-

392 339 616 372 formationem
630 349 737 370 rerum
750 337 788 369 ad
804 337 970 380 publicum
984 337 1129 380 regimen

391 398 422 425 ct
447 391 756 424 znlministrationeni
783 390 999 423 communium
1029 391 1129 423 bono-

392 456 461 477 rum
484 444 731 487 pertinentium,
753 443 931 486 praecipue
955 453 1030 475 vero
1049 442 1130 475 indi·
1150 461 1152 483 ,3

391 509 459 531 cem
486 502 517 530 et
548 496 679 530 nomina
708 496 908 538 singulorum
942 495 1130 529 debitorum

391 551 621 592 cuiuscumque
641 548 880 581 communitatis
899 559 954 581 seu
972 548 1130 581 universi-

393 603 483 642 tatis,
512 608 574 635 tam
600 613 636 635 ex
663 602 855 644 supradictis
883 612 976 644 quam
1004 612 1041 634 ex
1060 602 1152 635 aliis;

392 656 648 701 quibuscumque
668 655 786 694 causis,
808 659 955 688 accurate
975 660 1005 687 ct
1023 655 1130 697 singil-

392 709 479 741 latim
498 709 657 752 descripta
676 708 734 740 sibi
755 707 854 747 tradi,
875 718 975 750 eaque
993 713 1132 750 postmo-
1152 713 1153 742 l

393 763 467 794 dutn
480 790 487 803 ,
506 772 576 794 cum
603 761 741 804 primum
763 761 936 794 solutionis
954 761 1022 793 dics
1039 761 1132 793 adve-

393 816 486 854 nerit,
505 822 558 848 aut
574 816 598 848 si
618 816 679 848 iam
695 815 834 855 advenit,
851 815 933 847 intra
949 820 1012 847 tres
1026 819 1080 847 aut
1094 814 1131 846 ad
1153 830 1154 839 π

392 881 551 902 summum
577 875 715 912 quatuor
740 879 888 908 menses,
907 879 964 911 per
982 868 1132 901 officiales

394 929 425 956 et
438 923 640 965 magistratus
655 922 841 955 earumdem
854 919 1130 954 communitatum¹

393 987 449 1009 seu
469 975 715 1008 universitatum
742 974 842 1016 exigi,
863 979 894 1006 et
920 973 950 1005 iu
973 973 1130 1006 aerarium

394 1028 629 1061 communitatis
648 1038 702 1060 seu
722 1026 939 1059 universitatis
961 1026 1090 1059 referri.

437 1083 474 1114 Et
499 1082 524 1113 si
550 1082 626 1125 quid
646 1081 677 1113 in
695 1080 758 1113 fine
784 1080 869 1120 anni⁷
889 1085 961 1122 post
982 1080 1133 1112 deductas

395 1145 550 1177 expensas
583 1134 615 1166 in
650 1134 768 1166 tabella
800 1143 854 1165 seu
880 1133 990 1165 libello
1015 1132 1133 1165 descri-

395 1195 472 1231 ptas,
499 1187 674 1230 supererit,
694 1187 724 1219 id
743 1187 775 1218 in
795 1186 1024 1219 extinctionem
1050 1186 1132 1218 aeris

395 1241 491 1273 alieni
519 1240 647 1283 publice
666 1239 847 1279 contracti,
869 1244 923 1271 aut
940 1239 965 1271 si
988 1250 1040 1272 aes
1062 1238 1133 1271 alie-

395 1305 468 1326 num
494 1295 617 1326 nullum
645 1293 693 1333 sit,
714 1294 761 1326 vel
782 1293 812 1325 in
837 1303 999 1326 annonam
1025 1293 1133 1325 suble-

396 1346 543 1386 vandam,
571 1346 620 1378 rel
646 1356 704 1388 pro
730 1345 835 1379 Monte
862 1346 1000 1388 pietatis,
1026 1347 1074 1378 vel
1101 1345 1132 1377 in

393 1399 674 1442 recuperationem
701 1405 731 1432 et
756 1399 1015 1442 redemptionem
1036 1400 1133 1432 bono-

394 1462 463 1484 rum
482 1457 513 1484 et
534 1462 642 1484 rerum
661 1462 716 1484 seu
736 1452 852 1484 iurium
870 1462 929 1495 per
947 1452 1032 1494 ipsas
1051 1462 1134 1485 com-

393 1506 564 1538 munitates
586 1505 650 1538 sive
669 1505 891 1538 universitates
910 1506 1132 1545 alienatorum,

395 1560 444 1593 vel
470 1559 612 1602 (lenique
631 1559 662 1591 in
684 1559 822 1591 aliorum
849 1558 1061 1591 immobilium
1084 1559 1135 1591 bo-

394 1623 510 1645 norum
536 1612 732 1654 emptionem
749 1638 756 1652 ‚
782 1622 853 1644 cum
879 1611 1062 1644 interventu
1091 1617 1135 1643 ta-

394 1676 469 1698 men
494 1665 729 1708 gubernatoris,
747 1675 802 1698 seu
830 1666 995 1708 potestatis
1014 1671 1044 1698 et
1062 1675 1135 1707 pro-

394 1718 551 1751 curatoris
580 1718 697 1750 siscalis
734 1718 817 1758 loci,
851 1718 993 1750 converti
1031 1723 1132 1750 curet.

395 1771 484 1809 Quod
511 1771 535 1803 si
563 1771 745 1814 praedictas
777 1770 932 1814 pecunias
968 1771 999 1802 in
1029 1771 1135 1803 Monte

394 1825 524 1867 pietatis
551 1825 668 1867 deponi
695 1825 880 1867 contigerit,
908 1824 938 1856 id
966 1826 1002 1857 ea
1027 1825 1136 1857 condi-

397 1878 484 1910 tione
510 1877 571 1917 liat,
591 1883 623 1909 ut
641 1877 711 1910 illas
733 1883 845 1920 postea
862 1878 1134 1920 quandocumque

396 1931 527 1962 eaedem
565 1924 810 1963 coxiitiititiittites
849 1936 880 1963 et
912 1931 1135 1963 universitates

395 1984 470 2015 inde
496 1985 680 2024 extrahere,
701 1994 747 2023 ac,
771 1983 796 2015 si
823 1984 868 2016 eis
894 1984 1077 2025 videbitur,
1103 1983 1135 2015 in

397 2047 473 2068 usus
491 2047 547 2079 per
567 2037 649 2069 banc
674 2036 934 2070 constitutionem
961 2037 1136 2080 permissos

396 2101 529 2132 erogare
556 2092 692 2123 valeant.

440 2144 521 2176 Fisci
548 2154 620 2176 vero
654 2143 829 2176 cuiuslibet
854 2144 915 2176 loci
943 2150 1137 2187 procurator

396 2201 491 2239 petat,
510 2197 640 2230 omnino
663 2208 771 2229 coram
798 2197 938 2240 syndicis
965 2202 995 2229 et
1021 2197 1136 2239 guber-

397 2256 507 2282 natore
534 2260 588 2282 scu
614 2249 764 2292 praeside
786 2257 840 2282 aut
859 2255 1030 2292 potestate,
1052 2250 1136 2281 iutra

397 2303 507 2335 det-em
525 2303 605 2342 dies¹
626 2303 664 2334 ab
683 2302 761 2345 ipsis
781 2304 834 2346 qui
858 2302 1043 2345 magistratu
1064 2312 1137 2345 per-

398 2355 496 2387 l'uucti
518 2359 602 2393 sunt,
619 2361 678 2387 tam
699 2356 736 2388 de
752 2355 1031 2387 administratione
1051 2355 1136 2387 iuxta

399 2413 497 2439 taxain
530 2408 561 2439 in
590 2408 706 2440 tabella
738 2418 792 2440 seu
827 2409 938 2441 libello
972 2407 1136 2449 praescri-

398 2465 503 2503 ptam,
532 2472 626 2503 quam
652 2461 690 2493 de
716 2461 786 2493 aliis
821 2461 1012 2504 supradictis
1051 2472 1136 2504 prae-

397 2514 507 2545 sertim
533 2514 718 2546 nominibus
745 2514 929 2547 debitorum
958 2514 1133 2554 inexactis,

400 2565 538 2598 rationes
552 2566 655 2598 reddi.
678 2566 715 2598 Et
732 2566 755 2598 si
774 2567 847 2609 quid
869 2567 916 2599 vel
936 2566 967 2598 in
987 2566 1136 2609 expensis

435 2628 444 2652 1
467 2627 539 2653 Edit.
561 2626 640 2655 Main.
661 2626 724 2662 legit
745 2628 983 2655 communitatem
1004 2633 1041 2661 in.
1056 2628 1106 2662 T.)-

979 235 1160 260 BULLARIUM
1183 235 1338 260 ROMANUM

1173 293 1358 325 excessum,
1384 284 1432 317 vel
1466 283 1552 317 circa
1577 283 1778 317 exactionem
1803 284 1912 327 negle-

1173 343 1267 380 ctum,
1283 342 1335 371 aut
1356 348 1414 380 per
1432 337 1663 380 negligentiam
1683 337 1767 370 ultra
1785 341 1913 380 tempus

1174 391 1374 434 praedictum
1402 391 1536 423 dilatum
1563 390 1682 431 suerit,
1708 395 1820 423 contra
1845 401 1913 424 eos-

1174 445 1246 477 dem
1271 455 1345 477 rcos
1370 444 1553 486 magistratu
1580 449 1615 476 ut
1638 444 1819 487 praefertur
1840 454 1913 487 per-

1174 498 1309 537 functos,
1332 497 1371 530 ad
1396 496 1632 529 restitutionem
1660 496 1840 529 debitarum
1865 505 1913 528 ex-

1174 560 1356 593 pensarum,
1375 559 1499 582 necnon
1525 550 1563 582 ad
1589 548 1782 582 solutionem
1798 549 1836 582 de
1853 559 1912 582 suo

1175 603 1309 646 proprio
1328 602 1512 636 debitorum
1530 612 1587 645 per
1608 602 1840 645 negligentiam
1865 601 1914 634 in-

1176 662 1375 696 exactorum,
1396 666 1431 688 ac
1451 655 1586 688 ulterius
1611 655 1706 688 etiam
1732 656 1771 688 ad
1796 665 1915 698 poena·

1177 720 1245 742 rum
1262 710 1293 742 in
1308 710 1368 743 bac
1383 709 1615 742 constitutione
1631 713 1850 742 contentarum
1867 719 1915 742 ex-

1176 763 1356 795 ecutionem
1382 762 1526 805 procedi,
1547 772 1682 804 quarum
1704 771 1778 804 pars
1802 767 1915 804 quarta

1177 816 1238 859 ipsi
1262 816 1467 859 procuratori
1490 815 1587 848 fiscali
1614 815 1655 848 sit
1679 814 1851 858 applicata.

1221 869 1251 901 Si
1278 879 1353 901 vero
1379 874 1455 912 post
1487 868 1671 901 huiusmodi
1705 868 1817 900 decern
1847 867 1916 900 dies

1177 923 1305 965 elapsos
1331 922 1529 964 gubernator
1553 927 1606 954 aut
1631 926 1772 964 potestas
1798 920 1828 953 in
1853 920 1917 953 exi-

1177 975 1290 1017 gendis
1328 974 1508 1007 rationibus
1547 975 1595 1007 vel
1634 974 1666 1006 in
1704 973 1850 1016 cogendo
1876 973 1916 1006 ad

1177 1028 1389 1067 solvendum,
1416 1028 1465 1060 vel
1503 1027 1763 1066 restitutionem,
1797 1030 1851 1058 aut
1883 1026 1917 1058 in

1178 1081 1378 1124 exequendis
1405 1079 1542 1123 poenis,
1569 1080 1634 1112 sive
1661 1080 1739 1112 alias
1764 1078 1796 1111 in
1821 1089 1918 1123 prae·

1178 1134 1286 1166 missis
1305 1133 1474 1176 negligens
1494 1133 1597 1173 suerit,
1617 1134 1655 1166 ad
1682 1132 1918 1166 restitutionem

1177 1193 1208 1220 et
1233 1187 1442 1220 resectionem
1480 1187 1587 1219 damni
1615 1197 1650 1219 ex
1682 1186 1835 1220 indebitis
1860 1186 1919 1219 im-

1154 1267 1156 1284 }
1178 1240 1285 1283 pensis
1303 1241 1350 1273 vel
1375 1240 1536 1273 retardata
1562 1239 1731 1273 exactione
1756 1239 1918 1273 communi

1177 1294 1301 1327 aerario
1327 1294 1501 1326 cuiuslibet
1529 1294 1589 1326 loci
1615 1293 1708 1329 illati,
1747 1293 1842 1326 etiam
1879 1293 1919 1326 de

1178 1359 1236 1381 suo
1258 1347 1406 1390 proprio,
1427 1347 1554 1389 integre
1583 1351 1743 1379 teneatur:
1764 1356 1919 1390 procura-

1179 1407 1229 1434 tor
1260 1406 1368 1434 autem
1396 1399 1512 1433 fiscalis
1539 1400 1608 1433 eius
1636 1405 1761 1439 terrae,
1788 1399 1917 1443 oppidi,

1179 1459 1232 1486 aut
1257 1453 1416 1496 civitatis,
1443 1453 1629 1495 generalem
1662 1452 1812 1485 Gamerae
1837 1453 1920 1495 Apo-

1179 1507 1310 1539 stolicae
1342 1510 1587 1549 procuratorem
1621 1504 1765 1537 fiscalem
1796 1504 1834 1537 de
1862 1505 1921 1536 hu-

1180 1559 1316 1591 iusmodi
1355 1558 1555 1600 negligentia
1590 1558 1764 1591 certiorem
1801 1557 1917 1599 saciat,

1179 1612 1246 1645 sive
1283 1612 1378 1644 etiam
1416 1611 1548 1644 cuilibet
1584 1612 1622 1645 de
1659 1612 1783 1655 populo
1809 1611 1839 1644 id
1867 1611 1921 1644 de-

1179 1665 1334 1697 nunciare
1371 1665 1486 1697 liceat:
1523 1675 1558 1698 ac
1595 1670 1657 1698 tam
1693 1665 1725 1697 in
1751 1663 1920 1708 syndicatu

1180 1729 1238 1761 per
1264 1729 1319 1751 eos
1345 1719 1383 1750 ad
1410 1729 1491 1761 quos
1519 1724 1659 1761 spectat,
1687 1728 1780 1761 quam
1806 1723 1920 1761 postea

1180 1782 1238 1814 per
1275 1777 1519 1815 procuratorem
1558 1771 1699 1804 fiscalem
1733 1772 1920 1814 generalem

1180 1825 1330 1857 Gamerae
1344 1824 1552 1868 Apostolicae
1571 1830 1684 1857 contra
1701 1824 1789 1868 ipsos
1807 1824 1921 1867 guber·

1181 1883 1311 1910 natores
1337 1883 1367 1910 et
1385 1883 1575 1920 potestates,
1594 1878 1659 1910 sive
1686 1878 1780 1910 ctiam
1807 1884 1922 1911 contra

1181 1942 1334 1974 personas
1360 1942 1441 1974 quae
1479 1942 1538 1974 pro
1576 1931 1654 1974 ipsis
1686 1931 1717 1964 in
1755 1931 1920 1975 syndicatu

1181 1984 1412 2024 metasset—int,
1439 1985 1655 2027 procedatur,
1682 1985 1762 2017 itaut
1796 1990 1856 2017 tam
1881 1985 1920 2018 ab

1181 2038 1226 2070 eis
1252 2048 1347 2080 quam
1374 2037 1413 2070 ab
1436 2037 1511 2080 ipsis
1538 2038 1602 2070 reis
1627 2037 1862 2081 principalibus
1883 2038 1922 2070 il-

1181 2092 1278 2123 latum
1305 2091 1471 2130 damnum,
1491 2090 1638 2123 inexacta
1663 2090 1782 2130 debita,
1800 2090 1922 2124 indebi-

1182 2148 1297 2186 taeque
1313 2154 1491 2186 expensae,
1511 2148 1557 2183 et,
1574 2154 1656 2186 quae
1676 2143 1707 2176 in
1726 2144 1786 2176 bac
1800 2144 1921 2177 consti-

1182 2196 1305 2228 tutione
1324 2196 1543 2236 continentur,
1562 2198 1718 2236 mulctae,
1735 2206 1804 2229 cum
1821 2196 1919 2230 simili

1181 2250 1271 2282 lucro
1310 2249 1460 2291 personis
1494 2249 1668 2292 praedictis
1702 2249 1920 2292 applicando,

1181 2302 1362 2344 exigantur.
1400 2302 1442 2334 Ac
1471 2308 1646 2344 propterca
1676 2306 1738 2334 tam
1766 2303 1830 2345 ipsi
1857 2313 1917 2345 gu-

1180 2355 1388 2394 bernatores,
1409 2355 1591 2397 praesides,
1611 2360 1799 2397 potestates,
1823 2366 1919 2399 quam

1180 2413 1412 2450 procuratores
1433 2407 1565 2447 fiscales,
1585 2407 1615 2439 in
1638 2408 1826 2450 praemissis
1852 2409 1920 2441 cul-

1181 2460 1318 2503 pabiles,
1346 2460 1441 2492 officii
1468 2470 1528 2503 per
1553 2470 1608 2493 eos
1634 2460 1758 2493 obtenti
1785 2471 1822 2494 eo
1848 2460 1919 2504 ipso

1179 2512 1312 2556 privati,
1333 2518 1363 2545 et
1388 2513 1426 2545 ad
1453 2513 1509 2545 illa
1534 2518 1628 2556 atque
1654 2513 1714 2546 alia
1739 2514 1856 2546 similia
1880 2514 1919 2548 de

1180 2571 1290 2599 cetero
1317 2565 1494 2598 obtinenda
1518 2572 1677 2608 perpetuo
1699 2566 1863 2600 inhabiles
1889 2571 1920 2600 et

1179 2620 1349 2663 incapaces
1372 2619 1437 2652 sint
1462 2623 1492 2652 et
1516 2624 1718 2654 censeantur.

1926 235 1975 261 An.
1991 234 2019 263 C.
2039 234 2106 265 ¹78⁴
2141 256 2142 260 ,
