2182 3137
165 215 213 242 An.
236 215 263 241 c.
286 214 348 242 ¹731
398 206 462 241 ⁶280

359 270 516 298 statuatur
550 271 583 297 ut
617 265 647 298 in
673 270 835 299 conventu
862 265 909 299 Ss.
939 265 989 298 ΧΗ
1017 265 1100 308 Apo-

358 318 512 351 stolorum
539 319 577 351 de
599 318 683 351 Urbe
703 329 739 352 ex
759 318 1016 362 quibuscumspie
1036 323 1098 350 tam

358 372 442 404 ultra
468 382 562 414 quam
589 371 668 403 eitra
695 376 819 403 montes
846 371 1018 414 provinciis
1045 381 1099 413 pa-

359 429 423 457 tres
449 430 479 457 et
501 425 626 462 fratres,
645 423 698 468 qui
718 424 799 457 vitae
819 424 1012 467 integritate,
1033 434 1099 456 mo-

357 486 426 509 rtun
464 476 704 520 compositione
742 487 777 510 ac
815 477 976 519 sapientia
1014 476 1099 509 inter

357 535 482 563 ceteros
508 530 673 573 conspicui
695 530 769 569 sint,
794 531 1010 563 collocentur:
1038 529 1097 572 ipsi

357 588 556 626 exponentes
592 593 649 625 pro
676 583 761 615 bono
787 583 934 615 eiusdem
970 582 1098 615 Ordinis

358 643 388 670 et
413 636 650 679 provinciarum
685 637 870 670 huiusmodi
909 642 971 669 tres
999 647 1098 669 noros

356 691 544 723 assistentes
565 692 735 732 gelterales
758 691 892 729 institui,
913 701 949 723 ac
968 695 1098 733 propte-

357 755 412 776 rca
438 749 623 786 opportune
661 744 691 776 in
730 744 916 787 praemissis
952 756 968 776 a
1007 743 1098 776 nobis

358 796 521 840 provideri
550 802 580 828 et
609 802 642 828 ut
668 798 750 829 intra
769 796 930 839 indulgeri
959 807 1098 829 summo-

358 861 437 893 pere
465 850 663 882 desiderant.

163 911 228 956 „Tm
243 912 345 955 ³{7‘.’.¹⁰''’
400 904 461 946 §⁶2.
480 904 552 944 Nos,
572 905 760 937 eorumdem
780 904 936 937 Yitieentii
957 903 1095 936 ministri

161 944 521 1011 Kipffff'fua'liffiigeneralis
541 963 571 990 et
589 957 858 1000 primodictorum
878 956 1096 989 assistentium

162 1001 346 1065 mih!&pli-'2112
358 1009 437 1042 votis
463 1010 576 1042 bacin
604 1020 649 1049 re,
679 1014 834 1052 quantum
862 1020 932 1041 cuni
959 1008 1096 1041 Domino

162 1070 250 1094 hrt-udi.
357 1072 539 1104 possumus
566 1072 711 1095 annuere
738 1063 894 1103 volentes,
920 1072 1041 1104 eosque
1068 1066 1098 1094 et

356 1115 484 1148 illorum
510 1114 691 1158 singulares
719 1125 876 1159 personas
895 1125 909 1147 a
929 1114 1096 1159 quibusvis

356 1169 713 1209 excommunicationis‚
742 1168 968 1212 suspensionis
995 1174 1026 1202 et
1052 1168 1097 1200 in-

358 1221 495 1261 terdicti,
511 1221 647 1264 aliisque
667 1221 897 1254 ecclesiasticis
915 1221 1095 1260 sententiis,

356 1275 503 1307 censuris
529 1280 561 1307 et
586 1275 710 1318 poenis,
737 1287 754 1308 a
787 1275 857 1308 iure
888 1276 936 1308 vel
970 1275 1008 1307 ab
1042 1275 1097 1308 lio·

356 1327 453 1367 mine,
479 1328 588 1370 quavis
614 1328 784 1361 occasione
811 1329 857 1361 vel
884 1329 979 1361 causa
1014 1327 1095 1368 latis,

356 1380 381 1413 si
408 1381 524 1423 quibus
555 1381 804 1423 quomodolibet
832 1381 1006 1414 innodatae
1032 1382 1097 1414 exi-

356 1438 456 1474 stunt,
482 1434 521 1466 ad
547 1433 696 1467 ell'eetum
724 1434 945 1477 praesentium
973 1434 1097 1467 dumta-

357 1494 407 1521 xat
431 1488 706 1531 consequendum,
733 1488 847 1520 barum
881 1488 963 1521 serie
995 1488 1097 1522 absol-

358 1547 467 1575 ventes
493 1546 523 1574 et
548 1542 715 1574 absolutas
734 1541 802 1574 sore
821 1546 1000 1581 censentes,
1021 1552 1095 1584 sup·

356 1593 587 1637 plicationibus
607 1605 720 1627 eorum
739 1594 869 1627 nomine
889 1594 982 1627 nobis
1000 1605 1097 1637 super

358 1648 418 1680 boe
444 1647 610 1680 humiliter
635 1647 794 1690 porrectis
813 1647 966 1687 inclinati,
988 1653 1097 1680 aucto-

356 1700 451 1734 ritate
487 1699 687 1743 apostolica,
715 1705 826 1733 tenore
854 1700 1094 1743 praesentium,

357 1753 526 1785 statuimus
559 1758 590 1786 et
624 1753 819 1792 ordinamus,
846 1758 881 1785 ut
914 1753 951 1786 de
986 1758 1094 1787 cetero

356 1817 438 1839 unus
471 1806 624 1839 assistens
657 1807 817 1848 generalis
849 1817 884 1839 ex
912 1806 1093 1847 Germania,

356 1859 394 1891 ab
427 1860 490 1891 una
521 1869 557 1891 ex
584 1858 800 1898 Germaniae,
826 1858 912 1892 iuxta
945 1859 1094 1892 ordinem

356 1923 419 1956 quo
453 1911 635 1955 praedictae
668 1912 853 1955 provinciae
879 1910 910 1944 in
939 1913 1095 1945 constitu·

357 1965 498 1998 tionibus
515 1965 650 1997 Urbauis
669 1965 853 2009 descriptae
874 1965 1093 2009 reperiuntur,

356 2018 504 2051 similiter
530 2019 612 2051 alter
638 2029 673 2051 ex
701 2018 832 2058 Galliae,
859 2024 890 2052 et
917 2019 1031 2052 tertius
1058 2030 1093 2052 ex

356 2072 509 2104 poloniae
528 2071 707 2114 respective
729 2071 901 2115 provinciis
922 2072 1093 2115 eligantur,

356 2126 398 2158 ita
431 2125 515 2168 quod
550 2124 714 2168 quaelibet
743 2125 909 2168 provincia
940 2137 1000 2169 per
1033 2132 1095 2159 tur-

356 2189 432 2211 num
469 2178 508 2210 de
540 2178 696 2211 sexennio
730 2178 762 2210 in
803 2179 990 2211 sexennium
1030 2184 1095 2212 tres

354 2236 463 2274 patres
488 2231 684 2264 constitutos
710 2231 741 2264 in
760 2232 860 2275 gradu
887 2231 1092 2266 definitorum

355 2289 586 2328 perpetuorum
624 2296 682 2328 per
711 2291 859 2318 exactum
897 2287 1092 2319 leeturarum

355 2348 481 2370 cursum
507 2338 664 2381 acquisito
689 2338 854 2372 nominare
882 2339 1019 2380 debeat,
1057 2351 1091 2373 ex

356 2390 471 2434 quibus
498 2392 686 2435 praedictus
716 2397 748 2425 et
772 2403 830 2435 pro
859 2396 1002 2435 tempore
1030 2393 1094 2426 exi-

355 2449 442 2476 stens
478 2443 627 2476 minister
652 2444 833 2487 generalis,
861 2456 957 2488 quem
992 2446 1093 2489 magis

355 2496 508 2530 idoneum
535 2497 739 2538 iudicaverit,
766 2498 888 2541 eligere
916 2504 1070 2532 teneatur.

160 2554 344 2604 Μξξξιῑῇῃχζζζξᾪζζξ
399 2550 413 2592 ἓ
439 2549 470 2582 3.
494 2550 649 2593 Quodque
676 2550 727 2584 isti
747 2551 819 2584 novi
839 2551 1025 2585 assistentes
1050 2552 1095 2585 sic

158 2608 261 2628 umanum
301 2604 341 2634 ru
356 2602 447 2636 electi
474 2602 623 2637 omnibus
648 2603 826 2649 privilegiis
862 2609 894 2638 et
925 2614 1096 2650 praeroga-

941 215 1124 241 BULLARIUM
1150 216 1307 240 ROMANUM

1893 219 1943 246 An.
1964 220 1993 246 C.
2013 220 2074 248 ¹731

1145 264 1214 297 tivis
1240 264 1444 298 definitorum
1464 266 1662 308 generalium
1682 266 1830 300 fruantur
1850 273 1978 305 etiarm
2004 282 2007 284 ·
2031 288 2078 308 per·
2180 278 2182 336 A

1143 317 1314 359 gaudeant,
1341 328 1376 349 ac
1401 328 1514 350 omnes
1541 318 1618 351 alios
1644 320 1699 362 qui
1726 330 1789 352 non
1819 308 1998 353 sint‘'¹¹“¹‘'¹¹''

1144 369 1334 403 definitores
1346 371 1514 412 generales
1525 372 1720 413 praecedere
1733 372 1883 412 debeant,

1142 426 1269 456 servata
1295 422 1379 455 inter
1405 423 1492 465 ipsos
1517 423 1604 456 iuxta
1637 424 1785 457 ordinem
1811 436 1883 468 pro-

1144 475 1231 518 priae
1246 475 1444 508 antianitatis
1460 477 1691 519 praecedentia
1705 489 1711 517 ;
1732 485 1882 521 respectu

1143 538 1217 560 vero
1236 528 1374 561 duorum
1394 528 1634 562 ordinariorum
1653 530 1881 571 assistentium,

1142 580 1218 614 socii
1245 581 1368 614 scilicet
1393 587 1424 614 et
1449 582 1612 615 secretarii
1640 583 1715 616 dicti
1743 584 1881 623 Ordinis,

1143 636 1206 667 una
1231 645 1302 668 cum
1329 635 1481 668 omnibus
1499 636 1729 679 praerogativis
1755 643 1786 670 et
1811 637 1884 670 iuri-

1142 687 1219 726 bus,
1247 698 1329 731 quae
1356 688 1422 721 sive
1444 699 1478 721 ex
1502 688 1788 722 constitutionibus
1816 690 1881 723 sire

1142 752 1178 774 ex
1205 741 1440 775 consuetudine
1461 742 1670 785 proveniunt,
1697 753 1826 786 semper
1852 749 1883 777 et

1142 795 1275 828 omnino
1302 796 1424 829 eisdem
1451 801 1618 829 reservata
1644 802 1851 831 censeantur.

1186 849 1200 891 ἓ
1225 849 1256 881 li.
1293 848 1449 892 Quodque
1481 849 1616 892 insuper
1649 850 1733 883 idem
1764 854 1794 884 et
1823 861 1882 894 pro
1920 863 2006 883 parvm
2027 868 2076 884 vem

1144 907 1289 944 tempore
1315 902 1454 935 existens
1479 902 1627 935 minister
1652 903 1814 946 generalis
1842 890 2076 945 aditt't'fffflltl'miftl

1143 954 1357 988 visitationem
1384 955 1519 988 alieuius
1542 966 1578 988 ex
1605 956 1780 999 praedictis
1805 967 1881 1000 pro·
1892 943 2076 999 ssissi.'‚⁹⁵„{¹‘iic³t¹i's'

1142 1007 1253 1040 vinciis
1280 1009 1362 1041 ultra
1388 1013 1512 1041 montes
1531 1009 1698 1042 existentis
1719 1010 1880 1052 prosectu·
1892 1001 2076 1047 ffl'ssssiiiffins'iiss

1142 1071 1207 1099 rus,
1226 1066 1357 1103 praeter
1375 1061 1455 1094 duos
1473 1061 1659 1095 ordinarios
1678 1062 1878 1103 assistentes,
1892 1051 1958 1070 ΜΗ

1141 1113 1265 1146 socium
1300 1119 1331 1146 et
1358 1115 1580 1154 secretarium,
1607 1115 1703 1148 etiam
1730 1115 1880 1148 assisten-

1143 1171 1206 1199 tem
1233 1166 1432 1200 nationalem
1457 1178 1623 1200 assumere
1649 1168 1774 1201 debeat.

1185 1221 1198 1263 ζ]
1224 1219 1254 1252 5.
1284 1221 1320 1253 Et
1345 1221 1496 1264 denique,
1518 1222 1604 1264 quod
1626 1221 1799 1265 praedictis
1826 1222 1896 1263 tri-t
1916 1233 1949 1263 *uo
1969 1233 2074 1255 numanus

1140 1273 1199 1306 bus
1225 1274 1467 1314 assistentibus,
1499 1285 1678 1318 eorumque
1706 1275 1794 1308 laicis
1824 1260 2074 1316 seuiiii³.a¹i‘“1?.]}³ssssl

1141 1326 1317 1364 conversis,
1344 1326 1418 1359 dum
1446 1327 1567 1360 Romae
1593 1333 1778 1368 morantur,
1805 1314 2076 1370 con-{¹12¹3'003‘illl'331

1142 1384 1254 1412 ventus
1289 1380 1337 1412 Ss.
1366 1380 1418 1412 Xll
1455 1380 1682 1423 Apostolorum
1720 1382 1759 1414 de
1795 1367 2011 1415 U1·b0¹¹¹'¹''⁶¹¹“'⁸·

1140 1433 1291 1465 alimenta
1316 1438 1347 1465 et
1372 1432 1558 1465 vestiarium
1592 1433 1801 1477 suppeditare
1834 1440 1879 1467 te-

1141 1490 1264 1525 neatur,
1284 1485 1419 1528 perinde
1438 1496 1473 1518 ae
1491 1485 1517 1518 si
1544 1491 1656 1519 essent
1684 1491 1792 1529 patres
1825 1486 1881 1520 do-

1140 1549 1226 1579 mus,
1244 1539 1286 1571 ita
1312 1544 1419 1572 tamen
1446 1542 1477 1572 ut
1497 1539 1768 1573 administrationi
1788 1551 1880 1583 prae-

1140 1594 1215 1627 dicti
1252 1600 1450 1635 eonventus,
1477 1605 1583 1638 neque
1619 1595 1690 1627 aliis
1728 1595 1823 1628 rebus
1849 1600 1881 1628 et

1139 1647 1290 1689 negotiis,
1316 1652 1543 1690 praeterquam
1566 1648 1629 1680 illis
1648 1658 1728 1691 quae
1747 1647 1785 1680 ad
1804 1658 1880 1691 pro-

1138 1699 1225 1743 prias
1253 1700 1431 1742 respective
1458 1699 1650 1743 provincias,
1671 1710 1808 1743 quorum
1835 1711 1880 1733 as-

1138 1753 1292 1786 sistentes
1319 1758 1425 1794 erunt,
1451 1754 1626 1796 pertinent,
1644 1765 1678 1787 se
1696 1754 1878 1788 immiscere

1138 1811 1317 1849 nequeaut3
1334 1806 1497 1849 iidemque
1518 1812 1582 1839 tres
1602 1807 1787 1840 assistentes
1806 1807 1880 1840 mis-

1138 1870 1187 1892 sas
1226 1870 1283 1902 pro
1322 1859 1538 1902 adimplendis
1579 1860 1734 1893 oneribus
1775 1860 1876 1904 ipsius

1138 1918 1313 1946 conventus
1337 1913 1523 1956 applicare,
1547 1918 1578 1946 et
1603 1913 1750 1955 singulae
1777 1914 1877 1947 natio-

1137 1977 1195 1999 nes
1222 1977 1275 1999 seu
1303 1966 1490 2010 provinciae
1516 1966 1650 1999 cuilibet
1681 1978 1794 2000 eorum
1827 1978 1877 2000 re-

1138 2021 1281 2063 spective
1299 2020 1468 2061 assistenti,
1492 2020 1648 2065 quidquid
1670 2032 1728 2064 pro
1747 2021 1876 2055 illorum

1139 2074 1330 2107 honestiore
1356 2078 1386 2105 et
1414 2074 1514 2116 magis
1542 2074 1710 2106 commoda
1734 2074 1877 2107 substen-

1139 2127 1259 2160 tatione
1285 2136 1464 2168 congruum
1487 2126 1707 2166 iudicaverint,
1727 2127 1876 2160 residuos

1137 2186 1168 2213 et
1182 2180 1326 2223 reliquos
1340 2184 1486 2222 sumptus
1501 2179 1710 2213 contribuere
1726 2180 1874 2213 debeant.

1181 2234 1196 2276 ἓ
1221 2233 1251 2266 6.
1272 2232 1352 2270 Quia
1378 2237 1483 2265 tamen
1510 2232 1597 2265 iuxta
1622 2233 1778 2276 quasdam
1797 2233 2070 2292 lil¹e·2.0n0⁰t}‚‚¹l?¹2'{'33

1137 2298 1188 2320 ras
1209 2286 1308 2320 felicis
1327 2286 1561 2319 reeordationis
1581 2286 1754 2319 Clementis
1772 2287 1830 2320 PP.
1851 2288 1977 2320 Xsnandfs-

1136 2339 1400 2383 praedecessoris
1427 2339 1525 2372 nostri
1554 2339 1694 2382 desuper
1719 2340 1750 2372 in
1777 2339 1874 2373 simili

1137 2394 1238 2426 forma
1275 2393 1382 2425 Brevis
1421 2392 1470 2425 die
1495 2403 1539 2426 vn
1576 2392 1681 2425 martii
1717 2403 1875 2427 nnccxxtv

1137 2446 1318 2488 expeditas,
1347 2455 1480 2488 quarum
1515 2450 1614 2478 totum
1643 2451 1788 2478 tenorem
1814 2457 1874 2489 pro

1136 2498 1257 2531 inserto
1294 2503 1325 2530 et
1361 2508 1512 2541 expresso
1555 2498 1668 2531 baberi
1707 2499 1873 2538 volumus,

1137 2562 1290 2584 numerus
1317 2551 1469 2584 denarius
1488 2556 1614 2595 patrum
1635 2551 1666 2583 in
1693 2557 1873 2585 memorato

1136 2610 1299 2640 conventu
1325 2605 1487 2640 dumtaxat
1508 2604 1669 2649 praefixus
1688 2604 1870 2649 reperitur;
2090 2631 2091 2634 ,
2154 2601 2182 2650 Q'
