2182 3137
206 229 255 258 An.
275 228 302 255 c.
327 228 393 256 1732
438 219 502 253 310

397 288 472 309 nem
491 282 523 309 et
540 276 711 310 arctiorem
729 276 823 311 vitam
848 276 966 310 ducere
987 276 1135 317 avebant,

398 329 490 369 itaut,
508 340 578 363 cum
600 330 686 373 paris
711 329 888 362 memoriae
915 329 989 362 Pius
1012 330 1095 373 Papa
1113 329 1136 362 Il

397 383 634 425 praedeeessor
658 382 753 414 etiam
774 387 882 415 noster
907 392 991 415 anno
1017 392 1136 415 nanXI
1158 380 1159 400 ³

398 435 436 467 ad
462 434 595 468 Sacrum
621 434 761 478 Specum
787 435 990 476 devenisset,
1023 435 1135 478 viginti

396 488 574 520 monachos
600 487 644 519 ibi
677 487 858 530 degentes,
891 494 926 520 ut
961 488 1135 531 plurimum

396 550 501 581 senes,
530 541 650 573 viribus
677 545 785 573 tamen
810 541 954 573 valentes
979 552 1014 573 ac
1042 551 1136 582 vege-

398 600 464 635 tos,
493 594 553 627 etsi
579 594 792 626 austeriorem
819 594 942 626 vix-endi
979 594 1136 627 rationem

396 647 587 687 retinerent,
608 658 673 680 non
699 647 768 680 sine
794 647 950 690 peculiari
972 647 1070 680 animi
1088 647 1134 680 sui

396 701 616 734 oblectatione
637 711 673 734 ac
694 701 829 744 speciali
848 701 1075 734 aedificatione
1093 701 1136 732 in-

395 754 533 787 venerit.
561 753 647 792 Quae
683 754 813 797 quidem
845 754 1017 787 laudabilis
1047 754 1136 787 disci·

395 808 484 851 plina
511 819 528 840 a
555 813 702 851 tempore
727 808 800 850 piae
826 807 1001 840 memoriae
1020 808 1136 851 Grego-

395 861 433 894 rii
460 861 562 905 Papae
580 861 615 893 lv
641 861 904 904 praedecessoris
931 871 1059 904 quoque
1085 872 1137 894 no-

395 915 454 947 stri
480 915 512 947 iu
540 914 625 947 dicto
656 914 854 946 monasterio
890 913 976 946 Sacri
1015 914 1158 957 Specus}

396 968 520 1001 duravit
537 977 637 1009 usque
657 967 693 998 ad
709 976 828 998 annum
846 976 955 1005 nnsiv,
971 977 1034 1009 <pm
1050 967 1135 1000 idem

395 1021 625 1054 monasterium
651 1020 682 1052 S.
709 1019 930 1053 Scliolasticae
960 1020 1020 1063 ipsi
1047 1020 1132 1053 Con—

395 1073 577 1117 gregationi
609 1073 789 1106 Cassincnsi
827 1079 1037 1116 aggregatum
1064 1074 1133 1106 fuit.

395 1129 521 1161 Abinde
542 1138 627 1166 rero,
647 1128 695 1160 vel
714 1126 806 1159 istius
833 1127 1021 1160 monasterii
1044 1127 1135 1160 abba-

395 1187 460 1214 tum
487 1181 621 1220 incuria,
640 1180 689 1212 vel
709 1180 783 1224 quia
805 1179 884 1212 illud
910 1181 1134 1214 commendari

395 1236 513 1278 coepit,
531 1234 683 1277 antiquus
702 1233 755 1266 ille
773 1244 842 1266 mos
861 1245 896 1266 ac
914 1236 1016 1268 cultus
1035 1240 1135 1267 tanto-

394 1299 471 1331 pere
492 1290 734 1322 commendatus
759 1301 795 1323 ac
823 1295 868 1322 tot
894 1290 1033 1323 decretis
1053 1289 1135 1321 Pon-

395 1341 501 1375 tificiis
518 1342 672 1383 munitus,
688 1343 806 1376 sensim
822 1343 982 1384 exolevit;
1003 1343 1136 1375 dictum-

396 1406 458 1438 que
492 1397 724 1429 monasterium
758 1396 845 1430 Sacri
880 1397 1001 1440 Specus
1034 1406 1134 1439 prope

395 1450 559 1482 desertum
585 1450 691 1491 iacuit,
711 1456 823 1494 utpote
842 1450 873 1483 in
894 1461 956 1493 quo
983 1450 1036 1483 diu
1066 1450 1136 1482 uni-

394 1513 459 1543 cus,
477 1514 513 1536 ac
527 1503 700 1537 novissime
719 1504 782 1537 duo
800 1504 953 1537 monachi
972 1504 1136 1537 dumtaxat

394 1556 547 1598 aderant,
573 1557 717 1600 quamvis
742 1557 855 1601 populi
880 1568 916 1590 ac
942 1558 1135 1601 praesertim

394 1611 642 1653 peregrinorum
675 1621 740 1644 non
774 1611 903 1644 deesset
938 1611 1132 1654 frequentia.

393 1664 501 1696 Donec
526 1664 629 1697 felicis
661 1664 773 1697 itidem
803 1665 1041 1698 recordationis
1067 1665 1135 1698 Cle-

393 1727 486 1750 mens
506 1717 591 1761 Papa
612 1717 651 1750 XI
676 1717 913 1761 praedecessor
929 1723 1049 1758 noster,
1076 1728 1135 1759 pro

395 1772 451 1803 sua
477 1770 508 1803 in
535 1770 634 1803 Deum
660 1770 780 1814 pietate
799 1777 829 1804 et
851 1782 928 1814 erga
948 1782 1073 1804 sacrum
1095 1772 1136 1804 lo-

394 1834 464 1856 cum
482 1850 489 1863 ,
518 1834 614 1867 quem
639 1824 763 1867 pluries
789 1830 863 1858 ante
896 1835 986 1857 suam
1013 1834 1135 1857 assum-

393 1878 541 1922 ptionem
567 1878 606 1911 ad
633 1878 750 1911 summi
785 1879 984 1922 apostolatus
1010 1879 1135 1922 apicem

394 1931 616 1974 personaliter
629 1932 825 1974 visitaverat,
841 1932 1021 1973 devoti0ne,
1037 1932 1136 1965 omni-

394 1984 454 2018 bus
472 1990 504 2018 et
522 1986 661 2029 singulis
686 1986 954 2019 christifidelibus
975 1986 1012 2018 ad
1032 1986 1136 2019 eccle—

395 2037 475 2071 siam
501 2038 647 2072 eiusdem
671 2039 758 2072 Sacri
784 2040 905 2082 Specus
922 2039 1137 2083 peregrinan-

395 2091 488 2132 tibus,
508 2102 651 2136 vereque
670 2092 912 2136 poenitentibus
930 2098 961 2125 et
981 2092 1135 2126 confessis

395 2157 432 2179 ac
450 2147 541 2179 sacra
558 2146 787 2180 communione
813 2146 957 2186 refectis,
978 2146 1066 2179 illam
1091 2146 1136 2179 vi-

395 2199 581 2241 sitantibus,
608 2200 790 2244 plenariam
817 2199 963 2233 omnium
988 2205 1137 2243 peccato·

396 2263 466 2285 rum
491 2264 626 2286 suorum
657 2253 893 2296 indulgentiam
918 2258 948 2286 et
974 2252 1137 2286 remissio-

395 2317 481 2347 nem,
499 2308 601 2341 semcl
627 2306 660 2339 in
685 2317 770 2340 anno
788 2317 846 2350 per
866 2317 1135 2351 unumquemque

395 2361 676 2401 lucrifaciendam,
697 2361 874 2401 concessit;
893 2373 929 2394 ac
953 2360 1136 2394 successive

395 2415 434 2447 ab
471 2414 580 2447 officio
617 2414 890 2448 Poenitentiariae
928 2414 1135 2458 Apostolicae

396 2468 552 2501 attributa
578 2468 634 2501 fuit
659 2468 785 2501 duobus
816 2467 982 2501 monacbis
1015 2468 1136 2501 ibidem

396 2521 673 2554 commorantibus
707 2521 841 2554 facultas
874 2521 1063 2554 absolvendi
1090 2520 1136 2554 di-

396 2579 463 2607 ctos
488 2573 601 2608 fideles
618 2585 635 2607 a
660 2574 812 2618 pcccatis,
830 2574 977 2607 censuris
1002 2579 1034 2607 et
1057 2584 1136 2617 poe-

396 2627 445 2661 nis
468 2627 651 2670 reservatis,
678 2638 739 2671 qua
763 2626 1005 2671 poenitentiarii
1027 2627 1136 2661 basili-

983 227 1102 252 BULLAF.
1109 227 1165 252 IUM
1189 228 1345 253 ROMANUM

1181 287 1235 310 cae
1261 278 1291 310 S.
1321 278 1404 310 Petri
1431 278 1470 311 de
1495 278 1580 311 Urbe
1614 283 1644 312 et
1670 289 1780 312 sacrae
1807 279 1918 312 domus

1181 330 1378 364 Lauretanae
1416 342 1452 364 ex
1491 332 1702 365 concessione
1740 333 1918 376 apostolica

1180 384 1376 427 potiuntur:
1407 385 1493 418 unde
1528 386 1641 418 factum
1675 391 1721 418 est
1749 391 1783 417 ut
1803 385 1916 429 populi

1181 436 1307 469 devotio
1333 448 1368 469 ae
1389 448 1562 471 concursus
1577 438 1607 470 in
1628 450 1699 472 eum
1715 439 1819 471 locum
1836 448 1918 470 nova

1181 489 1210 521 in
1238 490 1305 523 dies
1338 491 1542 534 susciperent
1576 491 1787 524 incrementa.
1815 491 1917 524 Porro

1181 542 1318 576 dilectus
1339 543 1424 577 silius
1448 545 1622 578 modernus
1640 545 1739 577 abbas
1757 543 1917 587 regularis

1926 229 1975 256 An.
1992 229 2022 257 G.
2043 229 2109 257 ¹732

1180 596 1336 639 praedicti
1352 598 1539 630 monasterii
1554 598 1585 631 S.
1601 597 1830 638 scholasticae,
1846 597 1918 630 loco
1945 605 1949 609 ·

1181 655 1348 691 vetustae,
1376 662 1458 694 quae
1494 651 1634 684 difficilis
1672 662 1707 684 ae
1743 657 1919 694 praerupta

1181 709 1274 743 erat,
1301 714 1417 737 novant
1451 704 1627 737 faciliorem
1660 704 1740 736 viam
1767 703 1916 746 aperuit,

1180 767 1242 799 qua
1269 757 1379 790 fideles
1401 758 1549 790 eumdem
1570 757 1700 790 Sacrum
1726 757 1862 800 Specum
1889 767 1918 789 a-

1181 810 1338 842 scendere
1365 810 1509 853 possint,
1532 811 1649 843 adeout
1674 811 1711 843 ad
1739 811 1920 843 instauran-

1181 862 1255 895 dum
1276 864 1418 896 totaliter
1440 875 1532 907 opus,
1551 864 1702 896 universo
1719 863 1830 896 Ordini
1847 872 1920 895 san-

1180 916 1220 948 cti
1248 916 1415 960 Benedicti
1442 917 1697 960 optatissimum,
1725 917 1805 949 nihil
1831 915 1919 949 aliud

1180 979 1265 1001 nunc
1291 970 1455 1013 supersit,
1484 981 1577 1013 quam
1603 981 1722 1013 augere
1749 979 1918 1002 numerum

1180 1022 1425 1062 monachorum,
1442 1023 1494 1066 qui
1515 1023 1592 1056 inibi
1612 1023 1792 1056 residentes
1810 1022 1919 1056 divina

1180 1075 1284 1108 officia
1311 1076 1349 1108 atl
1378 1077 1521 1110 tramites
1547 1079 1678 1120 regulae
1697 1077 1771 1110 dicti
1790 1076 1918 1109 Ordinis

1179 1129 1370 1169 celebrare,
1405 1130 1696 1174 spiritualibusque
1727 1130 1919 1174 peregrino·

1180 1193 1248 1215 rum
1274 1183 1478 1226 aliorumque
1504 1184 1743 1217 adventantium
1775 1183 1919 1217 necessi-

1180 1237 1296 1268 tatibus
1316 1237 1489 1270 subvenire
1515 1238 1652 1277 valeant,
1674 1238 1758 1281 qnod
1778 1238 1841 1270 duo
1859 1237 1917 1271 soli

1179 1290 1330 1323 monachi
1346 1291 1388 1322 ilii
1406 1291 1444 1323 de
1460 1291 1622 1334 praesenti
1640 1291 1813 1324 existentes
1827 1302 1919 1335 prae-

1179 1348 1263 1376 stare
1289 1349 1464 1387 nequeunt,
1485 1344 1657 1388 minusque
1678 1345 1849 1388 pristinam
1869 1355 1920 1378 ve-

1179 1397 1390 1436 nerationeu'1‚
1409 1408 1472 1440 qua
1491 1408 1581 1431 sacer
1606 1398 1658 1431 ille
1685 1399 1775 1431 locus
1802 1404 1847 1432 tot
1868 1409 1919 1432 re-

1180 1456 1228 1482 tro
1262 1451 1400 1483 saeculis
1436 1450 1550 1483 eximie
1587 1451 1720 1492 floruit,
1746 1451 1916 1485 restituere

1177 1510 1326 1547 possunt.

1222 1558 1236 1601 ξ
1254 1558 1283 1590 2.
1302 1558 1377 1590 Cum
1395 1563 1510 1599 autem,
1529 1559 1611 1592 sicut
1628 1559 1739 1592 eadem
1758 1559 1918 1603 expositio

1179 1611 1412 1654 subiungebat,
1446 1610 1550 1645 bonae
1575 1612 1748 1645 memoriae
1775 1612 1918 1656 AEgidius

1178 1663 1342 1702 Columna,
1362 1664 1436 1696 dum
1455 1664 1540 1704 vixit,
1561 1665 1739 1698 inonachus
1766 1676 1917 1709 expresse

1178 1718 1344 1761 professus
1371 1718 1446 1751 dicti
1474 1719 1659 1751 monasterii
1690 1718 1722 1752 S.
1741 1718 1919 1752 Scholasti-

1179 1782 1234 1804 cae
1252 1781 1288 1803 ac
1308 1771 1494 1814 patriarcha
1517 1771 1839 1815 llierosolymitanus‚
1857 1773 1919 1816 ipsi

1179 1823 1379 1857 monasterio
1419 1823 1506 1856 Sacri
1549 1824 1670 1867 Specus
1710 1824 1920 1868 assignaverit

1179 1877 1339 1921 quoddam
1358 1877 1494 1919 capitale
1514 1883 1588 1910 octo
1603 1877 1739 1911 millium
1757 1883 1919 1912 scutorum

1179 1935 1341 1970 monetae,
1358 1929 1390 1961 in
1418 1935 1463 1963 tot
1489 1932 1604 1963 annuis
1629 1932 1795 1975 perpetuis
1813 1943 1849 1965 ac
1869 1943 1920 1966 re-

1179 1983 1381 2016 dimibilibus
1419 1984 1570 2017 censibus
1608 1984 1855 2026 investiendum,
1887 1991 1921 2019 ut

1180 2036 1211 2069 in
1237 2047 1276 2070 eo
1311 2037 1478 2069 alerentur
1510 2043 1649 2080 quatuor
1678 2037 1733 2070 alii
1767 2038 1919 2072 monachi

1180 2095 1312 2133 praeter
1341 2089 1415 2122 illos
1444 2090 1524 2123 duos
1553 2090 1606 2134 qui
1635 2101 1652 2124 a
1680 2091 1827 2134 praefato
1852 2102 1921 2125 mo-

1179 2143 1325 2177 nasterio
1340 2143 1371 2177 S.
1389 2143 1608 2177 Scholasticae
1624 2145 1771 2187 deputari
1787 2156 1921 2179 consue-

1179 2203 1316 2237 verunt,
1341 2208 1412 2230 cum
1437 2208 1503 2230 uno
1529 2197 1640 2241 priore
1664 2198 1853 2241 regiminis,
1877 2199 1922 2232 ita

1179 2251 1266 2294 quod
1292 2251 1378 2284 idem
1397 2251 1630 2284 monasterium
1651 2251 1683 2285 S.
1701 2251 1920 2286 Scholasticae

1181 2304 1334 2347 illiusque
1361 2304 1461 2336 abbas
1487 2314 1617 2347 semper
1634 2305 1815 2338 retinerent
1832 2315 1922 2349 supe·

1180 2358 1358 2391 rioritatem
1383 2358 1415 2390 in
1434 2357 1505 2401 ipso
1523 2358 1723 2392 monasterio
1740 2359 1826 2392 Sacri
1842 2359 1922 2403 Spe-

1181 2422 1247 2450 cus,
1276 2411 1429 2454 quodque
1449 2411 1511 2443 lioc
1527 2412 1762 2444 monasterium
1787 2412 1921 2445 alterius

1179 2464 1209 2497 S.
1226 2464 1449 2497 Scliolasticae
1474 2464 1653 2497 membrum
1672 2476 1707 2497 ac
1723 2465 1921 2508 pertinentia

1179 2523 1338 2561 perpetuo
1359 2518 1450 2556 foret,
1474 2523 1506 2550 et
1523 2517 1688 2560 praedicta
1705 2517 1921 2562 Congregatio

1179 2571 1383 2604 Cassinensis
1421 2570 1452 2603 in
1490 2569 1633 2603 futurum
1670 2571 1750 2604 duos
1783 2571 1921 2614 priores,

1179 2636 1278 2659 unum
1313 2625 1437 2660 scilicet
1473 2635 1536 2669 pro
1574 2625 1718 2670 quolibet
1757 2635 1793 2658 ex
1826 2625 1919 2660 dictis

1982 1568 2111 1590 Donationeo

1929 1595 1948 1617 ei
1966 1596 2044 1617 sactae.

2179 2451 2182 2475 -r
2174 2235 2182 2437 ——man-m.
2176 2198 2182 2220 Α

2172 2619 2182 2686 ..ἅμ
