2182 3137
87 153 138 182 An.
154 152 183 181 C.
205 152 275 181 1730

89 213 119 244 ue
134 214 270 244 :equitatibus
319 209 359 232 XI.
383 202 468 233 Pater
482 202 608 233 vicarius
624 202 784 241 generalis,
801 202 868 233 sede
891 208 1023 242 vacante,

88 246 386 288 fif‘ss‘e'ssfssssssffhabeat
407 251 642 282 iurisdictionem
673 256 701 282 et
732 251 901 281 facultatem
924 251 953 281 in
976 261 1025 281 ne-

87 296 116 314 st·
280 299 366 338 gotiis
398 300 558 330 ordinariis
590 299 732 338 Ordinis,
765 299 901 329 videlicet
933 300 1027 329 nomi-

280 348 370 378 nandi
391 349 614 378 confirmatores
636 358 688 388 pro
710 348 914 386 electionibus,
949 348 1026 378 aliis-

281 406 337 436 que
359 397 447 427 rebus
470 397 667 437 exequutivis,
682 406 717 427 ex
739 406 863 436 quarum
886 396 1026 426 dilatione

281 446 352 476 oriri
374 451 469 486 potest
491 447 610 486 aliquod
632 447 772 477 damnum
804 450 855 477 aut
877 446 1026 485 praeiudi-

281 495 372 534 cium,
396 500 424 526 et
446 496 573 535 denique
596 505 712 526 omnem
742 495 910 526 facultatem
934 495 1025 534 patris

280 544 425 583 generalis
448 554 500 584 pro
523 545 674 583 religionis
696 544 838 583 gubernio
853 544 884 574 in
900 544 1025 582 negotiis

280 594 349 624 sede
371 599 492 624 vacante
518 594 764 633 occurrentibus,
788 604 822 624 eo
851 594 936 624 modo
968 602 1025 633 quo

281 642 362 673 illam
394 642 483 673 habet
504 643 582 673 idem
605 648 689 683 pater
711 643 878 682 generalis:
904 646 1025 682 excepto

282 695 379 722 tamen
394 692 470 732 quod
488 701 546 722 non
566 692 658 732 possit
680 693 851 732 dispensare
867 692 896 722 in
920 691 1025 722 cousti-

281 740 457 779 tutionibus,
481 741 627 771 mandatis
643 745 672 771 et
688 740 924 772 ordinationibus
947 739 1026 780 capi-

282 789 336 819 tuli
368 790 534 829 generalis,
559 799 613 820 nec
644 790 851 820 contravenire
880 788 1025 819 mandatis

281 841 331 867 aut
354 838 518 878 praeceptis
541 839 625 869 sactis
647 848 660 869 a
684 843 766 878 patre
788 838 930 878 generali.

322 896 372 917 xii.
389 887 417 917 Si
437 891 519 927 pater
540 887 686 926 generalis
709 892 842 918 mortuus
857 888 956 926 fuerit,
973 888 1026 918 ali-

281 940 362 967 terve
377 937 525 967 vacaverit
542 936 636 967 tribus
655 936 806 967 mensibus
821 941 888 966 ante
910 936 1024 976 lapsum

282 985 425 1024 triennii,
451 995 504 1025 pro
527 986 598 1016 adeo
620 985 702 1016 brevi
725 990 856 1025 tempore
879 985 1026 1024 generalis

281 1043 341 1064 non
357 1035 497 1073 eligatur,
515 1034 565 1065 sed
582 1034 683 1065 Ordini
699 1034 864 1074 praesideat
879 1034 1026 1073 generalis

282 1083 410 1114 vicarius
426 1083 512 1114 dictis
529 1083 622 1114 tribus
639 1083 789 1114 mensibus
804 1083 885 1114 iuxta
901 1084 1025 1113 sormam

282 1136 310 1162 et
332 1132 523 1162 limitationes
554 1132 582 1162 in
617 1132 789 1163 immediata,
821 1132 1025 1171 extravaganti

282 1179 491 1211 determinatas
513 1185 542 1212 et
565 1185 702 1212 statutas

322 1237 382 1260 xm.
397 1230 483 1260 Pater
498 1230 624 1260 vicarius
640 1230 787 1269 generalis
805 1235 940 1261 teneatur
955 1240 1024 1261 con-

282 1288 388 1309 vocare
410 1283 438 1309 et
459 1279 549 1309 citare
573 1280 748 1310 monasteria
770 1279 851 1310 illius
874 1279 965 1318 turni,
989 1279 1025 1309 ad

284 1337 371 1367 quem
387 1332 499 1367 spectat
520 1328 624 1359 electio
640 1328 814 1359 intermedia
831 1329 921 1368 patris
937 1337 1025 1367 gene-

281 1376 364 1414 ralis,
388 1380 533 1416 quatenus
556 1382 734 1408 concurrant
755 1377 790 1407 ad
805 1377 967 1417 capitulum
983 1378 1026 1407 iu-

282 1426 471 1464 termedium,
488 1427 721 1467 electionemque
743 1427 809 1457 novi
832 1427 979 1465 generalis
995 1427 1024 1457 in

283 1485 316 1505 eo
344 1475 550 1506 celebrandam
583 1476 658 1506 infra
688 1476 762 1506 duos
791 1485 906 1506 menses
936 1486 951 1506 a
978 1476 1025 1506 die

283 1524 444 1555 vacationis
467 1525 674 1563 generalatus3
708 1524 771 1564 ipso
795 1528 892 1554 tamen
915 1524 1025 1555 vicario

282 1574 414 1613 generali
442 1575 580 1605 citatione
610 1575 778 1605 huiusmodi
802 1575 958 1605 omittente
980 1575 1024 1604 vel

282 1628 427 1654 renuente
441 1647 448 1661 ‚
473 1624 565 1664 possit
587 1628 616 1654 et
638 1624 743 1654 debeat
765 1624 885 1654 omnino
917 1624 983 1654 fieri
1009 1634 1024 1654 a

283 1672 416 1712 patribus
448 1672 594 1712 deputatis
626 1673 747 1713 capituli
780 1673 899 1713 privati,
935 1673 976 1703 vel
1010 1682 1024 1703 a

283 1721 413 1759 quolibet
434 1722 553 1752 illorum
572 1721 602 1752 in
625 1722 771 1760 solidum3
796 1722 846 1762 qui
868 1721 892 1752 si
915 1722 1025 1752 suerint

283 1771 371 1801 etiam
392 1771 597 1810 negligentes,
621 1771 672 1801 fiat
702 1771 778 1801 dicta
812 1771 983 1801 convocatio
1010 1780 1025 1801 a

284 1819 380 1858 priore
405 1820 450 1849 vel
472 1820 581 1850 vicario
604 1820 775 1850 monasterii
794 1820 886 1850 Villae
908 1819 1027 1850 Delitio·

284 1877 343 1905 sae,
366 1872 398 1898 ut
419 1868 572 1899 ordinatur
594 1868 625 1899 in
648 1868 858 1899 constitutione
880 1877 953 1907 Lxx,
977 1878 1026 1898 ex-

284 1920 368 1955 cepto
390 1920 487 1947 tamen
510 1917 534 1947 si
557 1917 741 1956 generalatus
763 1917 909 1948 vacaverit
932 1917 1026 1948 trihus

285 1965 434 1995 mensibus
456 1969 523 1996 aute
541 1966 654 2006 lapsum
671 1966 803 2004 triennii,
820 1966 926 2006 quibus
943 1976 1025 2007 prae-

285 2013 379 2044 sidere
401 2014 486 2044 debet
508 2014 610 2045 Ordini
632 2015 708 2045 idem
726 2020 809 2055 pater
832 2015 960 2045 vicarius
978 2024 1026 2054 ge-

284 2063 403 2101 neralis,
428 2063 507 2093 iuxta
537 2067 776 2102 extravagantem
806 2073 892 2104 supra
923 2064 1027 2094 imme-

286 2111 363 2142 diate
385 2112 523 2152 positam.

325 2170 382 2190 xiv.
408 2161 448 2191 Eo
470 2161 543 2201 ipso7
566 2162 642 2201 quod
665 2161 771 2201 aliquis
793 2162 954 2192 monachus
981 2171 1027 2192 ac-

286 2214 381 2249 ceptat
402 2210 612 2250 episcopatum,
644 2215 727 2241 vacet
754 2211 883 2241 officium
907 2221 1027 2250 genera—

287 2258 374 2296 latus,
397 2263 445 2289 aut
467 2259 544 2289 aliud
566 2260 770 2300 quodcumque
799 2260 926 2290 officium
950 2260 1026 2299 quod

288 2305 392 2336 habeat
414 2307 442 2336 in
465 2307 583 2339 Ordine.

110 2167 139 2199 De
151 2172 274 2196 acceptante

95 2200 248 2222 episcopatum.

530 2383 724 2416 Cossmmm
746 2385 782 2416 ΙΙ.

121 2468 150 2491 no
166 2472 276 2496 tempore,
328 2450 361 2481 In
381 2452 468 2491 officio
489 2462 601 2482 snorum
622 2454 799 2492 prioratuum
825 2455 924 2485 ‹tm-ent
949 2455 1027 2484 (Ium-

93 2498 276 2550 ssgl‘l'tdss'rflffisdffi
286 2504 363 2530 taxat
381 2511 433 2540 per
455 2502 618 2541 triennium,
636 2512 652 2532 α
673 2507 790 2542 tempore
810 2504 1027 2543 confirmationis

907 156 1050 180 CLEMENS
1075 156 1119 181 xit
1143 158 1194 182 PP-

1731 151 1773 185 69
1820 160 1873 188 An.
1890 161 1918 189 c.
1940 161 2011 190 1730

1069 207 1297 236 monasteriorum
1330 208 1416 238 nost-ri
1447 207 1560 238 Ordinis
1592 209 1670 238 iuxta
1706 208 1813 239 litteras

1070 255 1233 292 apostolicas
1255 260 1365 286 sauctae
1388 258 1534 287 memoriae
1557 257 1684 296 Gregorii
1699 257 1754 287 PP.
1772 258 1816 288 IX

1070 304 1157 332 nostri
1180 303 1293 334 Ordinis
1314 307 1471 344 fundatoris
1484 319 1494 341 ,·
1525 307 1563 335 ita
1595 307 1666 345 quod
1692 308 1813 336 triennio

1071 350 1217 380 cuiuslibet
1236 354 1343 391 prioris
1365 358 1512 391 transacto,
1531 355 1589 394 ipso
1611 357 1683 394 fecto
1705 356 1812 394 cumiret

1069 400 1127 428 eius
1149 400 1279 439 officium,
1296 404 1321 430 et
1338 402 1385 440 fiat
1409 412 1475 432 nora
1497 403 1603 441 electio,
1615 408 1701 440 prout
1720 414 1813 433 mona-

1069 447 1128 476 chis
1150 448 1227 477 illins
1250 452 1410 480 monasterii
1441 452 1574 480 videbitur
1595 453 1745 492 expedire:
1769 464 1813 482 or-

1069 497 1268 536 dinationibus,
1303 500 1412 529 statutis
1434 509 1479 528 seli
1501 502 1743 531 consuetmlinibus
1765 512 1811 531 cu-

1069 546 1229 585 tuscumque
1256 549 1419 577 monasterii
1449 549 1536 578 nostri
1570 549 1699 584 Ordinis,
1728 552 1810 580 etiam

1068 594 1224 623 iuramento
1240 605 1286 624 seu
1303 605 1472 635 quacumque
1487 597 1543 626 alict
1559 599 1712 627 munitione
1729 600 1811 628 etiam

1069 643 1217 682 apostolice
1238 643 1360 682 vallatis,
1385 645 1413 674 in
1437 646 1609 675 contrarium
1626 647 1715 685 editis,
1731 648 1813 685 factis

1067 692 1110 721 vel
1125 693 1253 731 servatis,
1271 703 1323 723 uon
1341 694 1510 723 obstantibus
1527 695 1751 734 quibuscumque.

1308 775 1570 797 ExTRAVAGANTES.

1108 845 1127 867 1.
1153 836 1191 867 De
1214 841 1311 867 cetero
1327 838 1478 878 perpetuis
1502 839 1608 869 futuris
1632 838 1813 879 temporibus
1838 857 1881 878 No„
1903 859 2009 884 metmen-

1069 886 1169 916 nullus
1198 886 1279 926 prior
1312 887 1405 917 nostri
1434 887 1553 918 Ordinis
1588 888 1679 928 possit
1711 885 2009 937 reeligi3151,j‚iat1[j0f„¹3¹5

1069 935 1239 966 immediate
1272 937 1300 966 in
1325 937 1428 967 eodem
1462 937 1616 976 prioratu,
1647 946 1735 977 quem
1759 940 2006 984 ter-:¹¹ffissffssjg¹¹¹¹¹t¹nlg¹ss¹,-

1069 985 1183 1014 minat:
1222 985 1299 1025 quod
1335 990 1378 1015 est
1416 986 1622 1016 confirmatum
1660 995 1713 1025 per
1750 986 1816 1016 bul·
2004 980 2009 985 ’

1069 1033 1126 1063 lam
1153 1034 1356 1074 apostolicam.
1392 1034 1425 1065 Et
1458 1035 1534 1065 idem
1567 1035 1753 1074 intelligatur
1780 1035 1815 1065 de

1070 1083 1221 1122 priorissis
1245 1084 1492 1115 monasteriorum
1516 1084 1689 1115 monialium
1722 1084 1813 1114 nostri

1069 1131 1199 1163 Ordinis.

1108 1190 1139 1211 u.
1164 1181 1279 1211 Priores
1302 1182 1550 1212 monasteriorum
1566 1190 1722 1221 novorum,
1739 1191 1814 1222 quae
1859 1201 1898 1224 om
1915 1201 1955 1222 55¹„
1971 1201 2008 1222 ,m

1069 1239 1127 1260 non
1150 1229 1259 1260 hahent
1281 1230 1466 1268 electionem,
1491 1235 1596 1261 vacent
1626 1231 1656 1261 in
1685 1230 1815 1270 capitulo
1826 1229 1895 1253 ΨΜ·

1068 1279 1217 1318 generali,
1242 1283 1270 1309 et
1292 1280 1503 1319 provideantur
1531 1289 1547 1310 a
1578 1284 1660 1319 patre
1683 1280 1814 1318 generali

1068 1332 1097 1358 et
1119 1337 1134 1357 a
1169 1327 1303 1367 patribus
1335 1328 1540 1359 definitoribus
1573 1338 1625 1369 per
1658 1329 1813 1359 schedulas

1069 1380 1198 1406 secretas
1220 1376 1302 1406 datas
1324 1386 1338 1406 a
1362 1377 1520 1407 secretario
1535 1388 1541 1414 3
1556 1386 1614 1407 non
1638 1381 1735 1407 tamen
1758 1376 1814 1416 ipsi

1069 1425 1182 1463 priores
1205 1425 1373 1455 immediate
1396 1426 1499 1464 reeligi
1522 1426 1636 1465 possint
1658 1426 1687 1456 in
1711 1425 1814 1455 eodem

1070 1474 1219 1513 prioratu;
1243 1474 1360 1513 quaudo
1383 1483 1452 1504 vero
1474 1475 1644 1505 vacaverint
1667 1474 1814 1514 prioratus

1069 1523 1317 1553 monasteriorum
1340 1532 1483 1553 novorum
1504 1524 1582 1554 inter
1604 1524 1764 1563 capitulum
1787 1526 1816 1553 et

1069 1572 1250 1611 capitulum,
1274 1572 1486 1611 provideantur
1509 1582 1523 1602 a
1548 1577 1631 1613 patre
1660 1572 1814 1611 generali;

1069 1625 1200 1651 ceterum
1224 1630 1341 1661 semper
1369 1622 1539 1652 huiusmodi
1569 1622 1718 1661 prioratus
1748 1631 1816 1651 con-

1069 1670 1200 1700 serantur
1222 1671 1374 1701 monachis
1400 1671 1559 1710 prudentia
1581 1675 1609 1701 et
1632 1670 1816 1710 experientia

1070 1719 1223 1758 praeditis,
1248 1720 1298 1759 qui
1322 1720 1428 1750 honori
1450 1724 1478 1750 et
1500 1720 1673 1760 disciplinae
1696 1719 1816 1750 Ordinis

1069 1769 1175 1807 nostri,
1199 1772 1231 1798 ut
1254 1777 1375 1799 necesse
1397 1773 1452 1807 est,
1477 1769 1506 1799 iu
1530 1769 1602 1809 ipsis
1628 1769 1816 1799 monasteriis

1069 1818 1154 1848 novis
1176 1818 1342 1848 consulant.

1108 1876 1150 1896 111.
1169 1866 1379 1902 Monasterium
1403 1866 1438 1897 de
1461 1866 1605 1897 Caravaca
1630 1875 1687 1896 non
1710 1866 1814 1896 habeat
1860 1877 2007 1910 nonasterium

1070 1916 1197 1955 priorem
1221 1925 1275 1946 nec
1298 1925 1397 1946 vocem
1415 1916 1445 1946 in
1461 1916 1590 1956 capitulo
1606 1915 1747 1955 generali,
1765 1915 1814 1946 sed
1824 1904 1870 1952 ζ’ῑῖω
1888 1907 2009 1959 ρῗῗοῗὶοῗω

1069 1964 1107 1994 sit
1129 1965 1236 1995 vicaria
1260 1965 1406 1995 absoluta.

1109 2022 1148 2044 iv.
1172 2014 1292 2044 Priores
1325 2023 1468 2044 novorum
1501 2014 1667 2051 domorum,
1701 2014 1751 2053 qui
1784 2013 1814 2043 in
1839 2024 2006 2054 nummorum

1069 2063 1197 2102 capitulo
1220 2064 1350 2102 generali
1374 2064 1524 2102 eliguntur
1553 2068 1580 2094 et
1611 2063 1812 2103 providentur,
1825 2057 1926 2077 ‘'¹'¹¹'''¹¹¹¹''

1070 2112 1177 2143 durent
1196 2113 1225 2143 in
1245 2113 1306 2143 suis
1323 2113 1501 2153 prioratibus
1518 2122 1610 2152 usque
1632 2113 1666 2143 ad
1683 2112 1814 2152 proximo

1070 2162 1202 2193 futurum
1218 2162 1380 2202 capitulum
1404 2162 1552 2201 generale,
1578 2162 1606 2191 iu
1631 2171 1688 2201 quo
1710 2165 1814 2191 vacent

1070 2212 1186 2242 etiamsi
1205 2216 1325 2251 propter
1349 2211 1545 2241 mobilitatem
1569 2210 1735 2240 dominicae
1758 2214 1815 2239 ter-

1070 2261 1127 2291 tiae
1150 2266 1214 2300 post
1239 2260 1457 2290 sanctissimum
1480 2260 1601 2293 Pascha,
1636 2259 1666 2288 in
1690 2268 1745 2297 qua
1768 2267 1814 2288 ce-

1070 2309 1201 2340 lebratur
1229 2310 1340 2339 dictum
1367 2309 1529 2348 capitulum
1556 2307 1703 2346 generale⁷
1732 2310 1814 2337 natu-

1070 2359 1131 2389 rale
1155 2359 1316 2389 triennium
1341 2362 1411 2388 tunc
1433 2358 1548 2387 finitum
1568 2357 1616 2394 sit,
1635 2356 1696 2386 sive
1719 2356 1813 2385 adhuc

1072 2412 1140 2438 tunc
1174 2417 1232 2437 non
1266 2407 1455 2447 expiraverit,
1480 2406 1555 2436 sicut
1576 2406 1607 2435 in
1629 2405 1813 2443 generalatus

1070 2454 1211 2492 dignitate
1234 2454 1296 2483 tirri
1320 2454 1414 2483 solet:
1446 2452 1522 2492 quod
1550 2453 1722 2482 auctoritate
1745 2461 1814 2491 apo-

1070 2503 1175 2533 stolic-tt
1198 2507 1241 2533 est.
1263 2503 1480 2537 confirmatum,
1505 2505 1533 2531 et
1558 2500 1707 2532 observari
1732 2509 1812 2530 man-

93 2556 164 2573 corum
180 2550 263 2574 ostiens.
285 2559 351 2582 snae
381 2549 519 2581 electionis
541 2552 750 2590 computamlum
766 2577 772 2588 ,
804 2562 894 2584 omnes
915 2554 1024 2591 priores
1044 2570 1050 2592 Ι
1070 2551 1181 2582 datum.
