2182 3137
0 0 69 100 μ’

23 270 208 305 Ᾱῃ.ο.1733

213 322 312 362 aliquo
328 326 424 354 anno¹
440 324 478 354 sit
494 324 609 354 futurus
632 333 750 364 praeses
773 323 894 363 capituli
918 323 960 352 in-

215 371 362 402 termedii.

59 429 144 459 ria-aev
168 427 203 453 qni
255 430 334 451 xuu.
352 422 431 457 Quod
455 422 483 452 in
507 422 635 461 capitulo
658 421 832 452 intermedio
855 421 960 451 suffra-

22 455 293 508 ffisrtffii'e'i'i'nihiiigiiim
318 471 425 500 habere
448 470 554 500 debent
586 471 721 500 minister
743 470 908 509 generalis,
935 471 957 499 si

23 509 112 536 capitulo
140 508 202 528 inler-

23 535 98 558 nodia.
215 520 312 558 adsit,
349 520 482 559 superior
504 520 649 558 generalis
671 520 798 549 samil3ae
813 544 820 553 ,
855 519 960 548 defini-

217 573 293 598 tores
311 569 463 606 generales
485 569 563 598 illius
578 593 585 605 ,
609 569 736 598 ministri
761 568 959 607 provinciales

216 617 260 646 vel
292 617 393 646 vicarii
423 617 617 656 provinciales
639 617 793 654 eiusdem,
818 617 960 646 ministri-

216 675 272 705 que
305 666 433 696 actuales
467 666 618 696 domorum
642 666 808 702 vocalium,
832 675 906 705 quae
929 665 958 695 in

216 714 344 753 capitulo
366 714 495 752 generali
518 714 636 744 Ordinis
659 714 827 752 designatae
851 714 959 743 fuerint

215 767 247 793 ut
276 772 377 793 earum
414 763 562 801 ministri,
588 763 671 793 sinito
707 763 864 800 sexennio,
887 763 958 793 socii

216 812 274 842 sint
298 813 332 843 ad
356 813 517 852 capitulum
541 813 676 851 generale
692 812 830 851 Ordinis,
849 813 959 852 quippe

215 861 343 892 ministri
367 862 533 892 huiusmodi
563 862 716 892 domorum
740 862 774 892 ad
798 862 958 901 capitulum

214 909 421 940 intermedium
448 910 556 941 debent
578 920 766 947 concurrere,
795 915 824 941 et
857 920 957 940 eorum

215 968 400 989 successores
423 959 451 988 in
468 959 577 989 eisdem
594 959 728 989 domibus
744 959 778 989 ad
795 959 957 998 capitulum

216 1009 353 1046 generale
375 1007 511 1045 Ordinis,
535 1008 611 1047 quod
628 1008 715 1038 etiam
732 1008 908 1045 intelligitur
923 1007 959 1038 de

215 1057 302 1086 sociis
335 1057 364 1086 in
394 1057 560 1087 desectum:
600 1061 749 1096 praeterea
786 1057 957 1095 suffragium

216 1105 334 1136 habebit
367 1106 395 1135 in
430 1106 484 1135 hoc
517 1106 644 1145 capitulo
678 1106 853 1136 intermedio
883 1106 958 1136 intra

216 1155 385 1194 Hispaniam
417 1159 588 1194 procurator
615 1155 761 1193 generalis
789 1155 957 1195 Hispaniae,

216 1208 243 1233 et
266 1208 346 1234 extra
369 1204 538 1243 Hispaniam
557 1209 729 1243 procurator
746 1205 892 1242 generalis
907 1204 959 1234 Or-

214 1253 293 1283 dinis
314 1253 344 1282 in
367 1252 454 1283 Curia
477 1253 629 1289 Romanam
658 1253 762 1283 deinde
784 1253 959 1283 secretarius

200 1302 361 1343 ‘generalis
384 1301 546 1341 superioris
561 1302 704 1337 samiliae;
728 1312 760 1331 ac
776 1302 892 1332 demum
909 1302 959 1341 qui

215 1351 246 1380 in
269 1350 369 1380 eadem
386 1350 499 1380 familia
515 1352 654 1390 assumpti
672 1351 786 1381 fuerant
802 1351 959 1390 aliquando

215 1399 382 1440 superiores
409 1400 561 1438 generales
588 1399 705 1430 Ordinis
737 1400 780 1430 vel
810 1401 957 1430 familiae:

216 1448 290 1479 itaut
313 1449 342 1479 hi
366 1458 418 1489 pro
442 1449 536 1487 libito,
554 1450 644 1479 ceteri
667 1454 763 1479 autem
787 1449 841 1479 sub
864 1451 959 1490 poena

217 1502 375 1538 perpetuae
401 1498 571 1537 privationis
601 1507 779 1528 concurrere
808 1502 957 1536 tenentur,

217 1548 293 1578 sicut
317 1548 427 1578 dictum
461 1552 502 1578 est
532 1548 608 1578 circa
640 1548 800 1588 capitulum
823 1548 959 1586 gencrale

218 1596 346 1627 Ordinis.

63 1656 136 1678 catera
165 1663 209 1677 sm·-
259 1654 336 1676 xL1v.
360 1646 439 1682 Quod
463 1646 491 1675 in
515 1646 643 1685 capitulo
673 1646 848 1676 intermedio
881 1646 957 1676 cirea

30 1686 207 1737 {2ffiffi1ovs‘gffiss0'3
220 1700 375 1735 praecepta
399 1695 554 1731 scrutinia,
575 1695 748 1725 selectiones
771 1695 957 1733 eligibilium,

30 1738 64 1759 “¹³
79 1738 168 1759 ⁰¹¹¹i¹¹¹³¹
219 1752 252 1773 ac
267 1748 363 1774 cetera
381 1743 580 1783 praeambula,
598 1753 630 1773 ea
650 1744 747 1774 omnia
766 1743 960 1773 observentur

218 1802 293 1832 quae
314 1793 391 1823 dicta
413 1797 532 1823 manent
547 1793 624 1823 circa
641 1793 801 1833 capitulum
824 1793 960 1831 generale

218 1841 346 1881 Ordinis,
371 1846 399 1872 et
421 1841 567 1872 habentur
590 1843 619 1872 in
645 1843 753 1873 nostris
776 1842 961 1873 constitutio-

219 1890 317 1921 nibus.

260 1949 325 1970 va.
343 1940 424 1976 Quod
443 1945 570 1980 tempore
586 1941 706 1980 capituli
722 1941 843 1970 sedeant
858 1939 959 1970 ordine

220 1999 278 2029 quo
301 1989 443 2020 nominati
466 1994 546 2027 sunt,
565 1994 592 2019 et
608 1989 695 2029 quod,
713 1989 736 2019 si
752 1998 837 2019 casus
859 1998 960 2019 occur-

218 2038 290 2068 rerit
312 2038 341 2068 in
360 2047 418 2078 quo
441 2047 543 2068 recens
562 2038 672 2068 electus
696 2047 836 2077 praesens
860 2038 959 2075 suerit,

219 2087 319 2117 sedeat
342 2087 508 2118 immediate
531 2091 595 2126 post
617 2087 851 2116 commissarium
871 2095 962 2125 gene-

219 2136 309 2166 ralem
332 2136 381 2176 qui
404 2135 510 2176 spirat,
535 2139 563 2166 et
596 2135 693 2165 statim
717 2135 888 2173 suffragium
912 2135 961 2164 ha-

220 2184 308 2221 beat,
332 2185 463 2225 quamvis
485 2185 520 2214 de
542 2193 663 2223 corpore
685 2184 806 2223 capituli
830 2193 886 2213 non
911 2185 960 2213 sit.

47 2241 210 2274 ¹{taigencuaca-
261 2242 337 2264 vai.
361 2233 441 2269 Quod
465 2234 537 2263 facta
560 2233 701 2262 electione
733 2233 893 2271 superioris
915 2241 963 2270 ge-

33 2272 106 2318 &2¹²⁵
152 2273 331 2314 ‘³¹”⁵·neratis
354 2283 503 2319 familiae,
527 2291 601 2322 quae
633 2291 748 2321 semper
781 2281 868 2311 debet
899 2281 962 2310 sieri

223 2333 371 2373 praedicto
403 2332 522 2362 sabbato
554 2336 621 2361 ante
643 2331 815 2370 prandium,
841 2339 963 2369 vespere

222 2387 438 2420 congregentur
461 2381 586 2419 vocales,
604 2385 631 2410 et
653 2390 702 2410 sex
725 2380 894 2410 definitores
916 2389 964 2418 ge-

222 2432 336 2462 nerales
360 2431 486 2461 familiae
509 2440 542 2459 ex
566 2430 665 2460 eadem
688 2429 810 2467 eligant.

262 2489 349 2510 vau.
366 2480 445 2515 Quod
463 2479 555 2509 altera
571 2479 616 2508 die
632 2482 847 2516 congregentur
863 2486 964 2507 omnes

222 2529 251 2559 in
274 2529 342 2558 aula
365 2527 529 2568 capitulari,
548 2531 586 2565 et,
603 2527 626 2556 si
643 2526 751 2556 familia
769 2526 856 2556 suerit
873 2526 964 2556 intra-

223 2578 362 2617 Hispana,
380 2577 473 2616 primo
496 2576 584 2614 eligat
601 2575 768 2605 ministrum
787 2575 879 2605 nostri
896 2584 964 2605 con-

223 2631 326 2658 ventus
359 2626 472 2656 romani
506 2626 535 2656 S.
559 2625 674 2664 Caroli,
709 2629 756 2663 et,
781 2624 849 2654 licet
872 2624 964 2654 intra-

259 2682 269 2707 t
292 2679 386 2707 Potius
406 2680 466 2715 lege
487 2679 518 2707 in
538 2687 593 2714 ‘11⁴⁰
614 2685 689 2706 anno
709 2679 748 2714 (a.
771 2678 820 2711 τ.).

840 274 982 299 CLEMENS
1008 275 1053 299 xn
1076 276 1125 300 PP.

1644 268 1708 301 557
1754 277 1942 305 An.c.17fla

1004 323 1133 363 Hispana
1166 334 1223 355 non
1256 325 1310 363 sit,
1334 326 1421 364 eligat
1453 326 1620 356 ministrum
1654 326 1746 356 nostri

1003 372 1118 410 collegii
1141 373 1254 403 romani
1278 374 1313 403 (le
1337 374 1528 413 propaganda
1544 375 1625 404 Fide.

1044 430 1141 450 vam.
1159 422 1239 456 Quod
1263 422 1423 461 capitulum
1447 423 1582 461 generale
1607 424 1745 453 interme-
1771 436 1943 461 evam-apamia·-

1003 469 1081 498 dium
1105 471 1200 499 nullas
1222 471 1294 500 alias
1316 472 1473 501 electiones
1499 473 1593 502 facere
1617 464 1873 512 poteritzssg'ffif1¹,¹,¹,'¹''¹
1909 466 1943 483 ¹⁴¹*

1004 518 1068 547 ideo
1092 519 1136 548 his
1160 520 1250 549 linitis
1273 530 1359 558 agere
1384 521 1469 551 debet
1492 522 1527 551 de
1544 523 1745 561 redemptione

1003 571 1031 595 et
1055 566 1252 602 observantia,
1278 569 1430 608 facereque
1454 575 1558 599 statuta
1582 576 1609 600 et
1628 572 1745 601 ordina-

1004 616 1099 645 tiones
1122 626 1174 655 pro
1197 619 1249 645 sua
1273 617 1394 652 famili-51,
1419 628 1492 657 qnae
1515 619 1634 649 minime
1658 630 1747 659 oppo-

1004 669 1111 694 nantur
1133 665 1217 694 factis
1240 675 1254 694 a
1278 666 1406 704 capitulo
1422 668 1550 704 generali
1576 668 1619 697 vel
1643 668 1745 698 desmi-

1005 713 1076 742 torio
1109 714 1241 751 generali
1264 714 1403 753 Ordinis,
1428 720 1514 754 atque
1547 716 1602 746 sibi
1634 717 1742 755 eligere

1004 762 1182 792 clironistarn
1206 772 1256 802 pro
1280 765 1339 793 tota
1361 765 1414 793 sua.
1433 764 1554 794 familia.

1045 820 1121 840 xmx.
1145 811 1225 846 Quod
1249 812 1383 842 omnibus
1406 813 1547 852 peractis,
1578 814 1747 843 commissa-

1007 861 1069 890 rius
1102 861 1216 890 noviter
1247 861 1357 891 electus
1389 871 1486 891 coram
1521 867 1580 892 toto
1616 863 1747 902 capitulo

1003 909 1187 948 repromittat
1209 909 1426 949 obedientiam,
1450 920 1572 950 eamque
1596 912 1745 950 promittat

1003 957 1160 996 specialem
1195 962 1326 998 tempore
1356 958 1401 988 sui
1435 960 1566 989 muneris
1599 959 1744 999 superiori

1003 1007 1133 1044 generali
1155 1006 1272 1037 Ordinis
1287 1032 1294 1045 ‚
1314 1012 1342 1038 et
1359 1012 1458 1047 postea
1476 1013 1567 1038 tetum
1585 1009 1744 1048 capitulum

1003 1056 1156 1086 confirmet
1179 1057 1270 1095 patris
1292 1057 1486 1086 commissarii
1509 1057 1692 1091 electionem,
1718 1061 1745 1087 et

1003 1105 1109 1135 deinde
1131 1106 1285 1136 confirmet
1307 1107 1394 1136 etiam
1418 1107 1549 1144 singulas
1573 1107 1741 1143 electiones,

1004 1164 1076 1193 quas
1106 1155 1245 1185 canonice
1275 1155 1365 1193 fecit,
1395 1160 1422 1185 et
1452 1156 1521 1185 sient
1552 1156 1742 1195 leganturque

1004 1213 1079 1242 quae
1103 1204 1234 1233 facienda
1254 1208 1280 1233 et
1304 1204 1425 1242 legenda
1457 1208 1525 1233 sunt
1557 1204 1586 1234 in
1620 1204 1746 1244 capitulo

1004 1252 1133 1290 generali
1156 1253 1238 1282 iuxta
1260 1257 1374 1282 nostras
1396 1253 1630 1283 constitutiones.

1046 1310 1072 1330 L.
1097 1301 1177 1336 Quod
1201 1301 1342 1331 dissoluto
1365 1302 1492 1340 capitulo
1515 1301 1692 1340 capitulares
1715 1311 1745 1331 se

1006 1351 1106 1380 mutua
1139 1351 1268 1380 fraterna
1302 1351 1445 1380 charitate
1477 1351 1693 1390 amplexentur,
1718 1356 1746 1380 et

1005 1399 1033 1429 in
1057 1410 1124 1430 suos
1146 1404 1307 1430 conventus
1330 1400 1564 1439 proficiscantur.

1044 1458 1081 1478 Lt.
1106 1448 1186 1484 Quod
1211 1449 1289 1478 illico
1320 1453 1348 1478 et
1381 1449 1596 1488 quamprimum
1623 1453 1748 1479 secreta-
1811 1467 1839 1487 0„
1864 1468 1940 1493 quum<

1003 1498 1076 1536 rius,
1100 1498 1148 1537 qui
1173 1498 1265 1527 suerat
1288 1497 1448 1527 definitorii
1472 1498 1616 1536 familiae,
1641 1498 1745 1528 certio·
1756 1495 1941 1541 223?j}:,',¹jffssx¹g'‚ffiff

1003 1557 1064 1577 rem
1084 1547 1170 1577 saciat
1193 1547 1359 1576 ministrum
1383 1547 1548 1585 generalem
1572 1546 1688 1577 Ordinis
1710 1546 1744 1576 de
1756 1550 1798 1567 ΞΜ
1814 1549 1926 1573 &Mt-''³¹²³'-

1003 1595 1138 1626 omnibus
1160 1595 1370 1631 electionib115‚
1394 1600 1422 1625 et
1450 1595 1485 1637 de
1514 1595 1743 1635 repromissione

1005 1645 1189 1675 obedientiae
1212 1645 1344 1674 moderni
1367 1645 1562 1674 commissarii
1585 1644 1744 1682 generalis.

1043 1703 1090 1723 Lu.
1115 1693 1195 1729 Quod
1224 1693 1253 1722 in
1281 1702 1370 1731 casu,
1395 1693 1425 1722 in
1455 1703 1511 1732 quo
1534 1693 1686 1731 eligendus
1709 1693 1746 1722 sit
1784 1705 1941 1731 1it=nw‹1.».»f...

1004 1743 1131 1772 vicarius
1154 1742 1301 1780 generalis
1323 1741 1441 1771 Ordinis
1464 1746 1582 1781 propter
1601 1732 1846 1778 desectum{s,',¹,‘,',¹,',‘,¹,'‚
1862 1733 1941 1779 ³2¹,¹,ss·,',‘²‚;

1005 1791 1133 1821 ministri
1155 1790 1314 1829 generalis,
1331 1795 1362 1820 ut
1384 1791 1522 1826 diximus,
1540 1790 1622 1829 prior
1644 1786 1850 1819 defini-⁰²'⁴¹'¹''''-

1005 1845 1050 1870 tor
1083 1840 1228 1879 generalis
1260 1839 1379 1869 Ordinis
1412 1843 1480 1869 tunc
1511 1843 1659 1878 superstes
1696 1847 1747 1877 per

1006 1899 1074 1919 suas
1111 1890 1224 1919 litteras
1260 1888 1423 1918 vocatorias
1458 1892 1615 1926 congreget
1646 1897 1747 1916 omnes

1006 1940 1122 1969 vocales
1145 1949 1213 1969 suae
1237 1939 1375 1975 familiae,
1399 1938 1449 1977 qui
1472 1947 1647 1968 concurrere
1670 1942 1748 1967 tene-

1005 1992 1108 2018 rentur
1136 1992 1164 2017 et
1194 1991 1312 2026 possent
1343 1987 1366 2016 si
1398 1987 1428 2016 in
1461 1989 1496 2016 οἰι
1529 1986 1636 2016 familia
1672 1986 1747 2016 cele-

1005 2037 1147 2066 brandum
1170 2040 1247 2066 esset
1269 2035 1428 2075 capitulum
1454 2035 1658 2065 intermedium
1674 2045 1681 2071 3
1699 2034 1747 2064 de-

1005 2086 1157 2124 signetque
1179 2084 1297 2115 domum
1321 2087 1416 2123 aptam
1440 2084 1526 2113 etiam
1554 2088 1634 2113 extra
1666 2083 1746 2122 prin-

1005 2135 1101 2174 cipum
1125 2134 1221 2164 curias
1245 2143 1295 2173 pro
1317 2133 1515 2163 celebratione
1542 2132 1744 2171 congregatio-

1007 2183 1062 2221 nis,
1091 2187 1122 2212 ut
1152 2183 1181 2212 in
1211 2184 1246 2212 ea
1279 2186 1494 2221 congregentur
1523 2187 1653 2221 tempore
1681 2185 1747 2220 apto

1006 2232 1040 2261 ad
1060 2232 1153 2271 ipsius
1176 2231 1343 2269 arbitrium,
1360 2231 1433 2261 itaut
1455 2231 1672 2271 quamprimum
1698 2231 1747 2259 tiat

1007 2281 1107 2310 vicarii
1131 2280 1277 2318 generalis
1299 2280 1415 2309 electio.

1047 2339 1104 2359 mu.
1127 2329 1207 2364 Quod
1231 2329 1254 2358 si
1273 2328 1476 2358 definitoribus
1493 2325 1679 2365 generalibus
1695 2326 1749 2357 Or·

1006 2378 1096 2416 dinis,
1121 2378 1169 2407 illo
1192 2382 1220 2407 et
1242 2377 1298 2406 alio
1321 2377 1462 2416 excepti&
1479 2376 1654 2413 constiterit,
1672 2376 1748 2415 quod

1008 2436 1060 2466 per
1093 2426 1281 2456 omissionem
1314 2430 1364 2455 aut
1397 2425 1572 2455 industriam
1607 2424 1747 2464 praedicti

1008 2476 1096 2516 primi
1119 2475 1283 2505 delinitoris
1311 2474 1477 2504 retardatur
1505 2473 1692 2512 congregatio
1720 2477 1749 2503 et

1008 2525 1109 2554 vicarii
1127 2523 1271 2562 generalis
1294 2523 1410 2560 electio,
1427 2522 1552 2552 liberum
1575 2522 1612 2552 sit
1634 2522 1692 2551 illis
1714 2522 1749 2551 ad

1007 2574 1112 2604 Sedent
1135 2572 1331 2612 Apostolicam
1354 2571 1522 2601 authentice
1550 2580 1746 2608 concurrere,

1008 2626 1038 2652 ut
1070 2632 1083 2652 a
1115 2631 1228 2652 summo
1252 2620 1392 2651 Pontissce
1425 2619 1588 2651 destinetur
1620 2619 1748 2649 vicarIus

1007 2671 1151 2710 generalis
1174 2670 1304 2701 Ordims.
