2182 3137
197 214 245 240 An.
265 212 292 237 c.
317 211 382 238 ¹730
426 204 446 235 [ι

195 280 238 292 mm
276 260 462 292 m‹nu-ioris
489 260 525 291 tle
550 258 631 290 L'rbe
657 255 811 293 ecclesiis,
838 263 965 287 necnon
990 253 1028 285 ad
1054 252 1117 284 col-

194 300 372 345 ¹1¹i.'.''‚'-..1l¹.·m‘.'''''''
388 311 558 346 lationem,
583 308 800 351 provisionem
826 311 856 338 et
881 303 1115 347 praesentatio-

386 374 456 395 nem
474 390 480 400 ,
501 372 556 393 sou
580 360 719 403 ‹piamvis
745 359 838 390 aliam
867 356 1113 399 dispositionem

384 416 414 446 S.
443 415 478 446 ll.
509 414 539 445 13.
566 411 775 444 cardinalium
802 421 817 441 a
843 410 986 441 llomana
1022 406 1113 439 Curia

384 467 563 498 absentium
603 465 727 496 ratione
764 473 894 495 suorum
937 461 1110 503 episcopa-

385 526 481 555 tuum,
507 518 735 555 cardinalatus,
752 527 787 548 ac
807 516 949 558 ipsorum
968 512 1114 545 cardina—

385 574 459 604 lium
478 572 640 603 titulorum
659 575 690 602 et
704 569 909 601 diaconorum
924 565 1111 609 spectantia,

384 624 533 667 quamdiu
560 623 705 656 absentia
730 620 913 654 huiusmodi
940 618 1112 655 duraverit,

383 677 588 708 canonicatus
614 680 644 707 et
669 673 893 717 praebendas,
927 670 1111 713 dignitates,

385 735 595 771 personatus,
619 726 915 760 administrationes
941 730 972 756 et
997 722 1111 762 officia,

384 786 554 822 ceteraque
591 778 747 812 beneficia
784 776 1006 810 ecclesiastica
1042 785 1111 807 cum

384 835 456 864 cura
482 838 513 864 et
537 833 606 864 sine
632 833 706 863 cura
731 830 883 869 vacantia,
902 840 937 862 ac
962 829 995 860 in
1019 832 1113 860 antea

383 891 540 925 vacatura,
567 891 628 916 tam
655 884 686 916 in
711 884 823 916 eadem
848 882 933 915 Urbe
961 892 1054 925 quam
1081 881 1112 913 in

385 938 546 976 ecclesiis,
571 937 753 970 civitatibus
779 947 814 968 ae
840 935 1042 967 dioecesibus
1068 933 1113 965 di-

384 995 506 1022 ctorum
541 990 780 1032 episcopatuum
813 986 1112 1021 consistentiazssac

384 1042 526 1075 decrevit
550 1041 685 1080 irritum,
711 1046 769 1073 etc.

428 1104 467 1128 tx.
494 1095 570 1127 ltem
603 1094 735 1137 cupiens
766 1092 984 1126 sanctissimus
1010 1091 1112 1125 domi-

252 1137 441 1179 ¹‘¹'''2³.''‘‹'›inns
480 1152 588 1179 noster
626 1146 708 1188 Papa
746 1144 944 1188 pauperibus
984 1144 1111 1177 clericis

306 1191 315 1203 '¹
331 1190 412 1231 &Rei
432 1200 502 1232 aliis
526 1198 736 1232 benemeritis
760 1198 910 1241 personis
931 1197 1110 1240 providere,

382 1252 489 1284 onmia
513 1251 669 1284 beneficia
694 1251 927 1290 ecclesiastica,
944 1261 1015 1283 cum
1037 1252 1112 1283 cura

381 1309 413 1336 et
437 1305 506 1336 sine
532 1306 625 1344 cura,
651 1303 842 1344 saecularia,
869 1308 900 1336 et
925 1302 1110 1346 quorumvis

380 1357 532 1390 Ordinum
550 1357 722 1399 regularia,
740 1357 1019 1400 qualitercumque
1037 1368 1112 1400 qua-

381 1408 495 1441 lificata
520 1414 552 1441 et
575 1408 768 1452 ubicumque
794 1408 979 1449 existentia,
997 1408 1029 1441 in
1047 1409 1112 1441 sin-

382 1462 462 1503 gulis
488 1461 632 1501 ianuarii,
660 1461 812 1495 februarii
829 1489 836 1502 ,
862 1461 971 1504 aprilis
990 1488 998 1502 ,
1022 1462 1109 1502 maii,

381 1514 460 1553 iulii,
474 1514 610 1556 augusti,
622 1515 762 1547 octobris
779 1520 808 1547 et
826 1515 1007 1547 novembris
1025 1525 1112 1548 men-

382 1566 468 1599 sibus
487 1593 494 1606 ,
522 1577 621 1609 usque
647 1567 685 1600 ad
710 1578 785 1600 suae
817 1568 987 1600 voluntatis
1013 1568 1112 1601 bene-

382 1620 544 1662 placitum,
573 1625 659 1653 extra
683 1621 857 1654 Romanam
881 1621 1006 1654 Curiam
1032 1622 1110 1654 alias

382 1683 475 1715 quam
515 1683 572 1716 per
611 1674 862 1716 resignationem
908 1685 1111 1718 quocumque

381 1726 478 1758 modo
503 1732 658 1767 vacatura,
685 1727 723 1759 ad
749 1728 977 1767 collationem,
1008 1728 1112 1771 provi-

382 1778 527 1818 sionem,
554 1781 843 1822 praesentationem
859 1808 866 1820 ,
893 1781 1108 1821 electionem,

383 1837 414 1863 et
431 1832 572 1874 quamvis
591 1833 684 1865 aliam
704 1833 950 1876 dispositionem
965 1845 1112 1878 quorum-

383 1893 518 1926 cumque
547 1886 736 1918 collatorum
763 1891 793 1919 et
817 1887 1017 1920 collatricum
1042 1898 1111 1920 sae-

382 1937 536 1969 cularium
568 1943 598 1969 et
628 1939 811 1981 quorumvis
836 1939 992 1972 Ordinum
1016 1950 1112 1982 regu-

381 1989 495 2022 larium
517 1991 594 2032 (non
612 1996 716 2024 tamen
734 1993 764 2025 S.
785 1993 820 2025 R.
837 1993 871 2026 E.
891 1994 1111 2036 cardinalium,

382 2047 436 2073 aut
453 2042 588 2075 aliorum
604 2044 663 2075 sub
681 2045 882 2078 concordatis
897 2046 981 2079 inter
995 2046 1110 2080 Sedem

381 2094 600 2136 Apostolicam
619 2101 649 2128 et
669 2107 889 2141 quoscumque
915 2099 994 2132 alios
1012 2099 1110 2140 initiS,

382 2152 414 2178 ct
438 2157 496 2189 per
521 2157 585 2187 eos,
602 2148 656 2191 qui
678 2149 731 2182 illa
756 2157 922 2193 acceptare
947 2157 978 2184 et
1001 2152 1112 2185 obser-

381 2208 454 2231 vare
472 2199 659 2240 debuerant,
679 2204 851 2245 acceptatis
872 2210 902 2236 et
925 2204 1111 2246 observatis,

382 2261 462 2293 quae
489 2252 618 2285 laedere
643 2264 706 2286 non
731 2254 877 2296 intendit,
903 2258 1113 2300 comprehen-

381 2306 501 2346 sorum)
521 2306 766 2348 quomodolibet
784 2309 989 2351 pertinentia,
1010 2311 1111 2354 dispo-

382 2357 490 2389 sitioni
516 2369 591 2391 suae
622 2361 818 2401 generaliter
842 2364 1025 2396 reservavit.
1052 2364 1112 2397 Vo-

382 2410 450 2442 lcns
477 2409 507 2442 in
533 2412 823 2454 supplicationibus
855 2425 909 2447 seu
935 2417 1113 2450 concessio-

382 2461 478 2493 nibus
505 2463 688 2504 gratiarum,
707 2475 788 2508 quac
810 2466 848 2499 de
874 2467 967 2500 dicus
991 2468 1112 2502 beneti-

383 2513 438 2546 ciis
465 2519 537 2547 tune
555 2517 737 2551 vacantibus
756 2519 850 2552 etiam
868 2524 957 2553 motu
977 2522 1111 2565 proprio

381 2566 467 2608 fient,
486 2567 524 2601 de
543 2578 653 2603 mense
670 2569 702 2603 in
723 2581 788 2614 quo
805 2572 986 2607 vacaverint
1007 2574 1113 2618 dispo-

249 1105 271 1125 l'.·
280 1106 371 1125 seiia'io

962 202 1142 228 nULLAnmttt
1166 201 1322 226 ROMANUM

1159 250 1250 282 sitive
1275 248 1472 281 mentionem
1499 246 1580 284 sieri,
1608 245 1750 289 alioquin
1777 246 1895 289 gratias

1158 302 1260 334 nullas
1279 311 1360 338 esse,
1378 310 1413 332 ac
1438 298 1690 332 consuetudines
1716 298 1814 331 etiarn
1839 299 1896 332 im-

1159 353 1386 386 memorabilcs
1422 352 1555 395 optandi
1589 352 1727 385 maiores
1763 357 1796 384 et
1826 353 1895 396 pin-

1157 406 1287 448 guiores
1319 405 1544 448 praebendas,
1569 415 1697 438 necnon
1724 405 1895 448 privilegia

1158 459 1251 490 etiam
1278 458 1308 490 in
1335 457 1447 490 limine
1473 458 1651 491 erectionis
1676 468 1843 499 concessa,
1863 464 1896 491 et

1157 511 1282 542 indulta
1317 509 1497 553 apostolica
1533 510 1618 543 circa
1651 521 1710 551 ea,
1737 521 1774 544 ac
1798 512 1894 544 etiam

1157 562 1349 605 disponendi
1369 563 1408 595 de
1435 562 1626 596 huiusmodi
1643 563 1821 604 beneficiis,
1841 569 1895 597 aut

1157 615 1244 658 quod
1262 615 1316 647 illa
1334 615 1392 647 sub
1414 615 1601 649 huiusmodi
1619 617 1894 651 reservationibus

1156 678 1322 710 nunquam
1349 669 1679 712 comprehendantur,
1706 670 1802 703 etiam
1822 670 1894 703 cum

1158 720 1324 763 quibusvis
1351 721 1629 764 derogatoriarum
1656 723 1893 765 derogatoriis,

1157 778 1189 805 et
1214 773 1409 813 fortioribus,
1437 775 1673 808 efficacioribus
1698 780 1730 808 et
1754 775 1894 808 insolitis

1157 826 1310 859 clausulis
1327 853 1334 867 ,
1360 837 1488 860 necnon
1525 828 1729 861 irritantibus
1767 833 1799 861 et
1823 828 1894 862 aliis

1158 879 1307 921 decretis,
1330 891 1468 923 quorum
1494 886 1623 914 tenores
1647 891 1707 925 pro
1733 882 1896 925 expressis

1158 932 1270 964 baberi
1297 939 1328 965 et
1353 934 1509 966 latissime
1535 935 1665 967 extendi
1684 930 1805 975 voluit,
1826 933 1896 978 qui'-

1156 984 1264 1016 busvis
1282 986 1431 1027 personis
1450 991 1482 1019 et
1495 987 1641 1029 collegiis
1665 987 1896 1031 cuiuscumque

1158 1037 1337 1079 dignitatis,
1357 1042 1468 1079 status,
1486 1039 1615 1082 graduS‚
1634 1039 1757 1073 ordinis
1772 1046 1804 1073 et
1820 1051 1896 1073 con-

1157 1089 1288 1122 ditionis
1313 1091 1526 1124 existentibus
1545 1093 1795 1135 quomodolibet
1818 1103 1896 1126 con-

1157 1153 1254 1182 cessa,
1269 1143 1423 1176 adversus
1436 1144 1692 1178 reservationem
1707 1145 1896 1178 huiusmodi

1156 1195 1288 1228 minime
1306 1195 1485 1239 suffragari.
1506 1197 1638 1240 Insuper
1652 1198 1810 1232 Sanctitas
1823 1198 1895 1238 Sua,

1156 1249 1195 1281 ad
1221 1248 1468 1291 gratificandum
1495 1251 1708 1293 patriarchis,
1734 1251 1896 1296 archiepi-

1156 1301 1262 1344 scopis
1284 1307 1316 1334 ct
1336 1301 1501 1345 episcopis
1522 1302 1655 1343 intenta,
1675 1304 1767 1347 ipsis,
1786 1314 1897 1348 quam-

1157 1354 1211 1387 diu
1237 1355 1321 1397 apud
1347 1355 1499 1388 ecclesias
1536 1361 1591 1388 aut
1627 1356 1797 1390 dioeceses
1821 1367 1895 1391 suas

1156 1418 1230 1440 vere
1257 1413 1289 1440 et
1313 1408 1528 1451 personaliter
1561 1409 1745 1442 resederint
1769 1410 1897 1444 dumta-

1157 1465 1218 1500 xat,
1235 1461 1274 1493 de
1290 1461 1441 1494 omnibus
1456 1466 1487 1494 et
1500 1461 1761 1507 quibuscumque
1777 1462 1896 1497 benefi-

1157 1514 1214 1547 ciis
1232 1514 1470 1554 ecclesiasticis,
1487 1525 1559 1548 cum
1577 1517 1652 1548 cura
1670 1521 1703 1548 et
1718 1516 1788 1550 sine
1807 1519 1893 1556 cura,

1157 1567 1377 1599 saecularibus
1399 1572 1431 1600 et
1456 1568 1674 1610 regularibus,
1693 1569 1733 1602 ad
1757 1569 1895 1603 liberam

1157 1620 1301 1663 ipsorum
1327 1620 1503 1661 dumtaxat,
1532 1631 1599 1654 non
1624 1626 1729 1655 autem
1755 1623 1895 1656 aliorum

1157 1684 1229 1706 cum
1254 1673 1299 1706 eis
1325 1673 1575 1717 dispositionem
1592 1702 1599 1715 ,
1627 1685 1685 1708 seu
1709 1682 1897 1720 praesenta-

1157 1725 1287 1766 tionem,
1315 1728 1363 1760 vel
1388 1727 1593 1768 electionem,
1618 1738 1679 1761 nec
1703 1729 1800 1762 etiam
1824 1739 1896 1763 cum

1157 1779 1292 1812 consilio
1310 1780 1359 1812 vel
1386 1790 1546 1813 consensu
1569 1790 1624 1814 seu
1646 1781 1830 1815 interventu
1847 1792 1897 1816 ea-

1156 1833 1334 1876 pitulorum
1360 1834 1411 1866 vel
1438 1834 1587 1875 aliorum,
1613 1840 1667 1868 aut
1691 1835 1769 1869 alias
1794 1836 1895 1880 perti-

1156 1886 1329 1926 nentibus,
1358 1896 1441 1929 quae
1475 1886 1507 1919 in
1540 1893 1635 1921 antea
1670 1888 1703 1920 in
1728 1889 1895 1922 mensibus

1157 1939 1322 1979 februarii,
1337 1940 1457 1983 aprilis,
1476 1940 1569 1981 iunii,
1589 1941 1726 1984 augusti.
1742 1941 1895 1983 octobris,

1157 1997 1188 2025 et
1209 1993 1391 2026 decembris
1417 1999 1507 2026 extra
1520 1993 1646 2027 Curiam
1661 1994 1762 2037 ipsam
1779 2005 1896 2028 vacare

1157 2046 1331 2088 contigerit
1356 2046 1556 2088 (dummodo
1585 2046 1664 2079 alias
1689 2047 1895 2090 dispositioni

1156 2099 1357 2140 apostolicae
1372 2104 1539 2132 reservata
1553 2099 1603 2132 vel
1621 2098 1734 2132 affecta
1749 2110 1814 2133 non
1832 2100 1896 2133 sue-

1156 2151 1246 2195 rint)
1263 2151 1365 2185 libere
1392 2152 1586 2195 disponendi
1613 2152 1797 2185 facultatem
1815 2157 1895 2186 tem-

1156 2215 1236 2247 pore
1257 2205 1307 2237 sui
1332 2205 1538 2248 pontificatus
1557 2209 1679 2238 tantum
1705 2205 1894 2239 duraturam

1156 2257 1328 2290 concessit.
1356 2258 1401 2290 Ac
1425 2257 1521 2290 etiam
1546 2257 1667 2298 voluit,
1700 2263 1755 2298 ut,
1782 2258 1807 2290 si
1832 2257 1894 2302 ipsi

1155 2310 1188 2342 in
1213 2310 1390 2343 collatione
1420 2315 1475 2343 aut
1509 2310 1571 2343 alia
1597 2310 1813 2354 dispositione
1837 2311 1893 2345 be-

1155 2363 1348 2396 neficiorum
1374 2363 1406 2395 in
1432 2363 1503 2396 aliis
1528 2374 1582 2396 sex
1608 2364 1788 2405 mensibuS,
1804 2364 1894 2398 vide-

1155 2415 1232 2448 licet
1248 2415 1397 2455 ianuarii,
1413 2415 1529 2456 martii,
1547 2416 1634 2456 maii,
1658 2416 1740 2456 iulii,
1753 2421 1894 2460 septem—

1154 2468 1219 2501 bris
1251 2475 1282 2502 et
1312 2468 1496 2502 novembris
1533 2474 1758 2503 vacaturorum
1784 2471 1893 2514 (quae

1155 2521 1252 2555 etiam
1278 2521 1485 2566 dispositioni
1510 2532 1584 2557 suae
1600 2550 1609 2564 ‚
1630 2527 1666 2556 ut
1689 2521 1893 2566 praefertur,

1155 2575 1353 2619 reservavit)
1379 2585 1437 2611 seu
1467 2576 1564 2611 etiam
1590 2576 1728 2612 aliorum
1752 2576 1893 2622 disposi-

1902 185 1952 225 An'.
1968 197 1999 227 C.
2019 196 2089 228 ¹7³0
