2182 3137
192 227 243 249 ιη,
261 227 289 248 2..
314 222 382 248 '730
429 213 494 246 200

387 272 426 300 ⁶25
448 272 605 301 Conversio
627 271 655 301 S.
680 271 762 301 Pauli
784 270 919 310 apostoli.

659 329 867 349 Februarius:

414 371 432 399 2
455 370 624 399 Purificatio
648 370 679 399 Β.
704 369 740 398 M.
765 369 798 399 V.

413 419 431 448 3
454 418 542 448 Blasii
565 417 695 457 episcopi
717 422 746 447 et
767 416 953 447 confessoris.

393 466 430 496 24
453 465 590 496 Matthiae
613 465 746 504 apostoli.

431 514 521 544 Feria
543 514 673 543 secunda
694 517 723 543 et
745 513 835 542 tertia.
861 516 925 552 post
957 512 1134 542 dominicam

394 562 659 601 Quinquagesimae
676 585 683 597 ,
709 565 737 591 et
769 561 843 591 seria
869 562 971 600 quarta
999 560 1134 590 Cinerum

390 611 531 642 lectiones
555 615 667 640 vacant.

691 668 842 688 martius:

416 711 427 739 vl
456 709 634 748 Angelorum
658 708 822 738 custodum.

413 759 429 787 7
452 758 579 788 'l'liomae
598 758 632 787 de
651 757 766 796 Aquino
789 756 967 786 confessoris
988 760 1016 786 et
1039 755 1137 785 Eccle-

472 806 533 836 siae
557 806 697 835 doctoris.

394 856 431 885 12
454 856 587 893 Gregorii
612 855 706 893 Papae
728 859 756 883 et
778 852 953 883 confessoris
979 857 1007 882 et
1037 852 1137 881 Eccle-

474 904 533 933 siae
556 903 695 933 doctoris.

393 954 431 982 19
454 953 557 992 loseph
579 952 678 991 sponsi
700 951 732 981 B.
756 951 793 981 M.
818 950 850 980 V.

393 1002 432 1031 20
454 1001 580 1031 loachim
604 1000 790 1029 confessoris.

389 1050 424 1079 21
450 1049 600 1079 Benedicti
623 1048 748 1077 abbatis.

391 1099 430 1127 25
453 1096 694 1127 Annuntiationis
718 1095 748 1125 Β.
773 1095 809 1124 M.
834 1094 866 1123 V.

434 1147 457 1176 Α
480 1145 627 1176 dominica
649 1145 816 1174 Palmarum
838 1143 873 1172 ad
897 1142 1075 1172 dominicam
1106 1142 1134 1170 in

390 1195 475 1225 Albis
497 1199 600 1224 vacant
624 1194 776 1224 lectiones.

699 1251 831 1277 Aps-{Usa

393 1293 431 1322 23
453 1293 570 1331 Georgii
595 1291 742 1330 martyris.

393 1342 431 1370 25
455 1341 541 1370 Marci
565 1340 773 1378 evangelistae.

703 1398 822 1417 Malus:

415 1439 428 1468 1
457 1438 585 1478 Philippi
608 1442 636 1468 et
658 1437 754 1467 iacobi
777 1436 985 1476 apostolorum.

411 1488 429 1516 3
451 1487 585 1517 Iuventio
607 1487 637 1516 S.
662 1486 773 1516 Crucis.

392 1562 397 1566 .
415 1536 433 1564 8
455 1535 608 1575 Apparitio
629 1535 658 1565 S.
683 1534 832 1564 Michaelis
855 1533 1034 1571 archangeli.

452 1584 483 1613 ln
506 1583 684 1613 Ascensione
707 1583 837 1618 Domini,
861 1582 1010 1611 dominica
1032 1581 1136 1611 Pente-

470 1637 580 1667 costes,
606 1632 680 1661 seria
702 1632 831 1661 secunda
853 1635 881 1661 et
903 1631 990 1660 tertia
1011 1639 1136 1669 sequen-

472 1680 567 1718 tibus,
592 1685 621 1710 et
643 1680 674 1710 in
697 1681 769 1710 sesto
800 1679 935 1719 Corporis
966 1678 1073 1709 Christi
1097 1678 1136 1707 le-

472 1730 585 1759 ctiones
609 1733 722 1758 vacant.

701 1786 828 1805 flumini-12

389 1826 422 1855 11
450 1825 598 1855 Barnabae
621 1825 755 1864 apostoli.

389 1874 428 1904 13
452 1874 572 1904 Antonii
595 1874 630 1903 de
654 1874 753 1903 l‘adua.
774 1873 962 1903 confessoris.

383 1920 428 1952 ’24
450 1923 616 1952 Nativitatis
638 1923 666 1952 S.
692 1923 809 1952 loannis
831 1922 987 1961 Baptistae.

388 1972 427 2002 29
450 1972 529 2003 Petri
551 1977 579 2002 et
602 1973 683 2002 Pauli
705 1973 913 2011 apostolorum.

431 2021 505 2051 Hinc
532 2022 566 2051 ad
600 2022 705 2051 festum
729 2022 758 2051 S.
782 2021 896 2057 Lucae,
920 2021 1028 2050 artium
1043 2044 1051 2058 ,
1076 2030 1136 2050 ma-

391 2071 520 2108 theseos,
545 2070 718 2107 medicinae,
742 2070 897 2109 utriusque
915 2069 988 2099 iuris
1005 2078 1038 2099 ac
1055 2070 1136 2099 theo-

391 2119 486 2157 logiae
508 2119 647 2149 lectiones
671 2123 785 2148 vacant.

704 2177 822 2197 ΙιιΙΙιιηῐ

409 2218 428 2247 2
452 2217 634 2247 Visitationis
656 2217 688 2247 B.
712 2217 748 2246 M.
774 2217 804 2247 V.

391 2267 430 2297 14
451 2267 674 2296 Bonaventurae
696 2266 827 2305 episcopi
856 2270 884 2295 et
910 2266 1086 2297 confessoris
1108 2271 1136 2296 et

470 2314 618 2344 Ecclesiae
640 2314 780 2344 doctoris.

431 2362 475 2393 Ab
499 2363 552 2392 hac
575 2363 622 2392 die
639 2372 731 2401 usque
746 2362 782 2392 ad
798 2362 902 2392 festum
918 2363 1135 2402 Assumptionis

391 2411 424 2441 B.
448 2411 554 2440 Mariae
589 2411 717 2449 Virginis
744 2411 950 2449 grammaticae
976 2415 1005 2441 et
1034 2410 1136 2441 huma-

391 2458 508 2488 niorum
525 2459 689 2488 litterarum
712 2461 816 2488 vacant
843 2458 994 2489 lectiones.

679 2515 852 2541 Augustales

391 2554 429 2584 16
451 2554 544 2584 Rochi
566 2555 751 2585 confessoris.

391 2602 430 2632 20
451 2602 593 2633 Bernardi
616 2603 741 2633 abbatis.

998 223 1179 246 BULLARlUM
1206 224 1359 246 Romanum

1926 225 1975 249 An.
1997 225 2026 250 C.
2045 225 2119 251 ⁴730

1175 270 1214 300 24
1236 271 1448 301 Bartholomaei
1472 272 1606 310 apostoli.

1176 320 1214 349 28
1238 321 1394 359 Augustini
1417 321 1547 360 episcopi
1569 325 1598 350 et
1620 321 1796 350 confessoris
1817 325 1846 350 et
1868 321 1921 350 Ec-

1255 370 1362 399 clesiae
1385 370 1521 399 doctoris.

1446 426 1648 452 septemflua-z

1197 470 1213 497 8
1236 467 1403 498 Nativitatis
1425 467 1455 496 B.
1478 467 1514 497 M.
1540 467 1572 497 V.

1178 517 1211 546 21
1238 517 1374 546 Matthaei
1397 516 1531 556 apostoli.

1177 565 1215 594 29
1238 565 1434 595 Dedicationis
1455 564 1484 595 S.
1509 565 1658 594 Michaelis
1679 564 1859 603 archangeli.

1178 614 1216 642 30
1239 613 1407 652 Hieronymi
1431 613 1546 652 patroni
1569 617 1597 642 et
1619 613 1793 642 confessoris
1815 617 1844 642 et
1866 613 1921 642 Ec-

1259 662 1365 691 clesiae
1388 662 1524 691 doctoris.

1219 710 1361 739 Omnibus
1384 710 1591 748 hebdomadis,
1616 709 1722 749 quibus
1743 713 1857 749 praeter
1871 709 1921 739 do-

1179 759 1315 788 minicam
1346 759 1452 788 festum
1487 759 1563 788 aliud
1586 768 1643 788 non
1668 763 1823 793 occurret,
1848 758 1921 787 feria

1179 808 1282 846 quintst
1298 812 1400 836 vacant
1422 808 1562 837 lectiones
1577 831 1584 845 ,
1606 807 1675 837 item
1694 811 1722 836 et
1741 806 1845 836 diebus
1861 806 1922 835 sin-

1178 856 1274 893 gulis,
1299 856 1405 895 quibus
1427 856 1457 885 in
1480 856 1630 886 Catalonia
1652 860 1680 885 et
1707 855 1826 885 civitate
1855 854 1921 884 Cer-

1181 904 1277 933 variae
1301 905 1405 933 fesium
1430 904 1465 933 de
1485 908 1638 944 praecepto
1662 904 1779 934 colitur.

1229 961 1294 991 Dius
1317 963 1452 1001 intercisi,
1477 963 1575 1002 quibus
1597 962 1722 992 videlieet
1744 962 1871 991 lectiones

1382 1012 1589 1050 pomeridianae
1612 1015 1719 1040 vacant.

1220 1063 1409 1100 Pervigilium
1434 1064 1621 1094 Ascensionis
1643 1064 1769 1093 Domini.

1220 1111 1408 1150 Pervigiliuin
1432 1113 1627 1142 Pentecostes.

1220 1160 1315 1189 Pridie
1338 1160 1531 1190 solemnitatis
1551 1160 1686 1200 Corporis
1704 1160 1821 1190 Christi.

1220 1209 1410 1247 Pervigilium
1432 1209 1596 1240 Nativitatis
1618 1210 1743 1239 Domini.

1219 1258 1327 1295 Ceteri,
1351 1258 1401 1297 qui
1423 1263 1584 1297 supersunt
1606 1258 1675 1287 anni
1698 1259 1772 1296 dies,
1796 1261 1864 1288 sunt
1880 1258 1921 1287 le-

1179 1307 1259 1336 cnvL

1218 1354 1400 1394 Quicumque
1424 1355 1570 1394 professor
1598 1355 1751 1385 dimidium
1781 1355 1922 1394 temporis
1933 1366 2053 1388 Murciam
2070 1372 2121 1394 pro—

1178 1404 1213 1433 ad
1245 1404 1401 1434 lectionem
1426 1404 1573 1443 praefiniti
1607 1414 1657 1443 per
1685 1404 1828 1434 incuriam
1851 1393 2118 1441 omi-ffi{{,⁰,2¹3m¹⁵0m¹ff‡

1179 1453 1262 1488 serit,
1282 1453 1419 1482 mulctam
1443 1452 1546 1482 subeat
1563 1462 1615 1492 pro
1634 1454 1695 1482 tota
1711 1453 1853 1483 lectione:
1869 1462 1921 1492 pro
1933 1446 2118 1494 igztgggspersot-

1179 1500 1302 1530 dimidia
1336 1510 1402 1530 vero
1433 1505 1568 1538 tantum,
1593 1501 1616 1530 si
1640 1501 1767 1540 aliquam
1791 1501 1921 1531 eiusdem

1180 1551 1318 1589 temporis
1341 1554 1453 1590 partem
1477 1550 1599 1580 dimidia
1621 1550 1789 1580 inferiorem
1806 1550 1921 1580 non'sse-

1177 1600 1265 1636 gerit.

1216 1648 1338 1678 Mulctae
1361 1649 1491 1687 pariter,
1516 1648 1552 1678 ob
1576 1649 1784 1687 negligentiam
1808 1649 1919 1687 profes—

1179 1706 1276 1726 sorum
1300 1697 1487 1735 infligendae,
1508 1697 1667 1727 secundum
1690 1697 1751 1726 dies
1774 1697 1872 1735 utiles,
1889 1702 1921 1727 ut

1178 1746 1347 1784 supradicto
1362 1746 1447 1776 titulo
1470 1755 1514 1775 ων
1537 1746 1682 1775 sancitum
1698 1750 1753 1783 est,
1774 1755 1831 1775 nou
1852 1755 1919 1775 vero

1178 1795 1334 1824 continuos
1356 1798 1573 1834 computentur.

1260 1852 1288 1880 L.
1313 1851 1392 1880 card.
1418 1851 1515 1880 rmus.

1259 1901 1287 1930 L.
1310 1901 1388 1930 card.
1412 1901 1548 1930 Battum

1612 1851 1679 1880 Loco
1701 1852 1719 1888 †
1741 1851 1838 1889 sigilli.

1610 1901 1678 1930 Loco
1699 1903 1717 1937 †
1738 1901 1837 1938 si'9c'lli.

1222 1968 1237 2010 ,ξ
1261 1967 1293 1999 2.
1320 1967 1395 1999 Cum
1429 1972 1557 2005 autem,
1585 1967 1667 1999 sicut
1698 1967 1794 2000 etiam
1829 1978 1921 2001 acce·
1932 1975 2119 2027 cgififiiissiwssffff.

1179 2020 1303 2062 pimus,
1330 2031 1364 2052 ex
1392 2020 1610 2052 universitatis
1636 2031 1653 2052 a
1677 2021 1824 2062 praefato
1848 2021 1921 2054 Phi·
1933 2029 2004 2048 rectae
2025 2029 2116 2049 sanetis·
2155 2027 2161 2033 “

1179 2073 1270 2116 lippo
1296 2083 1382 2115 rege,
1410 2073 1493 2104 sicut
1518 2073 1709 2115 praefertur,
1738 2080 1867 2107 erectae
1889 2059 2004 2107 etss'ssi'm
2031 2053 2116 2109 ἀιῗνηεᾙὲ

1180 2127 1340 2164 fundatae,
1368 2126 1503 2168 aliisque
1528 2126 1718 2169 praemissis
1743 2118 1990 2170 p1*aefatis,·⁹.i.⁰„0
2005 2112 2116 2169 ωᾞζᾞῖἶ

1179 2180 1263 2212 idem
1289 2179 1460 2222 Philippus
1485 2189 1539 2211 rex
1566 2179 1689 2211 firmam
1720 2190 1812 2222 spem
1841 2165 2118 2220 fidu-:3:¹³3023132ss33:

1178 2232 1325 2274 ciamqne
1345 2232 1463 2263 habeat
1481 2231 1511 2263 in
1533 2231 1590 2264 Illo
1619 2232 1672 2274 qui
1695 2231 1798 2265 bonae
1817 2234 1919 2266 menti
1933 2220 2026 2265 iiiiii?
2063 2217 2119 2238 ‘'m''

1178 2285 1330 2324 occurrit,
1356 2284 1442 2327 qnod
1469 2284 1662 2317 universitas
1688 2284 1726 2317 ab
1752 2295 1791 2318 eo
1817 2285 1863 2318 sic
1887 2292 1923 2319 ut

1179 2337 1361 2380 praefertur
1386 2342 1493 2369 erecta
1511 2340 1542 2369 et
1560 2337 1690 2369 fundata
1717 2337 1920 2379 huiusmodi,

1178 2390 1279 2432 gratia
1305 2390 1475 2422 adiuvante
1493 2389 1631 2429 Domini,
1651 2390 1703 2432 qui
1726 2390 1778 2433 pie
1796 2392 1920 2434 coeptis

1178 2443 1342 2476 assiduum
1365 2453 1442 2475 suae
1463 2443 1705 2476 benedictionis
1722 2445 1860 2487 praebet
1876 2445 1922 2477 in-

1178 2500 1401 2534 crementum,
1431 2495 1514 2528 felici
1550 2501 1734 2538 temporum
1767 2506 1921 2529 successu

1178 2549 1305 2581 celebre
1331 2553 1363 2580 et
1388 2548 1595 2580 innumerum
1627 2549 1803 2591 proborum
1835 2549 1921 2582 viro-

1180 2611 1250 2633 rum
1271 2601 1309 2633 ad
1331 2601 1553 2643 procurandos
1577 2601 1728 2634 militanti
1753 2601 1919 2635 Ecclesiae

2174 0 2182 311 l

2177 312 2182 483 l
