2182 3137
213 189 402 218 An.c.1733
449 181 512 214 506

408 240 521 283 illique
550 239 748 272 inviolabilis
769 239 965 284 apostolicae
989 240 1146 274 firmitatIs

408 304 445 325 ac
470 292 749 335 interpretationis
786 292 1026 335 praedictorum
1051 298 1147 326 statu-

409 352 513 378 torum
546 346 606 378 vim
644 351 676 378 et
712 345 886 379 efficaciam
923 345 1145 388 iniungimus,

408 409 533 432 necnon
549 399 770 432 delinitor-ium
788 399 989 443 provinciale
1004 400 1147 433 eiusdem

409 452 594 495 provinciae
615 452 839 494 Lugdunensis
864 454 902 485 ad
929 454 1146 497 septenarium

412 516 580 538 numerum
607 506 784 546 vocalium,
812 506 840 539 ei
865 507 946 539 sicut
971 507 1148 550 praemitti-

411 564 462 591 tur
485 559 743 599 convenientem,
760 560 876 593 harum
901 560 982 593 serie
1008 561 1148 593 restitui-

409 623 479 645 mus
501 618 532 645 et
552 612 801 655 reintegramus.
823 613 993 647 Praeterea
1011 614 1148 647 auctori-

412 671 474 699 tate
492 670 523 698 et
541 671 653 699 tenore
668 667 822 710 praefatis
836 668 980 700 volumus
996 674 1026 700 et
1044 669 1149 701 statui-

410 730 489 759 mus,
508 725 552 760 ut,
570 720 722 753 defuncto
747 721 860 754 ultimo
887 721 1051 755 ministro¹
1072 733 1148 766 pro-

409 772 556 813 vinciali,
584 773 615 805 in
640 772 723 806 dicta
739 774 907 817 provincia
925 775 1147 817 Lugdunensi,

411 837 446 859 ex
470 832 545 859 tunc
571 831 602 860 et
620 837 721 870 usque
746 827 785 860 ad
807 829 988 870 proximum
1007 829 1148 861 futurum

411 879 588 923 capitulum
607 880 801 923 provinciale
820 880 983 920 inclusive,
1000 881 1150 923 subroga-

410 939 460 966 tus
487 938 666 974 censeatur,
693 933 751 966 sub
778 933 868 967 titulo
895 939 926 967 et
950 934 1073 967 iuribus
1098 946 1150 968 ex-

410 986 549 1019 ministri
576 987 804 1030 provincialis,
833 988 858 1020 is
884 988 937 1031 qui
964 988 1149 1022 immediate

411 1045 484 1073 ante
510 1041 700 1073 defunctum
736 1041 776 1073 ab
812 1041 917 1074 officio
942 1042 1149 1085 provinciala-

411 1100 460 1127 tus
479 1094 645 1127 absolutus
671 1100 702 1127 et
727 1100 816 1128 extra
842 1095 1060 1128 delinitorium
1078 1107 1150 1139 pro-

410 1147 549 1180 vinciale
574 1149 752 1191 reperitur.
780 1146 848 1186 Quo
875 1159 952 1182 vero
979 1149 1016 1181 ad
1046 1156 1151 1183 custo-

412 1201 484 1233 dem
511 1201 701 1244 praet‘atum,
728 1204 851 1235 servata
877 1203 1100 1246 imposterum,
1118 1203 1150 1237 in

411 1255 573 1288 electione
610 1265 722 1287 eorum
749 1255 803 1299 qui
829 1256 867 1289 ad
893 1256 1071 1299 capitulum
1097 1268 1151 1300 ge-

411 1309 521 1341 nerale
556 1309 732 1351 deputandi
760 1315 875 1349 erunt,
908 1310 983 1342 dicti
1012 1310 1150 1343 ministri

412 1362 574 1404 generalis
593 1362 765 1402 sententia,
784 1363 949 1406 deputatio
965 1364 1046 1396 sacta
1065 1375 1081 1397 a
1099 1375 1153 1407 po-

411 1421 533 1449 stremo
559 1416 700 1458 capitulo
733 1416 921 1459 provinciali
946 1417 1008 1450 vim
1035 1418 1152 1451 habeat

412 1480 471 1512 pro
497 1470 559 1502 hac
583 1469 651 1502 vice
677 1475 801 1502 tantum
825 1470 856 1502 in
879 1470 916 1503 iis
938 1481 1020 1514 quae
1046 1472 1150 1505 eidem

412 1524 592 1556 sententiae
610 1534 675 1556 non
694 1524 921 1565 adversantur,
942 1525 983 1558 ita
1002 1526 1088 1569 quod
1107 1526 1151 1559 sic

413 1578 608 1620 deputatus,
637 1583 690 1609 aut
714 1577 745 1610 in
772 1577 841 1610 eius
866 1579 971 1611 locum
997 1579 1151 1622 subroga-

413 1637 471 1671 tus,
490 1632 521 1664 in
540 1632 598 1664 sua
621 1631 828 1675 deputatione
854 1632 900 1664 vel
922 1633 1151 1675 subrogatione

411 1685 526 1723 valide,
551 1684 608 1717 sed
634 1695 705 1717 cum
732 1685 825 1718 titulo
851 1685 1013 1725 custodis,
1040 1691 1072 1718 et
1093 1687 1151 1719 sal-

412 1744 476 1771 tem
502 1738 625 1771 iuribus
651 1738 859 1772 definitorum
885 1750 987 1783 usque
1014 1741 1050 1773 ad
1077 1752 1150 1784 pro-

412 1792 529 1824 ximum
545 1792 718 1835 capitulum
734 1793 933 1835 provinciale
953 1800 1150 1836 permaneat.

414 1846 516 1889 thue
543 1856 698 1879 numerus
724 1852 863 1890 quatuor
889 1847 1106 1890 definitorum,
1135 1860 1152 1882 a

412 1899 545 1932 custode
571 1898 806 1940 distinctorum,
826 1911 861 1933 ex
880 1910 964 1933 nunc
990 1912 1092 1944 usque
1114 1902 1152 1935 ad

412 1953 534 1985 dictum
560 1952 741 1995 proximum
760 1953 935 1996 capitulum
952 1954 1152 1998 provinciale

412 2006 591 2046 inclusive,
617 2007 837 2049 compleatur,
865 2007 1057 2050 adiungatur
1092 2020 1152 2052 pro

413 2060 474 2093 hac
489 2060 555 2093 vice
572 2065 706 2104 quartus
721 2060 874 2094 delinitor
889 2061 991 2094 tribus
1006 2062 1075 2094 aliis
1090 2062 1151 2095 iam

412 2114 546 2157 abipso
583 2118 750 2157 postremo
787 2114 926 2158 capitulo
963 2115 1152 2158 provinciali

413 2165 523 2199 clectis
556 2170 682 2208 praeter
716 2166 863 2199 eumdem
895 2167 1063 2200 custodem
1089 2167 1153 2201 sive

412 2219 601 2262 deputatum
627 2219 805 2252 secundum
837 2220 926 2262 leges
953 2221 1154 2264 subrogatio-

413 2274 463 2306 nis
488 2283 546 2317 per
582 2273 709 2306 litteras
746 2274 942 2316 apostolicas
968 2274 999 2307 in
1026 2285 1084 2308 suo
1111 2275 1154 2308 vi-

412 2337 491 2369 gore
518 2327 729 2370 persistentes
754 2327 786 2360 in
811 2337 886 2360 casu
912 2327 1019 2361 obitus
1044 2328 1154 2362 defini-

412 2386 515 2413 torum
542 2381 768 2423 praescriptas,
795 2381 930 2425 perinde
956 2392 992 2415 ac
1011 2381 1035 2414 si
1060 2392 1153 2425 quar-

412 2440 461 2467 tus
487 2434 640 2468 definitor
665 2435 703 2468 ad
729 2435 903 2479 capitulum
926 2436 1078 2479 generale
1098 2435 1151 2470 de-

412 2494 539 2532 putatus
565 2488 770 2522 decessisset.

448 2560 458 2585 1
484 2559 523 2585 Ex
544 2558 577 2585 iis
597 2567 666 2595 quae
694 2559 877 2595 praecedunt,
901 2559 1038 2587 videretur
1064 2559 1154 2596 potius

411 2603 558 2639 legendum
579 2605 751 2634 eaeminiscro
772 2608 811 2641 (n.
834 2605 883 2643 Τι).

990 191 1170 216 BULLARIUM
1195 193 1348 218 ROMANL'M

2153 0 2182 182 1

1934 196 2032 225 ΑΜ).
2054 198 2119 237 ¹⁷33
2158 186 2182 238 (a

1233 242 1247 285 ξ
1271 241 1302 276 3.
1329 243 1560 284 DecernenteS,
1585 244 1716 278 easdem
1740 249 1927 289 praesentes
1965 259 2043 280 narum
2065 261 2120 290 1511..
2156 244 2176 288 ’,ι

1191 296 1313 329 litteras
1349 306 1481 340 semper
1506 296 1632 338 firmas,
1658 298 1779 332 validas
1805 304 1837 333 et
1861 293 2010 333 elli·rarum
2026 287 2118 310 ‘mmm'
2159 294 2182 312 ἰ

1190 360 1279 383 caccs
1307 350 1445 383 existere
1472 356 1503 384 et
1529 351 1617 392 sore,
1652 363 1793 396 suosque
1818 353 1930 396 plena·
2160 343 2177 363 '¹

1191 403 1255 436 rios
1283 409 1314 436 et
1339 404 1483 446 integros
1510 404 1640 438 effeetus
1666 406 1775 439 sortiri
1797 411 1829 440 et
1850 406 1931 440 obti-

1192 467 1280 496 nere,
1305 462 1337 490 ct
1355 458 1393 490 ab
1419 458 1492 497 illis,
1515 459 1552 491 ad
1580 470 1661 503 quos
1680 465 1804 504 spectat
1822 465 1853 493 et
1870 471 1929 504 pro

1193 516 1339 553 tempore
1375 512 1644 556 quandocumque
1680 514 1860 556 spectabit,
1896 513 1930 547 in

1192 563 1343 596 omnibus
1368 569 1398 596 et
1423 574 1481 606 per
1513 565 1622 597 omnia
1654 565 1845 600 inconcusse
1871 566 1929 600 ob-

1192 616 1333 655 servari,
1365 616 1493 661 illisque
1529 618 1707 661 respective
1741 619 1930 663 plenissime

1192 665 1356 709 sull'ragari
1370 678 1377 706 ;
1393 667 1503 711 sicque
1518 668 1549 700 in
1565 670 1749 712 praemissis
1763 681 1821 714 per
1836 681 1932 714 quos·

1193 731 1331 764 cunique
1349 721 1472 754 iudices
1491 722 1670 756 ordinarios
1697 729 1727 756 et
1752 724 1931 766 delegatos,

1194 772 1290 806 etiam
1316 783 1482 806 causarum
1508 775 1618 818 palatii
1647 776 1816 819 apostolici
1842 777 1932 810 audi-

1195 831 1302 867 tores,
1330 827 1464 860 iudicari
1498 834 1528 860 et
1561 828 1687 862 deliniri
1721 829 1842 863 debere
1862 856 1870 870 ,
1894 841 1932 864 ac

1194 879 1315 912 irritum
1331 885 1362 913 et
1380 880 1475 913 inane
1493 881 1517 914 si
1537 892 1629 915 secus
1644 882 1807 926 superbis
1821 894 1837 917 a
1855 894 1933 928 quo-

1194 943 1302 976 quam,
1326 934 1436 977 quavis
1469 935 1682 978 auctoritate,
1708 937 1850 970 scienter
1881 937 1932 971 vel

1195 987 1393 1029 ignoranter,
1419 988 1592 1031 contigerit
1616 990 1779 1024 attentari.

1238 1040 1252 1083 {j
1278 1040 1309 1072 lt.
1337 1040 1405 1073 Non
1431 1042 1633 1075 obstantibus
1658 1043 1844 1086 praemissis
1861 1071 1868 1085 ,
1897 1055 1933 1078 ae

1195 1092 1480 1126 constitutionibus
1492 1099 1523 1127 et
1536 1095 1793 1129 ordinationibus
1807 1092 1935 1140 aposto-

1196 1146 1275 1186 licis,
1292 1157 1436 1186 necnon,
1451 1153 1607 1190 quatenus
1625 1159 1707 1192 opus
1724 1149 1783 1190 sit,
1804 1149 1932 1184 Ordinis

1194 1204 1226 1232 ct
1257 1200 1444 1243 provinciae
1470 1202 1694 1244 Lugdunensis
1724 1202 1932 1250 huiusmodi,

1196 1253 1290 1286 etiam
1316 1253 1511 1294 iuramento,
1535 1255 1780 1289 confirmatione
1807 1263 1935 1300 aposto-

1195 1308 1267 1347 lica,
1290 1308 1339 1340 vel
1366 1309 1477 1351 quavis
1504 1309 1653 1343 firmitate
1679 1309 1740 1344 alia
1761 1311 1933 1352 roboratis,

1194 1362 1320 1394 statutis
1357 1367 1388 1395 et
1421 1363 1731 1404 consuetudinibus,
1756 1364 1936 1408 privilegiis

1195 1425 1347 1458 quoque,
1373 1415 1507 1449 indultis
1534 1421 1565 1449 et
1598 1417 1714 1450 litteris
1748 1417 1935 1461 apostolicis

1195 1468 1226 1500 in
1252 1469 1446 1501 eontrarium
1471 1469 1724 1512 praemissorum
1755 1471 1937 1514 quomodo-

1195 1522 1274 1554 libet
1291 1522 1468 1562 concessis,
1487 1522 1684 1557 conlirmatis
1703 1529 1735 1557 et
1752 1524 1933 1566 innovatis;

1195 1576 1312 1619 quibus
1349 1577 1499 1609 omnibus
1537 1582 1568 1610 et
1603 1577 1762 1620 singulis,
1800 1578 1933 1612 illorum

1196 1636 1323 1663 tenores
1348 1631 1575 1674 praesentibus
1607 1642 1665 1675 pro
1692 1632 1790 1675 plene
1815 1637 1847 1665 et
1871 1632 1936 1665 sus-

1196 1683 1342 1717 licieuter
1376 1684 1537 1727 expressiS
1573 1690 1604 1718 et
1641 1685 1679 1718 ad
1717 1686 1850 1719 verbum
1889 1686 1935 1719 in-

1195 1737 1289 1770 sertis
1314 1738 1481 1777 babentes,
1498 1738 1561 1771 illis
1583 1739 1661 1772 alias
1679 1739 1712 1772 in
1730 1750 1789 1772 suo
1816 1739 1933 1773 robore

1197 1792 1428 1834 permansuris,
1442 1792 1480 1824 ad
1498 1793 1753 1836 praemissorum
1772 1793 1933 1835 effectum,
1967 1791 1969 1794 ⁴

1197 1845 1256 1877 bac
1294 1844 1360 1877 vice
1398 1845 1579 1885 dumtaxat,
1606 1845 1792 1888 specialiter
1824 1851 1856 1879 et
1881 1857 1935 1880 ex-

1196 1908 1304 1942 presse
1330 1898 1521 1941 derogamus
1538 1910 1545 1939 3
1565 1899 1747 1943 ceterisque
1765 1899 1949 1933 contrariis-

1197 1951 1466 1994 quibuscumque.

1240 2005 1354 2037 Datum
1384 2005 1513 2044 Romae,
1549 2006 1632 2048 apud
1658 2005 1689 2039 S.
1721 2006 1850 2040 Mariam
1875 2006 1936 2040 Ma-

1197 2058 1308 2098 iorem,
1339 2059 1398 2091 sub
1428 2060 1548 2092 annulo
1570 2059 1754 2101 piscatoris,
1784 2059 1835 2093 die
1858 2071 1935 2094 xxm

1197 2112 1277 2144 iunii
1314 2122 1512 2154 MDCCxxxm,
1533 2113 1739 2156 pontificatus
1757 2113 1861 2147 nostri
1880 2124 1936 2147 an-

1198 2177 1238 2199 no
1267 2177 1315 2200 111.

1233 2229 1293 2257 Dat.
1316 2229 1358 2257 die
1379 2229 1412 2257 23
1432 2229 1499 2257 iunii
1522 2230 1605 2267 1733,Ἰ
1621 2229 1717 2266 pontis.
1739 2238 1810 2258 anno
1830 2238 1872 2258 111.

1488 2285 1522 2317 F.
1551 2271 1638 2318 card.
1661 2285 1845 2320 OLIVERtUS.

1993 1056 2126 1078 (lb—‘lantiunt
2158 1060 2164 1063 ¹

1944 1083 2063 1109 derogatio.

2163 1803 2182 1889 ⁴²¹⁶.-
2176 1756 2177 1760 „

1500 2456 1629 2490 XCVIII.

1196 2543 1252 2576 Lis
1268 2544 1386 2584 omnis,
1403 2543 1488 2576 inter
1505 2544 1634 2577 clericos
1651 2542 1817 2588 requlares
1833 2543 1937 2578 Socie-

1241 2597 1317 2630 tatis
1341 2598 1437 2641 Iesu,
1464 2603 1492 2632 et
1515 2608 1674 2643 pauperes
1691 2598 1809 2632 Matris
1832 2597 1893 2633 Dei
1916 2607 1937 2631 a
