2182 3137
79 240 132 270 An.
152 239 181 267 C.
199 238 266 267 ¹732

122 883 188 908 Quam
211 883 263 904 nuto

83 911 173 936 reginari
199 910 265 931 diuci-

85 938 157 965 ptinae
180 938 223 962 sit.
243 939 265 957 nt

82 966 197 985 conventus
223 965 265 984 sin·

84 991 124 1017 guli
140 997 153 1012 a
171 991 265 1016 superio-

85 1018 143 1038 ribus
179 1017 265 1044 saepius

84 1044 206 1066 intimatur.

895 239 1038 263 CLEMENS
1063 238 1107 262 ΧΠ
1132 240 1179 263 ΡΡ.

626 289 660 322 L.

278 370 352 402 Tres
375 371 476 402 eremi
502 369 636 403 Ordinis
670 369 814 411 fratrum
845 367 1014 400 Servorum

318 423 356 455 B.
382 423 426 456 M.
470 422 504 455 V.
541 433 600 464 pro
637 426 774 464 tempore
809 421 1037 455 existentium,

315 476 501 518 provinciae
514 475 680 507 Romanae
694 472 952 517 provincialium
970 473 1016 503 iu-

317 527 504 560 risdictioni
528 527 761 565 snbiicinntnr,
785 525 884 558 etiam
908 524 1016 568 quoad

316 581 536 613 visitationem
569 591 626 624 per
653 579 775 612 cosdem
799 577 1017 622 provinciales

319 633 354 667 in
379 633 476 666 dictis
500 634 616 666 eremis
641 633 739 666 annis
763 631 904 675 sinyulis
926 641 1018 674 pera-

316 686 465 730 yendam.

487 758 624 785 Clemens
645 757 724 791 Papa
739 756 803 788 XII,

416 803 452 830 ad
471 803 606 830 futuram
625 802 670 829 rei
691 801 874 828 memoriam.

321 874 335 918 ἓ
354 873 384 907 1.
405 873 527 917 Exponi
549 872 640 906 nobis
661 882 764 915 nuper
787 870 861 903 serit
880 870 1016 902 dilectus

277 927 362 960 filius
387 927 500 959 Petrus
522 926 620 958 Maria
645 926 741 966 Pieri,
768 925 858 968 prior
883 934 1018 966 geuera-

276 980 315 1013 lis
334 979 464 1013 Ordinis
490 980 623 1012 fratrum
650 978 821 1012 Servorum
845 978 879 1010 B.
901 977 1016 1009 Mariae

276 1033 428 1077 Virginis,
454 1033 538 1077 quod
566 1033 647 1077 ipse,
673 1032 844 1066 occasione
874 1042 937 1075 qua
962 1041 1019 1074 per

278 1088 470 1122 sexennium
484 1098 619 1121 munere
636 1087 754 1131 prieris
768 1086 931 1129 generalis
944 1085 1017 1117 dicti

277 1142 405 1176 Ordinis
420 1143 611 1186 perfunctus
631 1147 687 1181 est,
703 1146 733 1174 ct
750 1141 857 1173 adbuc
872 1140 910 1173 de
928 1149 1019 1183 prae-

278 1197 361 1231 senti
378 1196 529 1239 fungitur,
545 1197 700 1238 longaeva
721 1193 920 1238 evperientia
938 1204 1019 1226 com<

229 1278 239 1285 .
279 1250 393 1294 periit,
419 1250 501 1283 nihil
528 1260 599 1283 esse
625 1249 734 1282 utilius
760 1259 796 1281 ac
819 1247 919 1290 magis
944 1258 1019 1290 pro-

280 1304 399 1338 ficuum
432 1305 470 1337 ad
497 1302 750 1347 promovendam
782 1301 1018 1335 observantiam

280 1363 313 1391 et
336 1357 540 1401 disciplinam
567 1357 767 1399 regularem,
793 1366 888 1399 quam
915 1355 940 1387 si
967 1365 1020 1387 su-

280 1413 428 1456 periores
463 1422 539 1455 erga
575 1411 780 1444 subditorum
820 1410 1019 1452 regularium

281 1476 400 1506 mores,
426 1476 604 1509 eorumque
629 1465 710 1498 vitae
736 1464 907 1503 rationem,
933 1474 968 1496 ac
989 1463 1020 1495 in

283 1520 397 1553 ordine
431 1520 469 1552 ad
501 1518 722 1552 instruendam
754 1518 877 1550 utiliter
902 1523 1020 1550 rectam

282 1573 503 1607 oeconomiam
536 1583 641 1606 rerum
675 1571 876 1605 familiarium
903 1582 939 1604 ac
962 1572 1022 1603 bo-

281 1637 397 1660 norum
415 1625 730 1660 administrationem
756 1625 917 1657 assiduam
935 1624 1023 1657 adhi-

282 1680 382 1713 beant
407 1679 619 1722 diligentiam,
641 1679 820 1722 domusque
855 1679 1022 1721 regulares

284 1733 470 1776 frequenter
492 1732 642 1772 visitent,
673 1731 761 1764 iuxta
786 1731 1022 1775 praescriptum

284 1785 551 1819 constitutionum
577 1785 680 1828 ipsius
705 1784 848 1825 Ordinis,
866 1795 925 1828 per
943 1795 1022 1828 quas

285 1839 344 1872 sub
362 1850 433 1883 cap.
452 1849 536 1872 xxxu
551 1838 597 1871 De
610 1837 854 1871 visitationibus
870 1847 1023 1881 expresse

286 1892 500 1926 demandatur
535 1903 594 1936 pro
631 1898 775 1935 tempore
813 1891 1024 1924 existentibus

286 1947 452 1992 prioribus
479 1947 698 1990 generalibus,
716 1952 763 1986 ut,
783 1949 846 1978 una
872 1945 939 1978 vice
961 1946 1024 1978 sal-

288 2007 353 2034 tem
372 2001 402 2034 in
422 2000 579 2034 sevennio
597 2010 710 2033 eorum
726 1999 901 2042 regiminis,
920 1998 1027 2041 singu-

288 2054 339 2088 los
366 2054 463 2087 totius
490 2053 618 2087 Ordinis
643 2059 841 2093 conventus,
864 2053 1027 2097 prioribus

289 2118 366 2141 vero
391 2107 645 2151 provincialibus
677 2106 819 2150 quolibet
851 2116 936 2139 anno
962 2105 1027 2138 sin-

290 2163 385 2205 gulos
410 2166 587 2194 conventus
614 2171 723 2193 earum
749 2159 928 2204 respective
953 2170 1028 2203 pro-

291 2214 466 2248 vinciarum
493 2214 622 2248 visitare
648 2214 799 2247 debeant.
828 2214 851 2246 Α
878 2224 941 2257 qua
960 2213 1028 2256 qui-

291 2269 365 2302 dem
384 2269 503 2302 salubri
530 2268 697 2301 sanctione
716 2268 790 2301 licet
808 2278 871 2300 non
890 2267 1030 2300 eximan-

293 2326 344 2355 tur
364 2321 641 2366 eti111112Eremitae
657 2321 801 2355 eiusdem
819 2321 948 2354 Ordinis
975 2320 1029 2364 qui

294 2376 333 2409 de
359 2376 445 2409 illius
471 2386 610 2420 corpore
642 2375 802 2414 existunt,
837 2375 901 2407 imo
927 2374 1030 2407 eidem

294 2430 425 2464 obnoxii
452 2440 521 2462 esse
547 2434 741 2469 noscantur,
770 2439 805 2461 ex
833 2439 897 2472 quo
920 2428 950 2461 in
978 2439 1032 2461 eo-

293 2493 365 2516 rum
388 2482 607 2526 peculiaribus
630 2481 755 2514 statutis
779 2481 837 2513 sub
854 2492 921 2524 cap.
941 2491 1032 2522 rivin,

295 2537 434 2580 demptis
453 2536 484 2568 in
510 2535 574 2568 illis
595 2535 779 2578 specialiter
797 2535 967 2575 ordinatis,
986 2546 1034 2568 ex-

296 2601 408 2635 presse
444 2589 644 2634 praecipitur
675 2594 710 2621 ut
742 2588 887 2632 reliquae
920 2598 1033 2621 omnes

298 2645 456 2680 eiusmodi
482 2643 610 2677 Ordinis
634 2642 879 2677 constitutiones
900 2642 1035 2676 inviola-

1693 227 1756 262 307

1057 287 1167 320 biliter
1191 286 1421 328 observentur;
1441 292 1574 330 excepto
1602 292 1705 320 tamen
1728 295 1797 319 ere-

1058 351 1108 373 mo
1133 340 1245 372 Montis*
1264 341 1402 381 Senarii,
1429 351 1510 384 quae
1536 340 1572 373 ad
1599 341 1698 372 instar
1716 339 1796 372 alio-

1058 403 1127 425 rum
1148 398 1363 425 conventuum
1384 394 1529 436 quolibet
1547 404 1632 425 auno
1652 404 1667 425 a
1686 392 1794 436 priore

1058 446 1249 488 previus-iuli
1267 446 1411 479 Etruriae
1432 453 1459 479 et
1481 447 1624 490 quolibet
1643 446 1796 479 sexennio

1059 510 1076 530 a
1092 499 1201 541 priore
1227 500 1371 541 generali
1395 500 1549 531 hactenus
1574 500 1694 532 visitari
1722 509 1797 531 con-

1059 553 1173 592 suevit,
1200 553 1231 584 in
1258 553 1328 585 aliis
1353 564 1428 585 vero
1456 554 1558 585 tribus
1584 553 1701 586 eremis
1726 553 1797 584 visi-

1059 605 1135 637 tatio
1162 615 1327 648 nunquam
1361 611 1491 648 peraeta
1518 606 1591 645 suit,
1619 606 1649 637 in
1683 605 1798 648 quibus

1059 658 1198 701 proinde
1224 658 1331 690 minus
1359 659 1491 690 t'orsitan
1517 658 1601 701 viget
1627 658 1800 691 observan-

1061 713 1112 751 tia,
1138 711 1453 754 oeconomicumque
1471 711 1664 754 gubernium
1686 711 1798 744 utilius

1060 765 1258 798 constabiliri
1284 771 1405 809 posset.

1105 818 1119 861 ἓ
1144 818 1176 851 ⁶2.
1204 818 1280 850 Cum
1308 824 1430 858 autem,
1457 819 1538 850 sicut
1563 819 1676 852 eadem
1703 828 1801 862 expo-

1061 873 1108 905 sio
1135 872 1360 914 subiungebat,
1378 871 1481 904 dictus
1502 871 1613 904 Petrus
1632 871 1729 904 Illaria
1747 882 1801 914 ge-

1061 925 1181 958 neralis
1201 925 1317 958 dietam
1346 925 1561 958 visitationem
1580 925 1608 957 in
1625 924 1800 968 praedictis

1063 979 1167 1011 tribus
1194 978 1322 1018 eremis,
1342 978 1466 1011 seilicet
1492 989 1599 1011 eremo
1624 978 1656 1010 S.
1673 977 1800 1020 Georgii

1062 1033 1093 1064 in
1114 1031 1294 1074 Lunigiana
1313 1043 1329 1064 a
1348 1032 1513 1074 praedicto
1539 1032 1647 1074 priore
1674 1032 1801 1074 provin-

1062 1086 1131 1119 ciali
1157 1086 1327 1124 Etruriae,
1355 1091 1387 1118 οἱ
1412 1086 1442 1117 in
1476 1085 1592 1118 eremis
1624 1086 1658 1118 Β.
1685 1085 1800 1117 Mariae

1061 1139 1201 1182 Virginis
1226 1139 1288 1172 loci
1315 1138 1461 1171 Ciboriae
1491 1150 1527 1171 ac
1545 1138 1576 1171 S.
1600 1139 1803 1171 Bonaventu-

1063 1203 1115 1226 rae
1141 1193 1320 1226 Monterani
1346 1204 1362 1225 a
1380 1192 1489 1235 priore
1515 1192 1704 1235 provinciali
1727 1202 1803 1234 pro-

1063 1247 1187 1280 vinciae
1201 1247 1365 1280 Romanae
1385 1246 1560 1279 faciendam
1581 1247 1694 1279 eodem
1712 1256 1805 1289 pror-

1064 1312 1117 1334 sus
1136 1301 1241 1341 modo,
1260 1300 1311 1344 qui
1333 1300 1365 1333 iu
1392 1311 1502 1334 eremo
1527 1299 1641 1333 Montis
1666 1298 1802 1339 Senarii,

1065 1355 1160 1389 etiam
1187 1356 1218 1387 in
1245 1355 1430 1394 iudicando,
1457 1353 1574 1387 servari
1599 1355 1692 1393 solet,
1714 1352 1804 1385 indu-

1065 1420 1137 1443 cere
1163 1419 1366 1452 summopere
1394 1408 1578 1448 desiderem
1605 1406 1701 1450 idque
1728 1417 1803 1449 pro-

1065 1463 1134 1507 pria
1153 1463 1345 1495 auctoritate
1368 1467 1512 1494 statuere
1530 1460 1661 1493 minime
1679 1460 1802 1499 audeat,

1066 1516 1211 1560 quamvis
1237 1516 1269 1547 in
1295 1515 1356 1547 vim
1390 1514 1628 1558 praedictarum
1654 1513 1805 1546 constitu-

1067 1570 1191 1603 tionum
1207 1571 1242 1601 ea
1256 1579 1287 1600 sc
1303 1568 1347 1600 uti
1364 1578 1458 1610 posse
1485 1566 1656 1607 existimet,
1674 1566 1802 1606 veritus,

1066 1633 1106 1655 ne
1131 1627 1298 1666 praetevtu
1326 1619 1585 1653 inobservantiae
1618 1625 1649 1652 et
1680 1624 1805 1652 contra-

1068 1676 1133 1709 riae
1159 1674 1405 1708 consuetudinis
1438 1673 1594 1706 eremitae
1625 1672 1806 1716 praedicto-

1067 1740 1137 1762 rum
1164 1730 1307 1762 locorum
1333 1727 1509 1760 visitationi
1533 1732 1564 1759 et
1590 1725 1804 1758 iurisdietioni

1067 1793 1137 1815 sese
1157 1782 1319 1815 subiicere
1339 1786 1500 1813 renuant:
1520 1780 1613 1812 nobis
1631 1786 1807 1822 propterea

1069 1836 1171 1869 dictus
1196 1836 1311 1868 Petrus
1337 1834 1433 1867 Maria
1458 1834 1550 1877 prior
1575 1832 1736 1876 generalis
1754 1833 1808 1864 bu-

1068 1890 1187 1922 militer
1211 1888 1384 1933 supplicari
1412 1888 1486 1920 fecit
1503 1893 1537 1919 ut
1564 1887 1595 1919 in
1623 1886 1809 1930 praemissis

1070 1947 1254 1987 opportune
1272 1942 1445 1986 providere
1463 1942 1501 1974 de
1516 1940 1716 1983 benignitate
1732 1950 1810 1983 apo-

1070 1998 1185 2031 stolica
1211 1997 1431 2039 dignaremur.
1458 1994 1521 2027 Nos
1552 1994 1670 2037 igitur,
1706 1994 1809 2037 ipsum

1070 2052 1199 2084 Petrum
1218 2050 1349 2083 Mariam
1374 2049 1516 2092 priorem
1537 2048 1721 2089 generalem
1741 2058 1811 2091 spe-

1072 2105 1209 2139 cialibus
1225 2104 1387 2137 savoribus
1405 2108 1436 2136 ct
1455 2102 1566 2145 gratiis
1585 2101 1741 2145 prosequi
1759 2112 1811 2134 vo-

1072 2160 1184 2197 lentes
1200 2163 1231 2190 et
1245 2168 1260 2189 a
1272 2157 1439 2200 quibusvis
1453 2154 1811 2194 excommunicationis,

1073 2210 1297 2255 suspensionis
1316 2216 1347 2243 et
1365 2208 1537 2249 interdicti,
1557 2209 1691 2251 aliisque
1710 2209 1812 2240 eccle-

1074 2265 1209 2299 siasticis
1225 2265 1405 2303 sententiis,
1423 2263 1569 2296 censuris
1595 2268 1625 2295 et
1651 2262 1777 2306 poenis,
1795 2273 1812 2294 a

1074 2319 1142 2352 iure
1161 2320 1211 2352 vel
1232 2319 1269 2351 ab
1284 2317 1428 2357 homine,
1448 2316 1560 2360 quavis
1575 2316 1744 2349 occasione
1764 2315 1813 2348 vel

1075 2374 1170 2406 causa
1195 2371 1278 2411 latis,
1299 2371 1323 2403 si
1351 2371 1468 2415 quibus
1494 2369 1742 2413 quomodolibet
1767 2369 1814 2401 in-

1075 2427 1211 2460 nodatus
1239 2425 1353 2465 existit,
1372 2424 1410 2457 ad
1429 2423 1575 2456 effectum
1596 2422 1814 2466 praesentium

1076 2480 1242 2512 dumtaxat
1275 2477 1562 2520 consequendum,
1591 2477 1705 2509 barum
1730 2476 1815 2509 serie

1077 2534 1283 2566 absolventes
1302 2537 1331 2564 et
1348 2531 1529 2563 absolutum
1548 2530 1615 2562 tore
1636 2535 1815 2569 censentes,

1078 2586 1263 2619 huiusmodi
1285 2583 1575 2627 supplicationibus
1600 2583 1761 2623 inclinati,
1783 2588 1817 2614 ut

1077 2641 1231 2684 deinceps
1258 2646 1320 2671 tres
1347 2638 1447 2672 eremi
1473 2638 1673 2681 praedictae,
1695 2637 1817 2671 scilicet

1804 235 1840 262 An
1874 235 1901 261 G.
1921 235 1986 262 1732

1825 830 1894 851 Priori
1911 831 1996 856 provin-

1812 858 1860 878 ciat·
1872 858 1995 883 prov-inciae

1812 889 1911 905 romanae
1928 884 1996 904 subu-

1812 913 1905 933 ciuutur.
1920 916 1933 930 a
1954 916 1995 936 quo

1813 939 1901 963 singulis
1934 938 1996 956 aunis

1812 966 1904 985 ita-beant
1922 964 1997 984 visua-

1814 998 1838 1013 rt.
