2182 3137
221 138 269 163 An.
287 136 316 163 r..
342 134 408 162 1730
452 125 493 157 Μ

255 353 283 372 Do
298 351 396 381 clausulis

219 386 259 425 1⁰:¹1³
275 385 646 431 ‘''..'.‘.l''„-t-'„Junigenum-um
667 393 817 430 ponatur,
832 387 916 429 quod
937 386 962 418 si
982 385 1139 418 ccclesiae

236 438 302 451 uuuuuuuu

244 665 271 685 tte
288 664 394 687 indulgrn·

217 694 249 712 {tls
259 697 360 711 muressis
369 698 387 710 ,μ

216 722 287 738 instar.

244 2447 273 2468 De
289 2448 389 2468 rtmsutis

209 2479 230 2495 tn
239 2474 346 2498 tsewtcus
357 2479 389 2495 w

413 183 499 214 nulla
525 183 593 214 talis
611 180 811 223 dispensatio
829 179 978 221 cuiquam
999 178 1029 209 in
1056 176 1138 208 iudi-

412 234 460 266 cio
475 235 521 266 vel
537 239 623 265 extra
641 232 842 273 sutri-agetur,
857 236 1029 272 antequam
1044 239 1141 271 super

412 289 447 318 ca
466 286 586 317 tinet-m·
605 284 798 326 apostolicae
818 283 880 315 sint
899 282 1076 314 consectae.

454 347 520 370 uu.
547 336 622 369 item
644 335 759 374 voluit,
785 335 871 378 quod
898 334 929 366 in
955 333 1070 366 litteris
1095 332 1141 364 in-

409 442 456 474 vel
471 441 646 484 cappellae,
664 446 718 473 aut
734 440 822 480 alias⁷
841 439 950 481 aliqua
969 438 1139 480 indulgen-

409 495 450 526 tia
477 494 570 526 fucrit
594 502 763 531 concessa,
797 492 836 524 de
869 502 930 534 qua
956 490 1034 523 inibi
1067 500 1139 532 spe-

407 546 497 579 cialis
523 545 643 578 mentio
669 546 748 577 saeta
774 554 835 577 non
865 544 925 582 sit,
953 542 1136 575 huiusmodi

407 599 531 632 litterae
559 598 620 630 sint
646 598 765 630 nullae.
1054 595 1064 603 '

450 661 511 684 mv.
532 651 607 683 ltem
626 649 726 683 voluit
744 649 892 682 dontinus
912 655 1032 688 noster,
1050 649 1135 691 quod

406 704 530 737 litterae
548 713 644 746 super
662 702 867 744 indulgentiis
884 712 947 734 non
963 701 1137 744 expedian-

407 763 456 789 tur
476 757 513 789 ad
540 756 646 796 instar,
675 755 734 787 nisi
762 755 1001 797 specificentur.

449 818 497 841 ιν.
517 808 593 840 Item
612 807 728 847 voluit,
748 808 833 849 quod
861 807 890 839 in
917 807 1039 848 gratiis,
1057 817 1134 850 quas

216 855 237 867 *¹
260 855 292 893 Γ,
315 853 569 904 .’“”“.”ζῖἱῖῳιῐὴυ.ςνίς
596 860 744 903 personis
770 860 808 892 de
831 859 997 892 beneficiis
1021 869 1135 892 vacan-

213 882 252 893 ‹wi
267 881 285 893 iu
323 881 334 893 n

214 901 373 926 reflationibus.

406 913 487 945 tibus
522 923 577 945 seu
614 918 703 945 certo
739 912 834 945 modo
872 913 1029 944 vacaturis
1063 912 1133 945 sieri

404 966 584 1008 contigerit,
613 966 738 998 illorum
765 970 796 997 et
821 964 955 997 aliorum
981 975 1135 1008 quorum-

404 1028 538 1061 cumque
563 1017 803 1057 benetieiorum‚
830 1027 912 1060 quae
933 1018 1035 1051 dictae
1060 1028 1134 1061 per-

402 1080 500 1103 sonae
522 1075 595 1103 tunc
620 1070 831 1109 obtinuerint,
869 1080 924 1102 seu
951 1070 990 1103 de
1015 1071 1133 1114 quibus

403 1122 449 1156 eis
475 1122 568 1155 suerit
592 1122 767 1165 provisum,
792 1123 840 1156 vel
865 1133 1053 1156 concessum
1079 1130 1134 1156 aut

402 1175 586 1208 mandatum
607 1175 778 1218 provideri,
807 1186 900 1208 verus
932 1186 1058 1210 annuus
1082 1188 1133 1210 va-

401 1229 450 1261 lor
476 1238 533 1270 per
558 1227 705 1260 marchas
731 1228 855 1270 argenti
881 1234 936 1261 aut
962 1229 1133 1272 sterlingo-

401 1291 482 1321 rum,
510 1282 560 1314 vel
581 1281 679 1314 libras
706 1282 927 1314 turonensium
950 1293 1130 1326 parvorum,

400 1345 458 1367 seu
476 1335 615 1367 ssorenos
633 1335 712 1374 auri,
733 1341 786 1367 aut
803 1335 935 1369 ducatos
953 1337 1001 1369 vel
1019 1337 1131 1370 uncias

400 1388 481 1423 auri,
496 1398 550 1420 seu
565 1387 659 1420 aliam
675 1393 833 1421 monetam
852 1389 1029 1422 secundum
1047 1400 1132 1422 com-

399 1450 528 1472 munem
550 1440 807 1473 aestimationem
833 1442 1042 1485 exprimatur,
1068 1442 1130 1475 nisi

402 1503 559 1535 personae
578 1493 760 1536 praedictae
782 1494 937 1527 beneficia
955 1505 1037 1538 quae
1057 1500 1132 1528 tunc

401 1545 614 1585 obtinuerint,
639 1551 692 1577 aut
716 1546 747 1578 in
774 1547 890 1589 quibus
910 1548 959 1580 vel
986 1548 1023 1581 ad
1050 1558 1131 1592 quae

402 1597 449 1629 ius
469 1598 514 1630 eis
533 1599 696 1641 competit,
715 1598 799 1632 iuxta
824 1599 967 1642 ipsarum
992 1601 1132 1634 oblatio-

400 1660 466 1690 ncs,
486 1656 539 1683 aut
557 1650 644 1690 alias,
663 1652 824 1686 dimittere
844 1658 1030 1694 teneantur;
1051 1655 1131 1688 alio-

400 1703 478 1746 quin
505 1704 626 1746 gratiae
653 1705 836 1747 praedictae
862 1707 926 1739 sint
950 1709 1072 1742 nullae.
1094 1707 1132 1740 Et

400 1755 485 1788 idem
510 1762 652 1789 servetur
677 1758 707 1790 iu
735 1760 845 1801 gratiis
874 1771 953 1803 quas
974 1772 990 1793 a
1008 1761 1131 1794 Sancti-

402 1813 464 1841 tate
488 1808 550 1841 Sua
574 1816 661 1842 motu
687 1811 819 1854 proprio
852 1823 1001 1847 emanare
1026 1814 1129 1847 conti-

401 1860 491 1903 gerit,
511 1863 614 1905 quoad
632 1863 791 1897 beneficia
811 1870 927 1907 tamen,
948 1867 986 1899 de
1012 1867 1129 1910 quibus

400 1923 460 1956 per
476 1913 681 1949 Sanctitatem
700 1916 792 1950 Suam
819 1929 877 1961 pro
896 1924 1039 1963 tempore
1057 1931 1131 1964 pro-

400 1966 525 2000 videtur
541 1978 594 2001 seu
609 1970 769 2012 provideri
788 1972 967 2012 mandatur,
983 1979 1034 2006 aut
1052 1974 1129 2007 alias

401 2019 602 2063 disponitur,
638 2033 674 2055 ac
709 2023 825 2056 litteris
862 2036 918 2068 per
954 2037 1033 2069 quas
1068 2037 1128 2070 pro

401 2077 545 2116 tempore
563 2074 601 2106 ad
620 2076 845 2109 ecclesiaruin¹
864 2078 1127 2120 patriarchalium

401 2130 432 2157 ct
451 2126 684 2160 cathedralium
704 2139 739 2161 ac
757 2130 1025 2164 monasteriorum
1045 2132 1128 2175 regi-

400 2178 486 2211 mina
512 2181 668 2222 promotis
693 2182 889 2222 conceditur,
913 2189 947 2215 ut
971 2190 1128 2218 monaste-

399 2230 446 2263 ria
471 2237 503 2264 et
526 2232 587 2265 alia
603 2233 760 2267 beneficia
779 2236 996 2269 ecclesiastica
1020 2248 1128 2271 saecu-

399 2283 477 2317 laria
498 2290 527 2317 et
546 2286 706 2328 regularia
724 2297 782 2330 per
802 2298 857 2321 cos
875 2289 1017 2329 obtenta,
1038 2296 1069 2323 et
1095 2291 1125 2323 in

399 2335 515 2378 quibus
545 2342 576 2370 et
611 2338 649 2371 ad
686 2349 766 2382 quae
803 2340 851 2372 ius
883 2341 929 2373 cis
964 2343 1124 2386 competit,

399 2388 537 2422 retinere
562 2391 698 2433 possint.

988 127 1170 153 imitanum
1195 125 1351 150 noitANUM

1929 120 2024 152 ausc.
2049 121 2116 152 ¹730

1185 175 1333 217 providet
1358 185 1413 207 scu
1433 175 1565 208 mandat
1582 170 1746 217 provideri
1770 173 1864 207 alicui
1883 173 2115 216 decaniibusponen·

1186 226 1345 259 beneficio
1386 226 1608 259 ecclesiastico
1646 231 1776 259 vacante
1796 253 1804 267 ,
1846 213 1972 259 ttined¹³⁴

1185 279 1253 311 dari
1289 284 1441 322 poterunt
1476 279 1659 318 clausulae,
1687 279 1712 311 si
1745 284 1918 322 petatnur,

1184 331 1309 363 etiamsi
1336 331 1414 364 illud
1440 331 1673 374 quovismodo,
1692 336 1764 370 etc„
1782 341 1836 364 seu
1862 341 1921 374 per

1183 384 1444 417 constitutionem
1462 384 1667 417 Eoeecrabitis
1687 389 1778 417 vacet
1795 389 1826 416 et
1845 394 1920 427 spe-

1161 436 1307 469 *eialitcr
1332 442 1531 470 reservatum
1569 438 1655 470 inter
1690 437 1817 480 aliquos
1855 436 1920 470 liti-

1183 490 1308 532 giosum
1339 490 1401 529 sit,
1429 496 1460 523 et
1495 490 1565 523 eius
1600 484 1732 523 collatio
1768 490 1919 523 devoluta

1183 543 1297 584 suerit,
1320 549 1351 576 et
1375 543 1399 575 si
1426 553 1485 586 pro
1504 543 1704 587 collitigante
1729 543 1778 576 vel
1805 543 1919 576 subro-

1183 596 1360 638 gationem,
1379 600 1436 628 aut
1453 595 1482 629 si
1499 596 1610 629 neutri
1625 595 1674 628 vel
1690 597 1718 628 si
1734 595 1835 636 nulli,
1847 600 1917 635 etc„

1181 655 1324 692 petente,
1352 649 1377 681 si
1405 655 1480 682 tunc
1507 649 1545 682 lis
1571 649 1722 693 specifice
1757 649 1917 692 exprima-

1181 708 1244 743 tur,
1264 713 1324 735 nec
1348 702 1441 736 detur
1461 702 1569 745 aliqua
1587 701 1748 745 generalis
1775 711 1918 735 reserva-

1181 757 1223 789 tio
1250 755 1450 799 dispositive,
1477 756 1537 788 nisi
1565 755 1706 798 desuper
1730 755 1762 787 in
1788 764 1918 787 conces-

1179 811 1271 843 sione
1298 809 1447 852 specialis
1474 811 1686 852 ctjexprcssa‚
1704 818 1740 841 ac
1760 812 1863 851 parte,
1885 812 1917 840 et

1178 873 1241 896 non
1268 863 1326 895 sub
1352 861 1538 895 conditione
1564 861 1684 894 mentio
1701 860 1764 900 siat,
1783 866 1814 893 et
1838 865 1915 893 tunc

1178 916 1322 959 reliquae
1341 914 1579 948 reservationes
1604 914 1646 946 ibi
1665 919 1838 947 contentae
1863 923 1916 946 ve-

1178 967 1278 1000 niant.
1298 967 1329 1000 Si
1346 977 1422 1001 vero
1442 972 1589 1010 tempore
1607 965 1823 1010 expeditionis
1840 965 1914 998 inde

1177 1020 1357 1053 litterarum
1395 1019 1556 1062 generalis
1595 1018 1770 1052 reservatio
1805 1018 1916 1051 huius-

1177 1073 1263 1106 modi
1290 1072 1420 1116 probari
1447 1082 1511 1105 non
1539 1072 1649 1114 possit,
1675 1077 1728 1104 aut
1760 1071 1791 1104 in
1821 1072 1913 1105 novis

1176 1126 1418 1170 provisionibus
1456 1136 1513 1158 seu
1550 1135 1609 1168 pro
1646 1124 1913 1167 cottitigantibus,

1175 1180 1205 1213 si
1221 1180 1332 1213 neutri
1349 1179 1397 1212 vel
1413 1180 1441 1212 si
1457 1179 1558 1219 nulli,
1572 1183 1641 1218 etc„
1654 1178 1696 1211 sit
1712 1188 1912 1222 expressum,

1176 1233 1260 1276 quod
1280 1233 1318 1265 ab
1337 1232 1500 1275 aliquibus
1519 1231 1683 1271 asseritur,
1702 1231 1800 1270 illum,
1822 1229 1914 1264 cuius

1175 1285 1370 1319 beneficium
1396 1285 1597 1324 conceditur,
1624 1285 1836 1318 collectorem
1861 1284 1911 1317 vel

1175 1338 1305 1371 unicum
1332 1337 1625 1376 subeottectorem‚
1649 1336 1912 1370 abbreviatorem

1175 1393 1223 1424 vel
1252 1391 1452 1431 familiarem,
1471 1390 1647 1431 notarium,
1666 1395 1720 1423 aut
1737 1390 1842 1423 dietae
1858 1389 1914 1423 Se-

1176 1444 1225 1477 dis
1251 1443 1422 1477 officialem
1450 1443 1563 1483 tuisse,
1589 1443 1736 1476 clausula
1771 1447 1914 1486 ponatur

1176 1497 1300 1530 etiamsi
1327 1496 1447 1530 dictum
1472 1495 1666 1529 beneficium
1692 1506 1727 1528 ex
1754 1506 1793 1529 eo
1823 1495 1911 1539 quod

1175 1551 1247 1583 talis
1278 1550 1436 1583 collector
1459 1549 1510 1582 vel
1536 1549 1651 1582 unicus
1682 1549 1910 1587 subcollector‚

1174 1602 1380 1636 abbreviator
1403 1602 1452 1634 vel
1478 1601 1663 1641 familiaris,
1687 1601 1833 1634 notarius
1858 1605 1912 1634 aut

1174 1655 1278 1688 dictae
1302 1654 1394 1688 Sedis
1420 1653 1566 1687 officialis
1593 1651 1668 1693 tuit,
1705 1653 1910 1697 dispositioni

1174 1707 1373 1750 apostolicae
1404 1706 1603 1749 generaliter
1626 1711 1821 1740 reservatum
1847 1706 1912 1740 exi-

1174 1765 1245 1800 stat,
1264 1760 1440 1793 dummodo
1461 1770 1527 1792 non
1549 1759 1589 1792 sit
1613 1759 1646 1792 in
1665 1770 1704 1793 eo
1726 1759 1819 1793 alicui
1837 1770 1912 1803 spe-

1174 1813 1299 1846 cialiter
1324 1812 1373 1845 ius
1400 1812 1593 1855 quaesitum.
1621 1812 1654 1845 ln
1679 1812 1813 1856 reliquis
1833 1822 1910 1846 vero

1174 1866 1262 1899 nulla
1280 1866 1422 1900 clausula
1437 1865 1541 1906 detur,
1556 1865 1644 1899 unde
1660 1866 1838 1899 reservatio
1856 1876 1910 1909 ge-

1174 1920 1294 1954 neralis
1314 1919 1387 1953 elici
1406 1919 1531 1962 possit,
1547 1919 1609 1951 nisi
1636 1919 1779 1962 desuper
1803 1919 1910 1962 signa-

1173 1978 1245 2006 tura
1262 1983 1321 2016 per
1338 1972 1457 2015 duplex
1484 1971 1535 2004 fiat
1565 1971 1692 2014 signata
1708 1971 1763 2012 sit,
1781 1977 1836 2005 aut
1859 1982 1911 2005 re-

1172 2025 1311 2059 servatio
1337 2025 1385 2058 vel
1413 2024 1491 2057 alias
1517 2024 1703 2068 specialiter
1734 2024 1906 2058 habeatur.

1216 2089 1290 2113 Lvn.
1319 2078 1397 2112 Item
1423 2077 1534 2118 voluit,
1557 2078 1641 2121 quod
1666 2087 1764 2121 super
1786 2077 1910 2111 beneti—
1943 2085 2103 2111 ouvxtwessio·

1919 2117 1944 2132 ne
1974 2116 2002 2138 qu
2010 2113 2100 2133 ditatum

1171 2133 1228 2165 ciis
1243 2131 1467 2166 ecclesiasticis
1484 2131 1522 2164 de
1540 2131 1749 2174 qualitatibus
1766 2131 1906 2172 illorum,
1919 2138 2100 2190 inbielsstfflfflp

1170 2186 1322 2219 videlicet
1346 2195 1386 2218 an
1412 2184 1607 2227 dignitates,
1637 2188 1832 2227 personatus
1858 2185 1966 2218 velbus·

1170 2239 1275 2272 officia
1299 2239 1373 2279 sint,
1392 2238 1486 2281 eique
1512 2237 1679 2271 immineat
1696 2247 1772 2271 cura
1792 2237 1908 2271 anima-

1169 2302 1261 2332 rum,
1295 2296 1326 2324 et
1350 2291 1389 2324 ad
1416 2291 1470 2324 illa
1502 2291 1731 2324 consueverint
1762 2290 1817 2334 qui
1849 2300 1909 2335 per

1169 2343 1361 2377 electionem
1398 2342 1538 2384 assumi,
1563 2343 1686 2377 mentio
1723 2342 1791 2385 tiat3
1827 2343 1909 2376 alias

1168 2397 1290 2438 gratiae
1317 2396 1458 2440 desuper
1474 2395 1577 2428 sactae
1597 2396 1661 2429 sint
1680 2396 1803 2430 nullae.
1822 2396 1861 2429 Et
1880 2395 1909 2429 si

444 2451 506 2474 tvi.
532 2442 638 2476 Voluit
657 2450 688 2477 et
704 2445 876 2488 ordinavit,
897 2448 980 2490 quod
998 2449 1125 2492 quando
1168 2450 1338 2494 qualitates
1355 2449 1541 2483 huiusmodi
1559 2449 1748 2483 affirmative
1765 2450 1815 2483 vel
1833 2454 1908 2483 con·
1924 2463 1927 2465 ’

438 2503 445 2530 1
465 2503 534 2531 Male
548 2503 590 2532 ed.
606 2504 688 2533 Μαίη.
705 2506 768 2541 legit
783 2508 929 2537 ecclesiam
946 2511 984 2545 (tt.
1000 2510 1049 2546 T.).

1169 2503 1366 2540 ditionaliter
1396 2513 1462 2539 non
1492 2503 1732 2547 exprimantur,
1757 2502 1907 2548 negativa
