2182 3137
203 238 252 266 An.
273 237 301 263 C.
325 236 393 263 1733

235 1994 292 2015 Quae
302 1991 390 2017 deputa-

208 2020 237 2038 tio
256 2019 391 2038 confirmatur

207 2045 245 2064 sub
264 2044 390 2071 qmbusdam

208 2071 371 2091 conditionibus

436 228 501 262 478

400 286 559 318 Missionis
585 287 623 318 ab
649 286 765 319 eodem
791 286 872 319 lulio
897 285 1051 318 cardinali
1078 285 1139 317 iam

401 338 658 376 communicatis,
678 338 970 382 pe1·petuoque‚ac
988 337 1138 380 quamdiu

401 391 558 424 eiusmodi
574 391 747 433 collegium
762 391 939 429 duraverit,
958 390 1139 428 servandis;

403 445 549 486 illudque
567 444 738 476 consilium
757 454 796 476 eo
817 444 981 476 lubentius
1002 444 1141 485 comple-

401 507 457 529 xus
471 497 528 535 sit,
544 497 628 539 quod
647 497 827 540 presbyteri
844 496 948 529 dictae
963 496 1140 537 Congrega-

404 550 499 583 tionis
516 550 680 582 Missionis
695 550 839 592 praecise
857 549 992 582 instituti
1008 560 1140 581 noscun-

402 609 453 635 tur
467 614 527 646 pro
543 603 741 635 instruendis
755 607 849 644 atque
866 602 1050 635 excolendis
1069 613 1141 645 per-

402 656 489 689 sonis
518 655 762 695 ecclesiasticis,
791 655 874 687 ultra
907 655 1140 697 obligatiOnem

403 719 568 741 sacrarum
586 708 775 741 missionum
794 719 872 751 quas
894 715 1054 751 peragunt
1079 720 1141 740 ma—

404 762 488 794 xime
514 761 642 804 populis
669 761 734 792 ruri
761 761 970 803 degentibus,
995 772 1140 804 quasque

402 825 460 857 per
485 815 617 847 illorum
643 814 674 845 in
700 814 882 856 praefatum
909 814 1077 856 collegium
1101 814 1140 845 in-

401 868 640 900 troductionem
660 893 668 906 ,
693 878 763 899 cum
790 867 978 899 eorumdem
1011 867 1141 910 presby-

402 927 543 953 terorum
570 930 723 952 numerus
749 926 862 952 auctus
889 920 999 957 suerit,
1026 920 1058 950 iu
1079 925 1142 951 ter-

402 974 466 1012 ris,
502 973 640 1012 castris,
666 973 803 1015 aliisque
829 973 907 1005 locis
938 973 1141 1014 supradictae

403 1027 562 1060 dioecesis
576 1026 784 1059 Placentinae
802 1036 959 1068 peragere
972 1031 1141 1068 poterunt:

403 1081 576 1123 cupiatque
601 1086 777 1122 propterea
802 1080 905 1111 dictus
924 1079 1020 1111 lulius
1038 1079 1142 1111 cardi-

402 1135 484 1167 nalis
510 1133 754 1176 deputationem
773 1132 959 1165 huiusmodi
979 1142 1049 1164 cum
1067 1142 1141 1164 cou-

402 1187 582 1220 ditionibus
608 1186 760 1229 praefatis
798 1185 995 1228 apostolicae
1027 1185 1142 1217 contir-

403 1241 499 1274 tionis
527 1245 657 1272 nostrae
683 1239 844 1282 praesidio
871 1238 1082 1277 communiri,
1106 1249 1141 1270 ac

402 1295 536 1336 insuper
561 1292 710 1331 decerni,
735 1292 857 1324 nullum
873 1291 1029 1324 elericum
1050 1302 1141 1334 prae-

402 1348 507 1380 dictae
533 1345 691 1378 dioecesis
717 1345 756 1377 ad
781 1355 889 1377 sacros
913 1345 1045 1377 ordines
1076 1344 1142 1377 illic

402 1400 587 1444 promoveri
615 1409 709 1441 posse
727 1424 734 1437 ‚
760 1398 814 1440 qui
851 1398 941 1440 prius
979 1398 1140 1430 exercitiis

402 1453 625 1496 spiritualibus
651 1452 682 1483 in
708 1452 823 1484 eodem
849 1451 988 1493 collegio
1006 1462 1065 1494 per
1086 1452 1141 1484 de-

403 1517 472 1539 cem
499 1506 568 1537 dies
592 1515 657 1537 non
684 1504 867 1542 vacaverit,
896 1505 1042 1536 alumnos
1067 1515 1141 1537 vero

406 1565 437 1591 et
461 1558 664 1591 convictores
690 1557 721 1589 in
739 1557 811 1600 ipso
829 1557 968 1599 collegio
987 1568 1046 1600 pro
1065 1563 1142 1590 tem-

404 1623 485 1656 pore
512 1613 690 1653 degentes,
717 1621 781 1653 quo
807 1611 986 1653 impensius
1019 1611 1142 1643 littera-

403 1676 473 1697 rum
494 1664 608 1697 studiis
628 1663 801 1706 divinoque
820 1663 920 1695 cultui
942 1663 1139 1701 incumbant,

403 1718 512 1761 aliqua
556 1717 712 1760 peculiari
756 1717 978 1759 praerogativa
1014 1717 1138 1749 invitari

403 1782 439 1804 ac
464 1770 605 1803 donari:
638 1770 732 1801 nobis
769 1775 941 1812 propterea
976 1770 1142 1803 humiliter

403 1823 593 1868 supplicavit
625 1829 660 1855 ut
685 1824 716 1855 in
741 1822 928 1865 praemissis
956 1830 1142 1866 opportune

403 1877 575 1921 providere
605 1882 637 1909 et
661 1882 696 1908 ut
721 1876 805 1908 infra
829 1876 997 1918 indulgere
1024 1877 1062 1910 de
1091 1877 1142 1910 be-

402 1930 560 1973 nignitate
587 1927 765 1972 apostoliea
792 1929 1013 1971 dignarenmr.

446 1984 502 2027 §la
522 1983 586 2016 Nos
602 1983 709 2025 igitur,
724 1983 869 2015 eiusdem
884 1983 954 2015 Iulii
970 1984 1141 2017 cardinalis

403 2038 485 2070 votis
511 2038 571 2069 liac
597 2038 628 2069 in
655 2047 707 2076 re,
733 2042 888 2079 quantum
915 2048 984 2069 cum
1005 2038 1141 2071 Domino

402 2101 589 2134 possumus,
616 2090 838 2122 favorabiliter
862 2100 1005 2122 annuere
1030 2092 1142 2124 volen-

404 2150 460 2184 tes,
472 2144 647 2186 felicesque
665 2143 740 2175 dicti
756 2143 884 2185 collegii
899 2154 1066 2176 successus
1082 2155 1140 2187 pro

403 2197 577 2230 commisso
594 2197 690 2228 nobis
712 2196 862 2228 divinitus
888 2197 1059 2239 pastoralis
1077 2198 1142 2229 sol-

403 2250 584 2283 licitudinis
603 2259 740 2282 munere
766 2259 959 2292 promovere
979 2255 1011 2282 et
1035 2250 1141 2283 iuvare

402 2303 539 2336 sinceris
557 2307 747 2345 exoptantes
760 2301 941 2340 affectibus,
957 2302 1140 2335 huiusmodi

402 2356 696 2400 supplicationibus
716 2355 882 2394 inclinati,
899 2356 1140 2398 deputationem

403 2410 669 2454 presbyterorum
690 2409 961 2451 Congregationis
983 2409 1141 2442 missionis

404 2474 462 2505 pro
489 2462 770 2495 administratione
795 2462 953 2495 bonorum
979 2473 1014 2494 ac
1039 2463 1142 2496 reddi-

983 236 1165 261 BULLAtttUM
1190 236 1345 261 ROMANUM

1183 286 1334 318 stentium
1358 313 1365 325 ,
1409 286 1448 318 ab
1494 287 1608 318 eodem
1645 286 1726 319 lulio
1766 285 1919 317 cardinali

1184 339 1297 371 factam
1311 366 1319 379 ‚
1345 350 1400 372 seu
1421 339 1611 382 propediem
1629 338 1826 375 faciendam,
1845 348 1921 370 con—

1184 391 1389 434 ditionesque
1427 392 1465 423 ad
1497 391 1527 423 id
1567 392 1806 434 praescriptas,
1838 391 1920 423 infra

1183 444 1394 483 referendas,
1422 444 1613 476 auctoritate
1639 444 1815 486 apostolica
1831 470 1838 482 ,
1877 447 1921 476 te-

1184 507 1265 529 nore
1290 497 1519 539 praesentium,
1546 497 1655 529 itidem
1681 496 1839 539 perpetuo
1864 506 1920 538 ap-

1184 551 1360 592 probamus
1385 556 1416 582 et
1441 550 1670 582 confirmamus
1689 576 1697 588 ,
1725 549 1853 591 illisque
1870 549 1920 581 in-

1183 602 1342 635 violabilis
1368 602 1564 645 apostolicae
1590 601 1747 634 firmitatis
1773 603 1873 634 robur
1891 607 1922 634 et

1184 656 1360 689 efficaciam
1386 657 1612 698 adiungimus,
1638 666 1674 689 ac
1700 666 1920 699 quoscumque

1184 709 1261 741 iuris
1286 711 1335 742 vel
1363 709 1433 742 sacti
1462 710 1623 747 desectus,
1650 709 1674 741 si
1701 708 1755 751 qui
1781 709 1922 751 desuper

1185 763 1432 804 quomodolibet
1457 762 1701 794 intervenerunt
1735 762 1786 794 vel
1823 761 1922 793 inter-

1185 816 1348 854 venerint,
1377 816 1567 858 supplemus
1594 821 1625 847 et
1650 825 1813 847 sanamus.

1229 868 1296 910 55.
1325 868 1410 906 Quae
1443 868 1575 911 quidem
1609 868 1815 900 conditiones
1848 873 1922 899 sunt

1185 931 1266 963 quae
1291 927 1480 963 sequuntur,
1507 921 1674 953 videlicet:
1699 939 1742 943 -
1767 931 1789 953 1.
1810 920 1922 952 Perso-

1186 983 1245 1005 nae
1271 974 1475 1015 deputandae
1494 985 1530 1006 ex
1554 974 1753 1016 presbyteris
1779 980 1810 1006 et
1834 973 1922 1005 laicis

1185 1026 1454 1067 Congregationis
1479 1026 1637 1058 Missiouis
1675 1037 1808 1059 numero
1843 1027 1924 1059 duo-

1186 1078 1318 1111 denario
1344 1079 1511 1121 pauciores
1544 1088 1613 1111 esse
1644 1084 1824 1121 nequeant,
1851 1085 1922 1112 octo

1186 1132 1337 1164 nimirum
1364 1132 1545 1175 presbyteri
1565 1137 1595 1165 et
1613 1139 1750 1174 quatuor
1767 1132 1840 1164 laici
1867 1142 1922 1164 seu

1186 1184 1405 1224 coadiutores;
1432 1185 1525 1227 isque
1546 1195 1702 1217 numerus
1720 1195 1778 1227 pro
1804 1195 1923 1228 oppor-

1187 1238 1322 1271 tunitate
1348 1244 1379 1270 et
1403 1239 1605 1270 incremento
1622 1238 1806 1271 reddituum
1824 1239 1922 1271 colle-

1186 1292 1227 1335 gii
1245 1292 1352 1334 potius
1370 1292 1538 1334 augendus
1558 1292 1606 1331 sit,
1621 1303 1715 1334 quam
1735 1292 1924 1325 imminuen-

1186 1347 1367 1378 dus-11,
1386 1345 1571 1388 Presbyteri
1591 1350 1623 1377 et
1640 1345 1713 1378 laici
1738 1344 1923 1387 Congrega-

1187 1399 1283 1431 tionis
1309 1398 1482 1437 Missionis,
1507 1398 1637 1431 servitio
1663 1409 1717 1431 seu
1743 1398 1923 1430 ministerio

1186 1452 1314 1494 collegii
1340 1452 1476 1490 addicti,
1499 1457 1687 1484 remaneant
1711 1451 1924 1483 nihilominus

1185 1505 1264 1537 uniti
1291 1505 1386 1548 capiti
1413 1510 1445 1537 et
1469 1504 1596 1547 corpori
1617 1505 1761 1537 eiusdem
1786 1505 1925 1547 Congre-

1186 1559 1343 1601 gationis‚
1369 1569 1405 1590 ac
1437 1557 1555 1600 iugiter
1580 1558 1716 1590 subiecti
1748 1557 1923 1590 visitationi

1186 1618 1217 1645 et
1231 1612 1425 1644 correctioni
1444 1611 1531 1643 illius
1548 1611 1754 1653 superiorum
1769 1611 1925 1643 maiorum

1187 1673 1247 1698 tam
1275 1666 1381 1709 quoad
1407 1665 1589 1708 spiritualia
1614 1676 1708 1708 quam
1727 1665 1833 1708 quoad
1852 1675 1925 1707 pro-

1186 1720 1254 1762 pria
1280 1730 1390 1751 eorum
1418 1725 1448 1751 et
1478 1718 1604 1760 collegii
1644 1719 1844 1761 temporalia.
1881 1737 1927 1741 —

1186 1783 1233 1806 iu.
1268 1773 1313 1804 Ad
1346 1773 1531 1815 superiores
1570 1771 1706 1803 maiores
1742 1771 1925 1813 Congrega-

1188 1825 1284 1858 tionis
1310 1825 1471 1868 pertineat
1496 1825 1583 1856 omni
1611 1829 1758 1867 tempore
1786 1829 1818 1856 et
1848 1835 1925 1866 qua-

1186 1889 1324 1921 cumque
1349 1884 1539 1911 occurrentc
1565 1877 1735 1910 occasione
1762 1876 1924 1909 destinare

1186 1944 1222 1964 ac
1247 1932 1405 1974 deputare
1432 1937 1495 1962 tum
1521 1936 1681 1963 rectorem
1707 1930 1847 1972 collegii,
1873 1930 1925 1962 cui

1187 1986 1352 2017 incumbet
1388 1985 1578 2016 exercitium
1615 1994 1710 2016 curae
1746 1983 1924 2016 animarum

1186 2050 1257 2071 cum
1285 2038 1434 2070 facultate
1460 2037 1632 2080 supplendi
1658 2047 1717 2080 per
1734 2036 1844 2075 alium,
1861 2047 1927 2069 scr-

1185 2095 1255 2125 vata
1280 2098 1386 2124 tamen
1414 2092 1516 2124 forma
1541 2091 1721 2124 litterarum
1738 2097 1925 2123 nostrarum

1185 2145 1425 2187 praedictarum
1457 2144 1538 2176 circa
1572 2143 1841 2186 approbationem
1871 2143 1927 2176 Or-

1186 2197 1301 2230 dinarii
1328 2203 1359 2230 ct
1383 2197 1446 2229 alia
1479 2197 1511 2229 in
1544 2197 1665 2229 eisdem
1692 2196 1806 2229 litteris
1832 2206 1926 2238 prae-

1186 2250 1324 2293 scripta,
1352 2256 1416 2282 tum
1451 2250 1594 2292 reliquos
1625 2260 1737 2281 omnes
1771 2249 1926 2281 officiales

1186 2314 1221 2335 ac
1235 2313 1390 2345 personas
1413 2303 1545 2334 servitio
1564 2302 1693 2343 collegii
1713 2302 1925 2342 necessarias,

1186 2357 1322 2398 illosque
1348 2362 1379 2387 et
1404 2355 1474 2388 illas
1499 2365 1664 2394 amovere,
1691 2355 1840 2398 aliosque
1859 2357 1926 2388 col-

1185 2411 1320 2447 locare,
1350 2414 1443 2451 prout
1468 2419 1547 2451 opus
1572 2409 1623 2440 vel
1650 2408 1827 2450 expediens
1851 2408 1923 2440 sue-

1186 2462 1236 2494 rit.
1265 2480 1309 2484 ——
1333 2472 1374 2493 iv.
1402 2461 1598 2494 Officialibus
1624 2461 1804 2494 ministerio
1829 2462 1927 2494 colle-

405 2523 492 2548 tuum
518 2516 649 2558 collegii
676 2516 721 2548 sic
746 2516 844 2549 erecti
871 2520 901 2549 et
927 2516 1078 2555 instituti,
1097 2522 1142 2548 at·
1183 2516 1228 2558 gii
1255 2515 1416 2557 deputatis
1438 2525 1495 2557 pro
1514 2520 1676 2558 tempore,
1697 2526 1732 2547 ac
1750 2515 1925 2558 praecipue

405 2580 465 2612 que
491 2569 707 2602 instructione
732 2579 769 2602 ac
793 2569 974 2602 directione
1008 2569 1142 2602 clerico-

1185 2569 1301 2602 rectori
1322 2596 1329 2607 ‚
1357 2574 1520 2611 competat
1556 2570 1654 2611 plena
1690 2569 1926 2602 administratio

403 2632 473 2653 rum
498 2622 531 2653 in
555 2623 626 2665 ipso
651 2623 793 2665 collegio
819 2633 879 2666 pro
905 2628 1050 2666 tempore
1076 2623 1141 2655 exi·
1184 2623 1325 2655 omnium
1367 2633 1476 2655 rerum
1517 2622 1743 2666 temporalium
1780 2622 1926 2654 eiusdem

1927 237 1977 263 An.
1992 237 2024 263 C.
2046 236 2116 264 1733

2156 858 2163 866 ,

1961 876 2019 899 Quae
2044 875 2119 896 eondi—
2155 875 2158 880 “

1934 902 2001 922 tiones
2014 902 2048 922 hic
2062 902 2119 923 rete·
2161 894 2175 928 ξ
