2182 3137
222 223 411 251 amca-130
456 214 522 247 198

228 288 268 305 exc.
281 286 301 305 r„
312 286 408 306 codicem
424 281 488 310 suS,
512 281 618 311 resque
640 272 806 310 frugiferae,
822 281 897 311 quae
914 272 957 302 vel
979 272 1009 302 in
1029 281 1166 311 praesen-

226 311 339 332 '‘¹³‘⁰‘'‘¹¹·
425 321 532 351 tiarum
565 320 693 360 possidet
724 321 768 351 vel
795 321 985 360 imposterum
1017 321 1164 351 academia

426 368 598 407 possidebit,
622 369 725 399 ordine
747 369 869 407 digesta,
885 370 914 399 in
932 369 1062 399 codicem
1085 369 1120 398 ad
1135 369 1163 399 id

428 422 562 456 paratum
594 418 733 448 distincte
766 419 948 456 referantur,
971 427 1009 448 ex
1040 428 1096 457 quo
1120 418 1162 447 vel

424 466 615 496 locandarum
638 476 748 503 rerum,
766 467 810 496 vel
832 467 978 497 rationum
1001 466 1164 496 subducen-

423 515 527 544 darum
551 515 651 553 regula
675 516 712 545 sit
735 516 764 545 in
787 519 933 555 promptu.

225 574 408 603 omino-remen-
464 564 505 593 Ex
528 564 642 594 redditu
665 568 773 601 autem,
790 565 839 603 qui
856 573 922 594 aere
938 564 1033 594 alieno
1052 568 1080 593 et
1095 573 1164 593 one-

228 602 260 647 {¹2¹⁵
274 603 409 651 ’ἷιιιόἶᾚιξῖζῗ
424 613 505 643 ribus
527 613 676 643 dissolutis
699 614 849 643 annuatim
872 613 1014 653 supersit,
1039 622 1084 642 res
1107 617 1164 642 sta-

226 653 335 699 ᾖῖἷᾚᾶξὶ,
348 653 410 698 33ὲῖξῖ
426 662 500 692 biles
527 666 555 692 et
578 662 734 700 frugiferae
764 666 980 702 comparentur.
1004 662 1080 691 Bona
1109 666 1164 690 sta-

228 708 408 726 ”'·*¹¹*⁰'³¹¹⁰¹¹‘'¹¹·
427 710 495 740 bilia
518 711 689 750 praesertim
720 711 847 740 alienare
875 710 1021 740 academia
1046 711 1163 749 proprio

423 760 490 789 iure
512 769 695 799 nequaquam
720 759 820 798 possit.
838 759 869 788 ln
885 759 1009 789 concilio
1030 759 1164 788 delinito-

424 817 502 845 rum,
522 808 599 847 quod
623 812 687 847 post
709 808 813 837 festum
830 808 858 837 S.
877 808 969 837 Lucae
991 807 1164 837 convocabi-

428 861 486 894 tur,
510 857 645 886 doctores
666 862 792 896 quatuor
814 858 875 886 sive
897 857 1029 894 magistri
1052 857 1163 894 eligan-

429 910 490 944 tur,
510 915 545 935 ex
561 906 667 945 quibus
689 906 746 935 duo
763 906 867 935 saltem
889 906 1069 945 professores
1091 906 1160 941 sint,

422 955 472 993 qui
505 959 674 993 perpetuam
708 954 875 983 cathedram
909 953 1082 990 obtineant,
1105 953 1162 982 duo

425 1011 496 1032 vero
518 1002 547 1031 in
571 1002 711 1031 canonico
734 1002 779 1030 vel
802 1002 880 1031 civili
913 1001 977 1030 iure
1005 1001 1138 1030 doctores
1153 1024 1160 1038 ,

426 1059 553 1089 quorum
576 1050 704 1079 officium
728 1050 756 1079 in
780 1050 930 1079 biennium
953 1050 1048 1083 duret,
1067 1049 1105 1078 ita
1123 1053 1163 1078 ta-

423 1109 501 1137 men,
523 1104 565 1138 ut,
590 1100 667 1129 binis
689 1099 819 1135 remotis,
843 1098 905 1128 bini
928 1107 1029 1128 rursus
1052 1098 1080 1127 in
1104 1098 1163 1127 sin-

424 1148 510 1184 gulos
533 1157 625 1177 annos
646 1151 844 1177 assumantur.
868 1147 903 1176 Hi
927 1156 995 1176 vero
1027 1147 1163 1175 doctores

423 1205 475 1226 seu
509 1196 641 1234 magistri
673 1196 831 1235 quotannis
857 1204 957 1224 mense
989 1194 1163 1233 septembris

422 1254 523 1274 coram
547 1244 721 1274 scholastico
736 1268 743 1282 ,
767 1244 935 1273 academiae
957 1243 1050 1273 scriba
1073 1244 1162 1273 inter-

425 1294 573 1330 veniente,
591 1293 753 1322 exhibitam
769 1292 804 1322 ab
826 1301 984 1322 oeconomo
1000 1302 1051 1321 seu
1073 1292 1164 1321 admi-

424 1343 583 1372 nistratore
615 1342 726 1381 accepti
759 1342 902 1372 rationem
934 1346 1113 1379 cognoscent
1135 1346 1163 1370 et

425 1391 640 1430 ponderabunt.
660 1391 866 1427 Scholasticus,
886 1390 981 1420 scriba
998 1395 1025 1420 et
1042 1390 1163 1429 praefati

427 1444 553 1478 quatuor
564 1439 786 1469 ratiocinatores
799 1441 914 1469 summa
923 1439 1078 1468 sedulitate
1090 1438 1163 1468 tanti

421 1488 562 1517 momenti
585 1498 646 1518 rem
671 1487 901 1526 pertractabunt,
925 1497 961 1517 ne
984 1491 1103 1526 propter
1118 1496 1164 1516 eo-

424 1526 490 1566 r⁸um
513 1536 723 1574 negligentiam
753 1536 864 1575 aliquid
886 1536 1051 1565 academiae
1073 1535 1164 1565 detri-

421 1589 551 1615 mentum
575 1585 709 1624 patiatur.

240 1641 361 1670 psa-emtum
376 1646 408 1660 ra·
467 1633 547 1663 Inter
569 1633 776 1663 cancellarium
792 1656 799 1670 ,
823 1633 1046 1663 ratiocinatores
1068 1638 1096 1663 et
1120 1643 1163 1663 se-

225 1668 409 1723 cli‘riecioe'iissiiiumdt
423 1682 598 1720 cretarium,
623 1681 755 1711 absoluto
777 1682 930 1711 ratiocinio
947 1705 954 1718 ,
984 1687 1100 1711 centum
1130 1681 1164 1710 li-

225 1722 343 1740 ⁵²⁰¹⁰¹³¹¹¹'
426 1730 495 1761 brae
518 1741 552 1761 ex
574 1732 675 1770 aequis
698 1731 829 1771 partibus
855 1731 1086 1767 (listrihuantur3
1110 1731 1164 1760 du-

422 1781 489 1820 plex
512 1785 609 1810 tamen
633 1781 728 1819 portio
750 1780 926 1810 cancellario
950 1780 1090 1809 tradatur.

462 1829 636 1859 Academiae
659 1829 833 1858 secretarius
856 1829 977 1858 alternis
1000 1828 1161 1865 mensibus,

426 1878 567 1917 quidquid
591 1878 620 1906 in
643 1877 807 1906 academiae
829 1877 1033 1915 compendium
1057 1877 1101 1906 vel
1128 1886 1161 1906 ex

424 1926 579 1956 collatione
601 1926 745 1964 graduum
765 1926 809 1955 vel
825 1934 860 1954 ex
878 1925 1082 1954 cathedrarum
1099 1925 1163 1955 ade-

423 1975 525 2014 ptione
539 1979 588 2004 aut
606 1975 671 2004 aliis
693 1975 720 2004 id
736 1984 828 2013 genus
843 1974 956 2004 iuribus
972 1974 1007 2003 ad
1032 1974 1162 2003 eamdem

423 2022 638 2061 pertinentibus
654 2023 821 2061 collegerit,
844 2023 920 2061 apud
936 2022 1051 2052 eosdem
1074 2023 1162 2061 profi-

423 2071 490 2109 teri,
504 2071 579 2101 etde
592 2071 715 2109 singulis
728 2071 870 2100 rationem
883 2071 1005 2100 reddere
1018 2075 1161 2101 teneatur.

238 2125 341 2155 Syndieus
354 2130 408 2154 ‹iuo-
464 2119 608 2158 Syndicus
621 2120 729 2159 pariter
740 2119 818 2149 senis
834 2119 998 2158 quibusque
1011 2120 1162 2149 mensibus

226 2157 407 2204 Ἶῗιεῖἶᾞῗιυᾳευμ
420 2168 475 2198 hoc
500 2169 575 2198 idem
598 2168 632 2198 de
656 2168 771 2197 mulctis
787 2177 838 2197 seu
855 2168 955 2206 poenis
971 2168 1159 2207 pecuniariis,

225 2205 341 2226 mensibus.
420 2217 481 2246 sive
497 2226 512 2246 a
532 2217 705 2246 scholastico
720 2217 821 2246 eiusve
839 2216 946 2252 iudice,
963 2217 1025 2246 sive
1041 2226 1092 2256 per
1106 2221 1161 2246 sta-

424 2270 485 2296 tuta
509 2266 629 2296 inflictis
652 2276 665 2295 a
682 2275 712 2295 se
736 2266 780 2295 vel
802 2265 923 2303 exactis,
944 2270 992 2295 aut
1008 2274 1043 2294 ex
1066 2266 1161 2296 officio

419 2315 586 2352 exigendis,
611 2313 780 2353 praestabit.
804 2314 968 2350 Praeterea,
986 2318 1051 2352 post
1066 2314 1160 2343 reddi-

422 2369 465 2394 tas
478 2363 514 2393 ab
529 2372 687 2393 oeconomo
699 2363 839 2400 rationeS,
856 2362 996 2402 quidquid
1013 2371 1051 2391 ex
1065 2362 1163 2392 reddi-

421 2412 498 2442 tibus
514 2412 691 2450 exigendum
708 2411 845 2451 supersit,
863 2415 948 2450 prout
963 2411 1008 2440 sui
1031 2411 1161 2440 muneris

422 2465 479 2498 est,
504 2460 677 2499 quantocius
699 2459 817 2497 exigere
838 2469 896 2489 non
919 2459 1139 2498 praetermittat.

225 1837 362 1857 Secretarius
369 1837 409 1857 illis

225 1866 331 1883 rationem
361 1864 409 1884 red-

227 1890 279 1910 dere
295 1890 366 1911 debet.

464 2535 527 2565 Tir.
552 2533 678 2564 L111.—
693 2534 733 2564 De
754 2535 910 2564 academica
931 2534 1121 2574 typographia.

266 2612 296 2633 aa
313 2614 410 2638 typogra·
461 2605 591 2636 Alternis
609 2605 695 2636 annis
710 2605 898 2636 definitorum
915 2605 1072 2636 concilium
1088 2605 1162 2636 duos

1002 224 1186 247 BULLARIUM
1210 224 1321 247 ROMAN
1328 225 1367 247 ΠΜ

1949 227 1997 251 An.
2018 225 2047 251 C.
2070 224 2141 252 1730

1207 271 1295 310 eligat
1317 272 1509 311 professores,
1529 272 1651 302 alterum
1669 277 1854 312 perpetuum,
1870 277 1944 303 tem—
1953 286 2016 312 phiae
2054 286 2139 312 praesi-

1207 321 1334 359 poralem
1358 321 1493 358 alterum,
1518 321 1625 360 quibus
1648 321 1856 360 typographiae
1878 331 1943 361 pro·
1953 312 2062 334 ‘'mmm''

1205 369 1351 399 curandae
1380 379 1453 399 onus
1480 374 1508 399 et
1539 379 1607 399 cura
1639 369 1812 408 incumbat,
1836 371 1944 411 quique

1205 418 1360 456 diligenter
1382 418 1533 448 attendant
1554 428 1624 448 num
1648 419 1847 458 typographus
1862 444 1870 458 ,
1894 420 1944 459 qui

1206 467 1249 496 vel
1273 467 1474 497 universitatis
1498 467 1616 496 nomine
1631 491 1638 504 ‚
1663 467 1707 496 vel
1741 467 1944 497 conductionis

1206 515 1290 545 titulo
1312 515 1473 544 excudendi
1495 525 1600 545 munus
1622 516 1797 555 susceperit,
1811 525 1863 545 suo
1882 526 1944 546 mu-

1205 563 1267 593 neri
1298 563 1388 602 probe
1407 563 1596 601 !satisfaciat;
1621 564 1732 603 accepti
1760 568 1788 593 et
1820 565 1944 603 expensi

1205 611 1319 641 tabulas
1341 612 1486 650 digerant,
1504 613 1538 650 {et
1564 611 1600 641 ab
1627 612 1729 641 eodem
1762 613 1945 652 typographo

1205 660 1334 690 rationes
1366 664 1518 699 repetant,
1554 664 1585 690 ut
1613 660 1757 700 quidquid
1788 661 1947 699 exigendo-

1205 718 1268 737 rum
1292 709 1398 748 reliqui
1422 709 1484 747 siat,
1502 710 1719 748 quamprimum
1742 709 1894 747 exigatur:
1912 719 1946 740 ac

1205 768 1309 788 census
1332 759 1457 797 denique
1473 768 1507 787 ex
1525 758 1616 797 praeli
1646 768 1700 788 usu
1723 758 1847 797 profecti
1869 758 1946 798 apud

1205 816 1395 836 oeconomum
1413 807 1648 845 seugreddituum
1675 807 1944 837 administratorem

1204 856 1398 894 deponantur.
1703 856 1707 860 ”

1243 904 1379 934 Solvendi
1402 904 1547 939 mandata,
1569 913 1620 943 pro
1644 904 1784 943 impensis
1806 903 1841 933 ad
1863 909 1944 943 typo-

1204 953 1355 992 graphiam
1378 953 1537 982 curandam
1556 953 1598 982 vel
1614 953 1816 982 instruendam
1838 952 1946 982 sacien-

1204 1001 1259 1038 dis,
1285 1005 1400 1040 praeter
1428 1001 1660 1041 subscriptiones
1689 1001 1855 1031 academico
1877 1001 1942 1031 iure

1205 1050 1342 1085 sancitas,
1361 1059 1375 1079 a
1390 1050 1504 1079 duobus
1525 1050 1737 1079 commissariis
1759 1049 1946 1080 subscriban-

1205 1101 1263 1126 tur.
1287 1097 1367 1132 Quod
1392 1098 1459 1127 item
1483 1099 1511 1127 in
1537 1099 1650 1128 redditu
1674 1109 1711 1127 ex
1732 1098 1796 1137 ipsa
1818 1098 1948 1137 tipogra-

1206 1145 1274 1184 phia
1299 1147 1484 1185 percipiendo
1513 1151 1542 1176 et
1564 1147 1593 1176 in
1623 1147 1768 1176 aerarium
1795 1146 1946 1176 inserendo

1205 1199 1347 1224 servetur.
1365 1195 1396 1224 In
1414 1195 1506 1225 Natali
1526 1196 1640 1225 Domini
1664 1196 1788 1233 singulis
1811 1200 1947 1235 typogra-

1205 1244 1343 1282 graphiae
1379 1244 1589 1274 commissariis
1623 1244 1755 1283 perdices
1794 1244 1946 1274 duodecim

1206 1292 1383 1322 tribuantur.

1244 1340 1464 1380 Typographus,
1481 1342 1549 1371 dum
1574 1342 1649 1371 hanc
1668 1341 1834 1371 academiae
1856 1341 1948 1371 offici-

1205 1399 1272 1419 nam
1295 1390 1421 1424 rexerit,
1446 1390 1509 1420 foro
1531 1395 1559 1420 et
1582 1390 1744 1429 privilegiis
1767 1390 1947 1420 academico-

1205 1447 1270 1467 rum
1293 1438 1470 1476 perfruatur.

2004 1351 2141 1378 Typographi

1957 1379 2077 1404 privilegia.

1272 1513 1335 1542 Τιτ.
1360 1513 1428 1543 LIV.
1449 1530 1485 1535 —
1510 1514 1550 1543 De
1571 1514 1673 1543 salario
1693 1516 1879 1553 professorum

1311 1563 1454 1591 cathedras
1475 1567 1622 1602 perpetuas
1648 1563 1836 1593 obtsnemz'um.

1246 1632 1285 1661 Ex
1308 1631 1402 1662 trihus
1425 1632 1573 1671 primariis
1607 1633 1769 1670 theologiae
1801 1633 1947 1662 cathedris

1205 1681 1234 1709 in
1258 1691 1387 1710 annuum
1410 1681 1549 1710 salarium
1573 1681 1718 1720 accipiant
1740 1681 1872 1719 singulae
1888 1680 1949 1710 bis-

1206 1734 1323 1759 centum
1347 1730 1435 1759 libras
1467 1753 1474 1759 .
1520 1753 1526 1759 .
1573 1753 1578 1759 .
1731 1753 1737 1759 .
1784 1753 1790 1759 .
1814 1730 1873 1759 <200
1895 1729 1947 1760 lib.

1245 1779 1435 1818 Vespertinae
1455 1779 1609 1809 cathedrae
1626 1779 1788 1817 theologiae

1205 1828 1337 1866 singulae
1355 1852 1361 1858 .
1408 1851 1414 1857 .
1460 1851 1466 1857 .
1566 1851 1572 1857 .
1725 1850 1732 1857 .
1779 1850 1785 1857 .
1810 1827 1868 1857 150
1909 1838 1924 1858 ))

1245 1876 1387 1905 Cathedra
1410 1885 1562 1906 sacrorum
1586 1876 1744 1906 bibliorum
1777 1899 1783 1906 .
1809 1876 1867 1906 150
1908 1886 1924 1905 ))

1245 1925 1410 1954 Cathedrae
1434 1925 1596 1963 theologiae
1619 1925 1737 1955 moralis
1776 1948 1783 1954 .
1808 1925 1866 1954 150
1908 1935 1922 1955 )›

1244 1973 1403 2003 Cathedrae
1426 1973 1626 2012 philosophiae
1650 1973 1768 2003 moralis
1808 1973 1866 2003 150
1907 1983 1922 2003 ))

1244 2022 1403 2052 Cathedrae
1426 2023 1582 2061 primariae
1604 2022 1678 2052 iuris
1701 2032 1787 2051 cano-
1828 2047 1832 2050 .

1204 2071 1261 2100 nici
1284 2075 1312 2100 et
1334 2071 1440 2107 civilis,
1465 2071 1598 2108 singulae
1622 2093 1629 2100 .
1673 2093 1680 2100 .
1777 2093 1784 2100 .
1808 2070 1867 2100 450
1908 2080 1924 2100 a

1244 2119 1403 2149 Cathedrae
1433 2119 1616 2159 vespertinae
1645 2119 1718 2149 iuris
1741 2128 1788 2149 ca-

1204 2168 1302 2197 nonici
1326 2172 1354 2197 et
1377 2167 1485 2204 civilis,
1511 2167 1644 2206 singulae
1669 2190 1675 2196 .
1722 2190 1729 2196 .
1775 2190 1782 2196 .
1805 2167 1865 2197 400
1907 2177 1923 2197 1>

1243 2216 1384 2246 Cathedra
1409 2216 1519 2246 decreti
1564 2239 1570 2245 .
1617 2239 1623 2245 .
1670 2239 1676 2245 .
1776 2238 1783 2245 .
1807 2216 1866 2246 350
1907 2226 1922 2246 3>

1242 2266 1384 2296 Cathedra
1411 2265 1536 2295 Concilii
1565 2265 1728 2294 Tridentini
1774 2288 1780 2294 .
1805 2265 1864 2295 300
1905 2275 1921 2295 )>

1242 2313 1382 2343 Cathedra
1406 2313 1544 2352 primaria
1569 2313 1730 2343 medicinae
1775 2336 1781 2344 .
1806 2313 1865 2343 380
1906 2324 1922 2343 ι

1242 2361 1381 2392 Cathedra
1404 2362 1569 2400 vespertina
1587 2362 1749 2392 medicinae
1774 2386 1781 2392 .
1805 2362 1864 2392 300
1905 2372 1920 2392 a

1242 2410 1383 2440 Cathedra
1408 2410 1677 2449 prognosticorum.
1721 2433 1728 2440 .
1774 2433 1781 2440 .
1805 2410 1865 2440 200
1905 2420 1922 2440 »

1242 2458 1383 2488 Cathedra
1406 2459 1569 2489 matheseos
1613 2482 1620 2488 .
1666 2482 1672 2488 .
1719 2481 1725 2488 .
1771 2481 1779 2489 .
1804 2459 1864 2489 200
1905 2469 1920 2489 i>

1242 2507 1383 2537 Cathedra
1407 2507 1568 2537 rhetorices
1774 2531 1781 2538 .
1804 2507 1864 2538 ⁶200
1905 2518 1920 2538 a

1241 2556 1311 2586 Cum
1334 2556 1363 2585 in
1386 2556 1545 2594 solvendo,
1571 2565 1623 2595 pro
1652 2557 1736 2594 rata,
1766 2556 1947 2586 salariorum

1203 2609 1262 2635 tam
1285 2605 1483 2644 professorum
1506 2614 1592 2644 quam
1615 2604 1782 2635 officialium
1805 2613 1873 2645 pars
1890 2605 1946 2635 ali-
