2182 3137
189 197 237 221 Au.
254 196 282 223 (ἴ,
311 195 376 221 1733

214 785 228 804 Γ,
244 786 326 805 uei-«sin
344 785 354 804 i!

187 818 227 838 qua
245 818 263 831 in
278 812 370 833 rnlnica.

422 185 485 219 498

380 243 524 275 fidelium
542 243 707 275 mentibus
726 243 874 276 caelestis
894 242 1118 286 inspirationis

379 296 512 337 gratiam
534 301 565 328 et
590 296 772 329 dovotionis
797 296 947 329 ardorem
973 295 1011 328 ad
1039 295 1117 328 divi-

380 361 438 383 nae
463 349 639 383 maiestatis
658 349 814 393 obsequia
839 355 870 383 ct
890 349 1018 393 piorum
1042 360 1119 393 ope-

381 415 450 436 rum
478 403 632 437 exercitia
650 404 825 437 salubriter
842 404 1028 447 peragenda
1046 413 1119 436 con-

382 458 471 490 tiuuo
497 457 649 497 infundit,
670 458 818 500 exemplo
837 457 978 498 adducti,
1000 457 1030 489 in
1049 467 1117 490 eam

380 510 552 553 pastoralis
569 509 666 543 oflicii
693 521 802 542 curam
822 510 1118 554 cogitationemque

380 564 493 596 sedulo
519 563 747 603 incumbimus,
774 574 835 607 per
860 574 954 607 quam
975 564 1118 607 ipsorum

382 616 522 649 fidelium
550 617 722 650 fructuosis
748 616 934 650 huiusmodi
961 618 1119 660 operibus

382 675 412 702 et
437 670 596 703 exercitiis
621 670 803 704 vacantium
827 671 943 714 religio
970 676 1000 703 et
1025 671 1119 705 devo-

383 723 425 757 tio
452 724 641 757 continuum
666 724 820 768 suscipiat
845 724 1094 758 incrementum.

417 778 439 819 ξ
464 777 495 809 ΔἸ.
515 776 592 810 Cum
619 777 724 820 itaque
751 787 866 820 nuper,
886 778 924 810 ad
942 787 1056 821 preces
1074 777 1119 810 di-

381 830 456 863 lecti
482 830 537 862 lilii
564 831 711 863 moderni
737 830 933 863 correctoris
959 830 1120 872 generalis

381 883 507 916 Ordinis
532 883 665 916 fratrum
685 884 785 916 sancti
804 883 964 916 Francisci
984 883 1022 916 de
1041 883 1119 915 Pau-

381 937 411 969 la
440 936 645 968 Miniinorum
671 941 950 978 nuncupatorum,
975 935 1007 967 in
1039 935 1119 968 Con-

381 989 569 1031 gregationc
588 988 820 1021 venerabilium
842 988 973 1021 fratrum
998 993 1119 1021 nostro-

381 1054 450 1075 rum
484 1043 516 1075 S.
537 1043 572 1075 R.
593 1042 628 1075 E.
660 1042 880 1081 cardinalium,
907 1042 1119 1085 indulgentiis

381 1103 411 1130 et
435 1097 534 1129 saeris
571 1095 718 1139 reliquiis
754 1095 1015 1138 praepositorum
1032 1122 1040 1136 ,
1067 1095 1118 1128 die

378 1161 415 1183 xx
452 1149 572 1183 mensis
609 1148 745 1181 ianuarii
782 1149 910 1188 habita,
949 1149 1118 1193 proposito

380 1203 488 1242 dubio,
514 1213 552 1235 an
580 1202 711 1235 facultas
729 1202 875 1244 erigendi
894 1209 924 1235 et
941 1213 1119 1246 aggregan-

381 1258 410 1290 di
430 1256 715 1289 confraternitates
732 1256 790 1288 sub
807 1255 951 1289 instituto
973 1257 1117 1290 eiusdem

380 1311 481 1343 sancti
507 1309 668 1342 Francisci
695 1309 734 1342 de
755 1309 852 1342 Paula
878 1310 983 1343 eidem
1011 1320 1119 1343 eorre-

381 1363 461 1397 ctori
488 1362 629 1405 generali
656 1367 743 1395 esset
767 1363 988 1405 concedenda,
1007 1364 1118 1396 rescri-

380 1422 471 1459 ptum
496 1416 603 1455 fuerit,
629 1415 722 1449 nobis
748 1416 995 1459 supplicandum
1023 1427 1116 1450 esse:

381 1471 455 1503 ltine
475 1469 624 1513 estquod
651 1480 721 1509 nos,
741 1470 795 1513 qui
821 1469 940 1503 dietum
966 1470 1117 1504 Ordinem

381 1525 412 1557 in
450 1523 628 1558 visceribus
663 1523 805 1565 gerimus
842 1523 1032 1565 charitatis,
1058 1524 1119 1567 piis

380 1578 480 1620 ipsius
506 1576 653 1610 moderni
672 1577 866 1610 correctoris
885 1577 1044 1619 generalis
1069 1588 1119 1611 vo-

382 1632 419 1664 tis
439 1632 497 1664 liae
515 1632 546 1663 in
566 1641 609 1669 re,
630 1635 782 1673 quantum
801 1641 872 1663 cum
892 1631 1027 1664 Domino
1045 1642 1118 1674 pos-

380 1696 508 1723 sumus,
537 1683 753 1716 favorabiliter
788 1694 951 1725 annuere,
980 1695 1118 1728 eumque

380 1738 529 1781 specialis
550 1738 655 1769 farore
682 1737 803 1779 gratiae
830 1738 981 1781 prosequi
1008 1739 1119 1771 volen-

381 1798 438 1831 tes,
466 1797 497 1824 et
522 1802 538 1823 a
569 1790 734 1834 quibusvis
762 1791 1118 1833 excommuiiicationis,

380 1844 607 1888 suspensionis
634 1849 666 1876 et
696 1844 876 1883 interdicti,
902 1844 1036 1888 aliisque
1069 1856 1119 1878 ec-

380 1898 572 1932 clesiasticis
598 1898 771 1931 sententiis
791 1925 798 1937 ‚
825 1898 976 1931 censuris
995 1905 1026 1932 ct
1043 1909 1120 1942 poe-

380 1953 439 1993 nis7
469 1963 485 1984 a
517 1952 587 1984 iure
611 1952 661 1984 vel
687 1952 726 1984 ab
753 1951 905 1991 homine,
932 1953 1044 1995 quavis
1069 1963 1120 1985 oe-

380 2006 510 2039 casione
534 2006 584 2038 vel
613 2007 711 2038 eausa
735 2005 819 2045 latis,
845 2005 871 2038 si
898 2006 1018 2049 quibus
1042 2017 1122 2050 quo-

379 2060 562 2093 modolibet
584 2059 758 2092 innodatus
776 2059 894 2100 existit,
911 2060 950 2092 ad
969 2059 1119 2093 effectum

379 2113 602 2157 praesentium
635 2113 802 2145 dumtaxat
838 2113 1118 2156 consequendum,

380 2167 494 2198 barum
521 2165 604 2198 serie
638 2165 841 2199 absolventes
874 2172 905 2199 et
936 2166 1118 2200 absolutum

380 2220 447 2253 sore
488 2224 685 2259 censentes,
720 2219 1014 2262 supplicationibus
1051 2220 1119 2253 eius

380 2273 510 2306 nomine
535 2282 633 2316 super
668 2272 731 2304 hoc
767 2272 935 2305 humiliter
959 2273 1120 2315 porrectis

380 2325 534 2366 inclinati⁷
566 2326 604 2358 de
631 2330 883 2359 memoratorum
908 2326 1119 2359 cardinalium

381 2379 526 2418 consilio,
550 2383 612 2411 tam
638 2378 807 2421 praedicto
833 2389 926 2422 quam
951 2389 1012 2422 pro
1039 2384 1120 2412 tem-

381 2442 459 2475 pore
485 2431 636 2464 existenti
662 2431 836 2465 correctori
863 2431 1007 2474 generali
1034 2431 1120 2464 Ordi-

381 2484 430 2517 nis
457 2485 590 2518 fratrum
617 2484 717 2516 saneti
743 2484 905 2517 Francisci
937 2484 977 2517 de
1002 2483 1117 2525 Paula,

963 195 1145 219 BULLARlUM
1173 195 1330 221 ROMANUM

1161 244 1457 284 stituti‚accedente
1472 255 1632 278 consensu
1644 245 1894 286 Ordinariorum,

1162 298 1287 340 erigere
1304 325 1311 339 ‚
1339 309 1458 341 easque
1483 299 1546 331 iam
1572 303 1694 332 erectas
1726 299 1896 333 arcliicon-

1163 351 1354 384 fraternitati
1380 352 1411 384 in
1431 351 1513 384 alulfi
1528 351 1612 385 Urbe
1639 353 1749 386 nostra
1768 352 1897 385 institu-

1163 409 1211 437 tae
1249 415 1452 447 aggmgare,
1479 415 1659 449 omnesque
1696 410 1726 438 et
1755 405 1897 448 singulas

1162 458 1380 499 indulgentias
1405 463 1437 491 ct
1461 457 1592 500 gratias,
1616 469 1633 491 a
1651 457 1804 492 Romanis
1820 458 1898 492 Pon-

1163 511 1303 544 tificibus
1328 511 1639 554 praedecessoribus
1672 512 1789 555 nostris
1821 522 1900 545 con-

1162 575 1282 605 cessas,
1303 565 1367 597 illis
1387 565 1627 598 communicare
1644 564 1745 598 libere
1764 570 1795 599 et
1810 565 1899 598 licite

1164 618 1279 658 valeat,
1306 620 1432 651 servata
1458 623 1563 651 tamen
1589 618 1830 651 constitutionis
1853 618 1899 651 fe-

1164 670 1232 703 licis
1270 671 1503 704 recordationis
1539 670 1712 704 Clementis
1750 671 1808 704 PP.
1835 671 1900 704 Vltt

1164 723 1428 767 praedecessoris
1447 723 1567 767 pariter
1587 723 1687 756 nostri
1712 734 1811 767 super
1829 734 1898 758 ere-

1163 776 1270 809 ctione
1297 782 1327 809 et
1352 777 1583 819 aggregatione
1610 776 1794 810 huiusmodi
1825 787 1900 810 con-

1164 829 1396 862 fraternitatum
1427 830 1532 862 editae
1569 830 1671 863 forma
1702 835 1733 863 et
1763 829 1900 873 disposi-

1165 882 1263 922 tione,
1284 883 1474 922 faeultatem,
1496 883 1684 916 auctoritate
1709 882 1897 927 apostoliea,

1164 941 1277 969 tenore
1305 937 1536 979 praesentium,
1552 937 1760 970 concedimus
1785 943 1817 970 et
1840 937 1900 970 iin-

1163 989 1336 1033 pertimur:
1362 1000 1398 1023 ac
1425 991 1510 1023 salva
1534 1001 1664 1034 semper
1687 991 1720 1024 in
1748 985 1900 1034 praemis-

1163 1042 1206 1076 sis
1225 1043 1416 1076 auctoritate
1431 1043 1698 1087 Congregationis
1713 1044 1900 1078 corumdem

1164 1097 1390 1130 cardinalium.

1207 1150 1221 1193 g
1247 1149 1278 1182 ΕΣ.
1306 1149 1537 1191 Decernentes,
1558 1151 1686 1184 easdem
1712 1156 1900 1194 praesentes

1162 1202 1284 1236 litteras
1310 1214 1439 1247 semper
1460 1203 1575 1246 firmas,
1593 1204 1712 1237 validas
1738 1210 1770 1238 et
1794 1204 1901 1238 effica-

1163 1267 1216 1289 ces
1241 1257 1377 1290 existere
1400 1262 1431 1290 et
1455 1258 1539 1298 fore,
1567 1268 1708 1301 suosque
1735 1259 1901 1302 plenarios

1162 1316 1194 1343 et
1218 1311 1363 1353 integros
1390 1310 1523 1344 effectus
1546 1312 1655 1344 sortiri
1683 1316 1714 1345 et
1737 1311 1901 1356 obtinere,

1162 1374 1198 1396 ac
1217 1364 1288 1410 illis,
1314 1364 1352 1396 ad
1371 1375 1450 1407 quos
1476 1369 1599 1408 spectat
1627 1370 1660 1398 et
1684 1364 1843 1408 spectabit
1869 1365 1902 1398 in

1162 1417 1313 1456 futurum,
1334 1418 1523 1461 plenissime
1549 1417 1726 1461 suffragari,
1745 1422 1777 1451 et
1796 1418 1836 1451 ab
1854 1418 1902 1452 eis

1162 1471 1340 1514 respective
1368 1471 1599 1505 inviolabiliter
1630 1472 1818 1513 observari,
1843 1472 1904 1506 sic-

1162 1535 1226 1567 que
1256 1525 1287 1557 in
1314 1525 1498 1568 praemissis
1526 1536 1583 1568 per
1607 1536 1832 1569 quoscumque
1857 1525 1904 1559 iu·

1162 1577 1249 1610 dices
1289 1578 1470 1611 ordinarios
1511 1584 1542 1611 et
1580 1578 1747 1621 delegatos
1760 1606 1781 1621 ,Ν
1807 1579 1904 1612 etiam

1162 1641 1330 1663 causarum
1371 1631 1479 1674 palatii
1521 1642 1537 1663 a
1605 1632 1691 1665 tolici
1731 1631 1903 1673 auditores,

1163 1683 1296 1716 iudicari
1331 1689 1361 1717 et
1393 1684 1520 1718 deliniri
1539 1642 1685 1725 *bere⁷
1717 1695 1754 1718 ac
1778 1685 1904 1719 irritum

1163 1742 1194 1769 et
1220 1736 1315 1770 inane
1341 1736 1366 1769 si
1394 1747 1487 1770 secus
1506 1748 1602 1781 super
1620 1738 1670 1771 liis
1688 1749 1705 1771 a
1722 1749 1900 1782 quoquam,

1163 1790 1271 1833 quavis
1288 1791 1489 1830 auctoritate,
1510 1791 1650 1824 scienter
1675 1791 1722 1824 vel
1748 1791 1903 1834 ignoran-

1163 1850 1225 1884 ter,
1253 1845 1426 1887 contigerit
1450 1845 1612 1878 attentari.

1207 1898 1221 1941 ξ
1246 1898 1277 1931 3.
1304 1897 1372 1931 Non
1401 1898 1607 1931 obstantibus
1631 1899 1829 1943 praemissis,
1867 1910 1903 1934 ac
1914 1905 2098 1958 ὼξῗέᾞῗοτῑοτυω

1163 1957 1289 1984 nostrae
1322 1957 1353 1985 et
1383 1951 1600 1986 Cancellariae
1626 1953 1833 1996 Apostolicae
1859 1964 1904 1988 re·

1163 2006 1237 2049 gula
1268 2006 1307 2039 de
1343 2016 1408 2039 non
1445 2005 1662 2039 concedendis
1691 2006 1904 2049 indulgentiis

1163 2060 1202 2092 ad
1240 2059 1359 2099 instar,
1385 2058 1519 2102 aliisque
1555 2059 1905 2112 constitutionibusvet

1162 2112 1423 2146 ordinationibus
1448 2112 1646 2155 apostolicis,
1665 2122 1800 2153 necnon,
1827 2123 1905 2156 qua-

1165 2170 1256 2198 tenus
1273 2175 1354 2209 opus
1373 2166 1421 2205 sit,
1440 2165 1569 2198 Ordinis
1593 2165 1788 2206 huiusmodi,
1806 2166 1903 2200 etiam

1163 2219 1352 2259 iuramento,
1379 2218 1625 2252 confirmatione
1643 2219 1831 2262 apostolica,
1850 2225 1904 2253 aut

1163 2273 1273 2316 quavis
1300 2272 1450 2305 firmitate
1475 2272 1538 2305 alia
1564 2272 1740 2312 roboratis,
1771 2273 1903 2307 statutis

1163 2331 1195 2358 et
1219 2325 1526 2366 consuetudinibus,
1552 2325 1733 2369 privilegiis
1758 2337 1902 2370 quoque,

1163 2377 1297 2411 indultis
1316 2381 1345 2411 et
1363 2378 1478 2411 litteris
1504 2379 1693 2422 apostolicis
1713 2379 1745 2412 in
1771 2385 1902 2413 contra-

1163 2432 1243 2464 rium
1276 2431 1531 2474 praemissorum
1561 2432 1807 2476 quomodolibet
1831 2443 1903 2466 eon-

1162 2484 1271 2523 cessis,
1296 2484 1493 2517 confirmatis
1519 2489 1551 2518 et
1575 2485 1755 2526 innovatis;
1782 2485 1902 2533 quibps

382 2544 417 2570 ut
442 2537 600 2571 eiusmodi
628 2538 799 2581 utriusque
825 2548 920 2570 sexus
946 2537 1120 2570 confrater·
1162 2538 1312 2571 omnibus
1349 2543 1380 2571 et
1414 2538 1572 2581 singulis,
1606 2538 1736 2572 illorum
1774 2543 1901 2573 tenores

381 2590 499 2624 nit-ates
524 2591 670 2624 eiusdem
697 2590 971 2626 denominationis
1007 2595 1039 2625 et
1071 2591 1119 2624 in·
1161 2591 1388 2638 praesentibus
1413 2601 1472 2636 pro
1504 2593 1603 2635 plene
1635 2597 1666 2625 et
1703 2591 1901 2626 sufficienter

1908 199 1956 223 Aa.
1971 197 1998 224 C.
2022 196 2089 225 ¹73³

1939 1159 2060 1182 clausulae.
