<?xml version="1.0" encoding="UTF-8"?>
<!DOCTYPE html PUBLIC "-//W3C//DTD XHTML 1.0 Transitional//EN"
    "http://www.w3.org/TR/xhtml1/DTD/xhtml1-transitional.dtd">
<html xmlns="http://www.w3.org/1999/xhtml" xml:lang="en" lang="en">
 <head>
  <title>
</title>
<meta http-equiv="Content-Type" content="text/html;charset=utf-8" />
  <meta name='ocr-system' content='tesseract 3.04.00' />
  <meta name='ocr-capabilities' content='ocr_page ocr_carea ocr_par ocr_line ocrx_word'/>
</head>
<body>
  <div class='ocr_page' id='page_1' title='image "./bullarumdiplomat23cath_0615.png"; bbox 0 0 2182 3137; ppageno 0'>
   <div class='ocr_carea' id='block_1_1' title="bbox 63 251 242 283">
    <p class='ocr_par' dir='ltr' id='par_1_1' title="bbox 63 251 242 283">
     <span class='ocr_line' id='line_1_1' title="bbox 63 251 242 283; baseline -0.028 0"><span class='ocrx_word' id='word_1_1' title='bbox 63 257 111 283; x_wconf 75' lang='lat' dir='ltr'>An.</span> <span class='ocrx_word' id='word_1_2' title='bbox 127 253 155 280; x_wconf 87' lang='lat' dir='ltr'>G.</span> <span class='ocrx_word' id='word_1_3' title='bbox 177 251 242 279; x_wconf 68' lang='lat'>1734</span> 
     </span>
    </p>
   </div>
   <div class='ocr_carea' id='block_1_2' title="bbox 63 739 243 841">
    <p class='ocr_par' dir='ltr' id='par_1_2' title="bbox 63 739 243 841">
     <span class='ocr_line' id='line_1_2' title="bbox 80 739 243 760; baseline -0.006 0"><span class='ocrx_word' id='word_1_4' title='bbox 80 740 147 760; x_wconf 85' lang='lat' dir='ltr'>Tenor</span> <span class='ocrx_word' id='word_1_5' title='bbox 162 739 243 759; x_wconf 75' lang='lat' dir='ltr'>littera-</span> 
     </span>
     <span class='ocr_line' id='line_1_3' title="bbox 63 766 243 792; baseline -0.017 -4"><span class='ocrx_word' id='word_1_6' title='bbox 63 773 105 788; x_wconf 81' lang='lat' dir='ltr'>rum</span> <span class='ocrx_word' id='word_1_7' title='bbox 122 766 197 792; x_wconf 75' lang='lat' dir='ltr'>quibus</span> <span class='ocrx_word' id='word_1_8' title='bbox 213 766 243 785; x_wconf 84' lang='lat' dir='ltr'>di-</span> 
     </span>
     <span class='ocr_line' id='line_1_4' title="bbox 64 793 243 814; baseline -0.011 0"><span class='ocrx_word' id='word_1_9' title='bbox 64 796 96 814; x_wconf 75' lang='lat' dir='ltr'>cta</span> <span class='ocrx_word' id='word_1_10' title='bbox 120 793 243 813; x_wconf 73' lang='lat' dir='ltr'>conceditur</span> 
     </span>
     <span class='ocr_line' id='line_1_5' title="bbox 63 819 159 841; baseline 0 0"><span class='ocrx_word' id='word_1_11' title='bbox 63 819 159 841; x_wconf 58' lang='lat' dir='ltr'>facultas.</span> 
     </span>
    </p>
   </div>
   <div class='ocr_carea' id='block_1_3' title="bbox 0 0 57 2815">
    <p class='ocr_par' dir='ltr' id='par_1_3' title="bbox 0 0 57 2815">
     <span class='ocr_line' id='line_1_6' title="bbox 0 0 57 2815; baseline 0 0"><span class='ocrx_word' id='word_1_12' title='bbox 0 0 57 2815; x_wconf 95' lang='lat' dir='ltr'> </span> 
     </span>
    </p>
   </div>
   <div class='ocr_carea' id='block_1_4' title="bbox 872 245 1152 269">
    <p class='ocr_par' dir='ltr' id='par_1_4' title="bbox 872 245 1152 269">
     <span class='ocr_line' id='line_1_7' title="bbox 872 245 1152 269; baseline 0 0"><span class='ocrx_word' id='word_1_13' title='bbox 872 245 1012 269; x_wconf 82' lang='lat' dir='ltr'><strong>CLEMENS</strong></span> <span class='ocrx_word' id='word_1_14' title='bbox 1037 245 1080 269; x_wconf 83' lang='lat' dir='ltr'>xn</span> <span class='ocrx_word' id='word_1_15' title='bbox 1104 246 1152 269; x_wconf 77' lang='lat' dir='ltr'>PF.</span> 
     </span>
    </p>
   </div>
   <div class='ocr_carea' id='block_1_5' title="bbox 253 295 990 343">
    <p class='ocr_par' dir='ltr' id='par_1_5' title="bbox 253 295 990 343">
     <span class='ocr_line' id='line_1_8' title="bbox 253 295 990 343; baseline -0.011 -10"><span class='ocrx_word' id='word_1_16' title='bbox 253 298 498 343; x_wconf 77' lang='lat' dir='ltr'>appellatione,</span> <span class='ocrx_word' id='word_1_17' title='bbox 523 295 755 330; x_wconf 70' lang='lat' dir='ltr'>reclamatione</span> <span class='ocrx_word' id='word_1_18' title='bbox 792 300 823 327; x_wconf 90' lang='lat' dir='ltr'>et</span> <span class='ocrx_word' id='word_1_19' title='bbox 858 304 990 327; x_wconf 89' lang='lat' dir='ltr'>recursu</span> 
     </span>
    </p>
   </div>
   <div class='ocr_carea' id='block_1_6' title="bbox 253 347 1013 448">
    <p class='ocr_par' dir='ltr' id='par_1_6' title="bbox 253 347 1013 448">
     <span class='ocr_line' id='line_1_9' title="bbox 253 347 1013 395; baseline -0.011 -10"><span class='ocrx_word' id='word_1_20' title='bbox 253 353 388 385; x_wconf 91' lang='lat' dir='ltr'>omnino</span> <span class='ocrx_word' id='word_1_21' title='bbox 413 350 619 395; x_wconf 83' lang='lat' dir='ltr'>posthabitis,</span> <span class='ocrx_word' id='word_1_22' title='bbox 642 347 834 392; x_wconf 78' lang='lat' dir='ltr'>exequendi,</span> <span class='ocrx_word' id='word_1_23' title='bbox 860 347 990 390; x_wconf 83' lang='lat' dir='ltr'>plenam</span> <span class='ocrx_word' id='word_1_24' title='bbox 1011 360 1013 390; x_wconf 45' lang='grc' dir='ltr'>ξ</span> 
     </span>
     <span class='ocr_line' id='line_1_10' title="bbox 254 401 1013 448; baseline -0.012 -9"><span class='ocrx_word' id='word_1_25' title='bbox 254 411 286 439; x_wconf 92' lang='lat' dir='ltr'>et</span> <span class='ocrx_word' id='word_1_26' title='bbox 311 406 446 439; x_wconf 79' lang='lat' dir='ltr'>liberam</span> <span class='ocrx_word' id='word_1_27' title='bbox 470 405 652 438; x_wconf 82' lang='lat' dir='ltr'>facultatem</span> <span class='ocrx_word' id='word_1_28' title='bbox 670 408 701 435; x_wconf 91' lang='lat' dir='ltr'>et</span> <span class='ocrx_word' id='word_1_29' title='bbox 725 405 920 445; x_wconf 84' lang='lat' dir='ltr'>potestatem</span> <span class='ocrx_word' id='word_1_30' title='bbox 938 401 992 432; x_wconf 78' lang='lat' dir='ltr'>sua</span> <span class='ocrx_word' id='word_1_31' title='bbox 1012 437 1013 448; x_wconf 16' lang='grc' dir='ltr'>γ</span> 
     </span>
    </p>
   </div>
   <div class='ocr_carea' id='block_1_7' title="bbox 253 453 992 498">
    <p class='ocr_par' dir='ltr' id='par_1_7' title="bbox 253 453 992 498">
     <span class='ocr_line' id='line_1_11' title="bbox 253 453 992 498; baseline -0.011 -6"><span class='ocrx_word' id='word_1_32' title='bbox 253 459 447 492; x_wconf 83' lang='lat' dir='ltr'>auctoritate</span> <span class='ocrx_word' id='word_1_33' title='bbox 464 456 663 491; x_wconf 69' lang='lat' dir='ltr'>concesserit</span> <span class='ocrx_word' id='word_1_34' title='bbox 679 461 710 489; x_wconf 91' lang='lat' dir='ltr'>et</span> <span class='ocrx_word' id='word_1_35' title='bbox 730 454 912 498; x_wconf 89' lang='lat' dir='ltr'>impertitus</span> <span class='ocrx_word' id='word_1_36' title='bbox 932 453 992 485; x_wconf 78' lang='lat' dir='ltr'>sue-</span> 
     </span>
    </p>
   </div>
   <div class='ocr_carea' id='block_1_8' title="bbox 251 507 1014 554">
    <p class='ocr_par' dir='ltr' id='par_1_8' title="bbox 251 507 1014 554">
     <span class='ocr_line' id='line_1_12' title="bbox 251 507 1014 554; baseline -0.01 -9"><span class='ocrx_word' id='word_1_37' title='bbox 251 513 306 553; x_wconf 80' lang='lat' dir='ltr'>rit3</span> <span class='ocrx_word' id='word_1_38' title='bbox 325 523 361 546; x_wconf 88' lang='lat' dir='ltr'>ac</span> <span class='ocrx_word' id='word_1_39' title='bbox 378 512 464 552; x_wconf 77' lang='lat' dir='ltr'>alias,</span> <span class='ocrx_word' id='word_1_40' title='bbox 479 516 575 554; x_wconf 89' lang='lat' dir='ltr'>prout</span> <span class='ocrx_word' id='word_1_41' title='bbox 592 510 624 543; x_wconf 92' lang='lat' dir='ltr'>in</span> <span class='ocrx_word' id='word_1_42' title='bbox 642 509 712 543; x_wconf 88' lang='lat' dir='ltr'>aliis</span> <span class='ocrx_word' id='word_1_43' title='bbox 730 507 845 542; x_wconf 85' lang='lat' dir='ltr'>litteris</span> <span class='ocrx_word' id='word_1_44' title='bbox 862 511 990 549; x_wconf 88' lang='lat' dir='ltr'>aposto·</span> <span class='ocrx_word' id='word_1_45' title='bbox 1012 521 1014 547; x_wconf 34' lang='grc' dir='ltr'>χι</span> 
     </span>
    </p>
   </div>
   <div class='ocr_carea' id='block_1_9' title="bbox 253 559 994 813">
    <p class='ocr_par' dir='ltr' id='par_1_9' title="bbox 254 559 993 716">
     <span class='ocr_line' id='line_1_13' title="bbox 254 559 992 600; baseline -0.011 -1"><span class='ocrx_word' id='word_1_46' title='bbox 254 567 324 600; x_wconf 89' lang='lat' dir='ltr'>licis</span> <span class='ocrx_word' id='word_1_47' title='bbox 349 566 382 599; x_wconf 92' lang='lat' dir='ltr'>in</span> <span class='ocrx_word' id='word_1_48' title='bbox 407 566 510 599; x_wconf 78' lang='lat' dir='ltr'>forma</span> <span class='ocrx_word' id='word_1_49' title='bbox 530 564 638 598; x_wconf 88' lang='lat' dir='ltr'>Brevis</span> <span class='ocrx_word' id='word_1_50' title='bbox 662 563 721 596; x_wconf 88' lang='lat' dir='ltr'>sub</span> <span class='ocrx_word' id='word_1_51' title='bbox 747 561 867 594; x_wconf 89' lang='lat' dir='ltr'>annulo</span> <span class='ocrx_word' id='word_1_52' title='bbox 887 559 992 592; x_wconf 88' lang='lat' dir='ltr'>Pisca-</span> 
     </span>
     <span class='ocr_line' id='line_1_14' title="bbox 254 612 993 662; baseline -0.012 -9"><span class='ocrx_word' id='word_1_53' title='bbox 254 619 334 653; x_wconf 88' lang='lat' dir='ltr'>toris</span> <span class='ocrx_word' id='word_1_54' title='bbox 358 618 527 662; x_wconf 86' lang='lat' dir='ltr'>expeditis,</span> <span class='ocrx_word' id='word_1_55' title='bbox 545 617 672 662; x_wconf 79' lang='lat' dir='ltr'>plenius</span> <span class='ocrx_word' id='word_1_56' title='bbox 693 621 724 649; x_wconf 89' lang='lat' dir='ltr'>et</span> <span class='ocrx_word' id='word_1_57' title='bbox 742 614 874 647; x_wconf 83' lang='lat' dir='ltr'>uberius</span> <span class='ocrx_word' id='word_1_58' title='bbox 892 612 993 646; x_wconf 89' lang='lat' dir='ltr'>conti-</span> 
     </span>
     <span class='ocr_line' id='line_1_15' title="bbox 254 666 977 716; baseline -0.012 -10"><span class='ocrx_word' id='word_1_59' title='bbox 254 679 365 713; x_wconf 90' lang='lat' dir='ltr'>netur,</span> <span class='ocrx_word' id='word_1_60' title='bbox 390 682 524 716; x_wconf 90' lang='lat' dir='ltr'>quarum</span> <span class='ocrx_word' id='word_1_61' title='bbox 550 676 645 704; x_wconf 88' lang='lat' dir='ltr'>tenor</span> <span class='ocrx_word' id='word_1_62' title='bbox 670 674 717 702; x_wconf 91' lang='lat' dir='ltr'>est</span> <span class='ocrx_word' id='word_1_63' title='bbox 741 667 794 711; x_wconf 87' lang='lat' dir='ltr'>qui</span> <span class='ocrx_word' id='word_1_64' title='bbox 819 666 977 709; x_wconf 82' lang='lat' dir='ltr'>sequitur:</span> 
     </span>
    </p>

    <p class='ocr_par' dir='ltr' id='par_1_10' title="bbox 253 719 994 813">
     <span class='ocr_line' id='line_1_16' title="bbox 299 719 992 768; baseline -0.013 -9"><span class='ocrx_word' id='word_1_65' title='bbox 299 726 443 760; x_wconf 81' lang='lat' dir='ltr'><em>Clemens</em></span> <span class='ocrx_word' id='word_1_66' title='bbox 462 726 557 768; x_wconf 82' lang='lat' dir='ltr'>Papa</span> <span class='ocrx_word' id='word_1_67' title='bbox 579 722 671 761; x_wconf 89' lang='lat' dir='ltr'><em>VIII,</em></span> <span class='ocrx_word' id='word_1_68' title='bbox 691 721 817 754; x_wconf 81' lang='lat' dir='ltr'>dilectis</span> <span class='ocrx_word' id='word_1_69' title='bbox 841 719 921 761; x_wconf 79' lang='lat' dir='ltr'>filiis</span> <span class='ocrx_word' id='word_1_70' title='bbox 938 729 992 751; x_wconf 80' lang='lat' dir='ltr'>no-</span> 
     </span>
     <span class='ocr_line' id='line_1_17' title="bbox 253 773 994 813; baseline -0.012 0"><span class='ocrx_word' id='word_1_71' title='bbox 253 780 330 812; x_wconf 78' lang='lat' dir='ltr'>stris</span> <span class='ocrx_word' id='word_1_72' title='bbox 353 779 498 813; x_wconf 78' lang='lat' dir='ltr'>Antonio</span> <span class='ocrx_word' id='word_1_73' title='bbox 515 777 640 810; x_wconf 76' lang='lat' dir='ltr'>Mariae</span> <span class='ocrx_word' id='word_1_74' title='bbox 661 775 692 809; x_wconf 89' lang='lat' dir='ltr'>S.</span> <span class='ocrx_word' id='word_1_75' title='bbox 713 774 839 808; x_wconf 76' lang='lat' dir='ltr'>Mariae</span> <span class='ocrx_word' id='word_1_76' title='bbox 856 773 892 805; x_wconf 85' lang='lat' dir='ltr'>cle</span> <span class='ocrx_word' id='word_1_77' title='bbox 910 773 994 805; x_wconf 84' lang='lat' dir='ltr'>Pace</span> 
     </span>
    </p>
   </div>
   <div class='ocr_carea' id='block_1_10' title="bbox 254 826 1014 872">
    <p class='ocr_par' dir='ltr' id='par_1_11' title="bbox 254 826 1014 872">
     <span class='ocr_line' id='line_1_18' title="bbox 254 826 1014 872; baseline -0.011 -7"><span class='ocrx_word' id='word_1_78' title='bbox 254 833 412 872; x_wconf 72' lang='lat' dir='ltr'>Saluiam,</span> <span class='ocrx_word' id='word_1_79' title='bbox 439 842 475 864; x_wconf 80' lang='lat' dir='ltr'>ac</span> <span class='ocrx_word' id='word_1_80' title='bbox 500 831 651 863; x_wconf 76' lang='lat' dir='ltr'>Mariano</span> <span class='ocrx_word' id='word_1_81' title='bbox 676 829 724 862; x_wconf 86' lang='lat' dir='ltr'>Ss.</span> <span class='ocrx_word' id='word_1_82' title='bbox 753 826 942 860; x_wconf 75' lang='lat' dir='ltr'><em>Marcellini</em></span> <span class='ocrx_word' id='word_1_83' title='bbox 966 829 1014 858; x_wconf 65' lang='lat' dir='ltr'>el*-</span> 
     </span>
    </p>
   </div>
   <div class='ocr_carea' id='block_1_11' title="bbox 254 880 989 927">
    <p class='ocr_par' dir='ltr' id='par_1_12' title="bbox 254 880 989 927">
     <span class='ocr_line' id='line_1_19' title="bbox 254 880 989 927; baseline -0.011 -9"><span class='ocrx_word' id='word_1_84' title='bbox 254 885 347 919; x_wconf 80' lang='lat' dir='ltr'>Pelri</span> <span class='ocrx_word' id='word_1_85' title='bbox 379 883 468 917; x_wconf 78' lang='lat' dir='ltr'>tituli</span> <span class='ocrx_word' id='word_1_86' title='bbox 500 882 695 927; x_wconf 75' lang='lat' dir='ltr'>presbyteris</span> <span class='ocrx_word' id='word_1_87' title='bbox 734 881 770 913; x_wconf 76' lang='lat' dir='ltr'>cle</span> <span class='ocrx_word' id='word_1_88' title='bbox 807 880 989 919; x_wconf 80' lang='lat' dir='ltr'>Camerino,</span> 
     </span>
    </p>
   </div>
   <div class='ocr_carea' id='block_1_12' title="bbox 254 934 1546 1023">
    <p class='ocr_par' dir='ltr' id='par_1_13' title="bbox 254 934 1546 1023">
     <span class='ocr_line' id='line_1_20' title="bbox 254 934 1014 972; baseline -0.011 0"><span class='ocrx_word' id='word_1_89' title='bbox 254 943 283 972; x_wconf 85' lang='lat' dir='ltr'>el</span> <span class='ocrx_word' id='word_1_90' title='bbox 306 938 495 972; x_wconf 72' lang='lat' dir='ltr'>Alexandro</span> <span class='ocrx_word' id='word_1_91' title='bbox 520 937 553 970; x_wconf 91' lang='lat' dir='ltr'>S.</span> <span class='ocrx_word' id='word_1_92' title='bbox 580 935 753 969; x_wconf 76' lang='lat' dir='ltr'>Laurentii</span> <span class='ocrx_word' id='word_1_93' title='bbox 788 935 822 967; x_wconf 79' lang='lat' dir='ltr'>in</span> <span class='ocrx_word' id='word_1_94' title='bbox 853 934 1014 966; x_wconf 80' lang='lat' dir='ltr'>Damaso·</span> 
     </span>
     <span class='ocr_line' id='line_1_21' title="bbox 1013 984 1546 1023; baseline 0 -7"><span class='ocrx_word' id='word_1_95' title='bbox 1013 996 1014 999; x_wconf 48' lang='lat'>¹</span> <span class='ocrx_word' id='word_1_96' title='bbox 1036 984 1294 1017; x_wconf 88' lang='lat' dir='ltr'>iurisdictionem</span> <span class='ocrx_word' id='word_1_97' title='bbox 1335 988 1521 1017; x_wconf 78' lang='lat' dir='ltr'><strong>exercentes</strong></span> <span class='ocrx_word' id='word_1_98' title='bbox 1539 1010 1546 1023; x_wconf 91' lang='lat'>,</span> 
     </span>
    </p>
   </div>
   <div class='ocr_carea' id='block_1_13' title="bbox 254 987 994 1298">
    <p class='ocr_par' dir='ltr' id='par_1_14' title="bbox 254 987 994 1298">
     <span class='ocr_line' id='line_1_22' title="bbox 255 987 993 1031; baseline -0.009 -6"><span class='ocrx_word' id='word_1_99' title='bbox 255 992 402 1031; x_wconf 82' lang='lat' dir='ltr'>diacono,</span> <span class='ocrx_word' id='word_1_100' title='bbox 430 989 668 1029; x_wconf 79' lang='lat' dir='ltr'><em>cardinalibus,</em></span> <span class='ocrx_word' id='word_1_101' title='bbox 686 987 845 1021; x_wconf 69' lang='lat' dir='ltr'>Montano</span> <span class='ocrx_word' id='word_1_102' title='bbox 870 996 993 1019; x_wconf 76' lang='lat' dir='ltr'>auncu-</span> 
     </span>
     <span class='ocr_line' id='line_1_23' title="bbox 254 1042 993 1090; baseline -0.009 -11"><span class='ocrx_word' id='word_1_103' title='bbox 254 1046 354 1090; x_wconf 83' lang='lat' dir='ltr'>palis.</span> <span class='ocrx_word' id='word_1_104' title='bbox 381 1045 458 1079; x_wconf 92' lang='lat' dir='ltr'>Cum</span> <span class='ocrx_word' id='word_1_105' title='bbox 486 1055 546 1088; x_wconf 90' lang='lat' dir='ltr'>per</span> <span class='ocrx_word' id='word_1_106' title='bbox 577 1042 865 1079; x_wconf 90' lang='lat' dir='ltr'>constitutionem,</span> <span class='ocrx_word' id='word_1_107' title='bbox 890 1051 993 1083; x_wconf 82' lang='lat' dir='ltr'>nuper</span> 
     </span>
     <span class='ocr_line' id='line_1_24' title="bbox 258 1094 993 1141; baseline -0.01 -8"><span class='ocrx_word' id='word_1_108' title='bbox 258 1111 274 1133; x_wconf 90' lang='lat' dir='ltr'>a</span> <span class='ocrx_word' id='word_1_109' title='bbox 293 1100 387 1133; x_wconf 89' lang='lat' dir='ltr'>nobis</span> <span class='ocrx_word' id='word_1_110' title='bbox 413 1098 530 1132; x_wconf 85' lang='lat' dir='ltr'>editam</span> <span class='ocrx_word' id='word_1_111' title='bbox 557 1107 653 1141; x_wconf 88' lang='lat' dir='ltr'>super</span> <span class='ocrx_word' id='word_1_112' title='bbox 678 1097 764 1129; x_wconf 88' lang='lat' dir='ltr'>bono</span> <span class='ocrx_word' id='word_1_113' title='bbox 790 1094 947 1138; x_wconf 80' lang='lat' dir='ltr'>regimine</span> <span class='ocrx_word' id='word_1_114' title='bbox 963 1100 993 1127; x_wconf 92' lang='lat' dir='ltr'>et</span> 
     </span>
     <span class='ocr_line' id='line_1_25' title="bbox 259 1148 992 1187; baseline -0.01 0"><span class='ocrx_word' id='word_1_115' title='bbox 259 1153 537 1187; x_wconf 74' lang='lat' dir='ltr'>administratione</span> <span class='ocrx_word' id='word_1_116' title='bbox 569 1151 755 1184; x_wconf 72' lang='lat' dir='ltr'>reddituum</span> <span class='ocrx_word' id='word_1_117' title='bbox 779 1148 992 1182; x_wconf 87' lang='lat' dir='ltr'>communita-</span> 
     </span>
     <span class='ocr_line' id='line_1_26' title="bbox 259 1201 994 1246; baseline -0.008 -6"><span class='ocrx_word' id='word_1_118' title='bbox 259 1214 325 1240; x_wconf 89' lang='lat' dir='ltr'>tum</span> <span class='ocrx_word' id='word_1_119' title='bbox 351 1211 383 1240; x_wconf 88' lang='lat' dir='ltr'>et</span> <span class='ocrx_word' id='word_1_120' title='bbox 397 1206 641 1239; x_wconf 68' lang='lat' dir='ltr'>universitatum</span> <span class='ocrx_word' id='word_1_121' title='bbox 661 1203 789 1237; x_wconf 90' lang='lat' dir='ltr'>ditionis</span> <span class='ocrx_word' id='word_1_122' title='bbox 806 1201 994 1246; x_wconf 87' lang='lat' dir='ltr'>temporalis</span> 
     </span>
     <span class='ocr_line' id='line_1_27' title="bbox 259 1255 993 1298; baseline -0.008 -4"><span class='ocrx_word' id='word_1_123' title='bbox 259 1259 495 1294; x_wconf 86' lang='lat' dir='ltr'>ecclesiastieae</span> <span class='ocrx_word' id='word_1_124' title='bbox 518 1258 699 1297; x_wconf 86' lang='lat' dir='ltr'>universae,</span> <span class='ocrx_word' id='word_1_125' title='bbox 723 1257 808 1288; x_wconf 89' lang='lat' dir='ltr'>inter</span> <span class='ocrx_word' id='word_1_126' title='bbox 825 1255 887 1288; x_wconf 88' lang='lat' dir='ltr'>alia</span> <span class='ocrx_word' id='word_1_127' title='bbox 907 1266 993 1298; x_wconf 87' lang='lat' dir='ltr'>prae·</span> 
     </span>
    </p>
   </div>
   <div class='ocr_carea' id='block_1_14' title="bbox 260 1308 1015 1356">
    <p class='ocr_par' dir='ltr' id='par_1_15' title="bbox 260 1308 1015 1356">
     <span class='ocr_line' id='line_1_28' title="bbox 260 1308 1015 1356; baseline -0.008 -10"><span class='ocrx_word' id='word_1_128' title='bbox 260 1313 459 1356; x_wconf 83' lang='lat' dir='ltr'>ceperimus,</span> <span class='ocrx_word' id='word_1_129' title='bbox 485 1317 519 1344; x_wconf 92' lang='lat' dir='ltr'>ut</span> <span class='ocrx_word' id='word_1_130' title='bbox 556 1311 660 1343; x_wconf 86' lang='lat' dir='ltr'>cuncti</span> <span class='ocrx_word' id='word_1_131' title='bbox 694 1320 802 1342; x_wconf 85' lang='lat' dir='ltr'>earum</span> <span class='ocrx_word' id='word_1_132' title='bbox 829 1308 1015 1350; x_wconf 74' lang='lat' dir='ltr'>debitores</span> 
     </span>
    </p>
   </div>
   <div class='ocr_carea' id='block_1_15' title="bbox 259 1362 998 2741">
    <p class='ocr_par' dir='ltr' id='par_1_16' title="bbox 259 1362 998 2741">
     <span class='ocr_line' id='line_1_29' title="bbox 259 1362 994 1407; baseline -0.01 -7"><span class='ocrx_word' id='word_1_133' title='bbox 259 1367 298 1400; x_wconf 86' lang='lat' dir='ltr'>ad</span> <span class='ocrx_word' id='word_1_134' title='bbox 323 1366 513 1399; x_wconf 91' lang='lat' dir='ltr'>solvendum</span> <span class='ocrx_word' id='word_1_135' title='bbox 538 1364 579 1403; x_wconf 93' lang='lat' dir='ltr'>id,</span> <span class='ocrx_word' id='word_1_136' title='bbox 606 1364 693 1407; x_wconf 88' lang='lat' dir='ltr'>quod</span> <span class='ocrx_word' id='word_1_137' title='bbox 721 1362 851 1401; x_wconf 89' lang='lat' dir='ltr'>debent,</span> <span class='ocrx_word' id='word_1_138' title='bbox 871 1372 929 1404; x_wconf 89' lang='lat' dir='ltr'>per</span> <span class='ocrx_word' id='word_1_139' title='bbox 947 1372 994 1394; x_wconf 86' lang='lat' dir='ltr'>ea-</span> 
     </span>
     <span class='ocr_line' id='line_1_30' title="bbox 260 1416 991 1463; baseline -0.008 -9"><span class='ocrx_word' id='word_1_140' title='bbox 260 1431 332 1454; x_wconf 88' lang='lat' dir='ltr'>rum</span> <span class='ocrx_word' id='word_1_141' title='bbox 355 1421 491 1463; x_wconf 82' lang='lat' dir='ltr'>legatos,</span> <span class='ocrx_word' id='word_1_142' title='bbox 519 1418 725 1460; x_wconf 83' lang='lat' dir='ltr'>vicelegatos,</span> <span class='ocrx_word' id='word_1_143' title='bbox 746 1416 991 1459; x_wconf 79' lang='lat' dir='ltr'>gubernatores,</span> 
     </span>
     <span class='ocr_line' id='line_1_31' title="bbox 260 1470 995 1518; baseline -0.008 -10"><span class='ocrx_word' id='word_1_144' title='bbox 260 1473 427 1518; x_wconf 83' lang='lat' dir='ltr'>praesides</span> <span class='ocrx_word' id='word_1_145' title='bbox 460 1478 514 1505; x_wconf 88' lang='lat' dir='ltr'>aut</span> <span class='ocrx_word' id='word_1_146' title='bbox 549 1475 725 1514; x_wconf 82' lang='lat' dir='ltr'>potestates</span> <span class='ocrx_word' id='word_1_147' title='bbox 760 1470 909 1503; x_wconf 89' lang='lat' dir='ltr'>omnibus</span> <span class='ocrx_word' id='word_1_148' title='bbox 941 1479 995 1511; x_wconf 91' lang='lat' dir='ltr'>op-</span> 
     </span>
     <span class='ocr_line' id='line_1_32' title="bbox 261 1522 994 1572; baseline -0.01 -11"><span class='ocrx_word' id='word_1_149' title='bbox 261 1527 410 1572; x_wconf 88' lang='lat' dir='ltr'>portunis</span> <span class='ocrx_word' id='word_1_150' title='bbox 427 1526 505 1558; x_wconf 89' lang='lat' dir='ltr'>iuris</span> <span class='ocrx_word' id='word_1_151' title='bbox 522 1530 555 1558; x_wconf 90' lang='lat' dir='ltr'>et</span> <span class='ocrx_word' id='word_1_152' title='bbox 572 1524 643 1557; x_wconf 78' lang='lat' dir='ltr'>sacti</span> <span class='ocrx_word' id='word_1_153' title='bbox 662 1523 813 1556; x_wconf 84' lang='lat' dir='ltr'>remediis</span> <span class='ocrx_word' id='word_1_154' title='bbox 834 1522 994 1566; x_wconf 88' lang='lat' dir='ltr'>quampri-</span> 
     </span>
     <span class='ocr_line' id='line_1_33' title="bbox 261 1576 995 1621; baseline -0.01 -7"><span class='ocrx_word' id='word_1_155' title='bbox 261 1591 348 1614; x_wconf 89' lang='lat' dir='ltr'>mum</span> <span class='ocrx_word' id='word_1_156' title='bbox 374 1579 506 1613; x_wconf 90' lang='lat' dir='ltr'>omnino</span> <span class='ocrx_word' id='word_1_157' title='bbox 532 1577 787 1621; x_wconf 73' lang='lat' dir='ltr'>compellantur,</span> <span class='ocrx_word' id='word_1_158' title='bbox 824 1576 917 1608; x_wconf 90' lang='lat' dir='ltr'>multi</span> <span class='ocrx_word' id='word_1_159' title='bbox 943 1586 995 1608; x_wconf 90' lang='lat' dir='ltr'>au-</span> 
     </span>
     <span class='ocr_line' id='line_1_34' title="bbox 262 1629 994 1676; baseline -0.01 -9"><span class='ocrx_word' id='word_1_160' title='bbox 262 1639 325 1667; x_wconf 91' lang='lat' dir='ltr'>tem</span> <span class='ocrx_word' id='word_1_161' title='bbox 350 1643 387 1666; x_wconf 87' lang='lat' dir='ltr'>ex</span> <span class='ocrx_word' id='word_1_162' title='bbox 409 1632 486 1676; x_wconf 90' lang='lat' dir='ltr'>ipsis</span> <span class='ocrx_word' id='word_1_163' title='bbox 503 1630 702 1664; x_wconf 87' lang='lat' dir='ltr'>debitoribus</span> <span class='ocrx_word' id='word_1_164' title='bbox 718 1629 943 1673; x_wconf 87' lang='lat' dir='ltr'>praetendant,</span> <span class='ocrx_word' id='word_1_165' title='bbox 961 1639 994 1661; x_wconf 92' lang='lat' dir='ltr'>se</span> 
     </span>
     <span class='ocr_line' id='line_1_35' title="bbox 261 1683 994 1727; baseline -0.008 -7"><span class='ocrx_word' id='word_1_166' title='bbox 261 1698 328 1721; x_wconf 90' lang='lat' dir='ltr'>non</span> <span class='ocrx_word' id='word_1_167' title='bbox 352 1685 468 1725; x_wconf 89' lang='lat' dir='ltr'>teneri,</span> <span class='ocrx_word' id='word_1_168' title='bbox 486 1695 546 1718; x_wconf 88' lang='lat' dir='ltr'>nec</span> <span class='ocrx_word' id='word_1_169' title='bbox 566 1685 673 1717; x_wconf 86' lang='lat' dir='ltr'>debita</span> <span class='ocrx_word' id='word_1_170' title='bbox 690 1683 758 1727; x_wconf 85' lang='lat' dir='ltr'>ipsa</span> <span class='ocrx_word' id='word_1_171' title='bbox 776 1683 896 1726; x_wconf 86' lang='lat' dir='ltr'>liquida</span> <span class='ocrx_word' id='word_1_172' title='bbox 914 1693 994 1722; x_wconf 80' lang='lat' dir='ltr'>esse,</span> 
     </span>
     <span class='ocr_line' id='line_1_36' title="bbox 263 1736 994 1779; baseline -0.01 -5"><span class='ocrx_word' id='word_1_173' title='bbox 263 1747 335 1774; x_wconf 79' lang='lat' dir='ltr'>et&#39;a</span> <span class='ocrx_word' id='word_1_174' title='bbox 358 1738 517 1773; x_wconf 87' lang='lat' dir='ltr'>mandatis</span> <span class='ocrx_word' id='word_1_175' title='bbox 542 1748 599 1771; x_wconf 89' lang='lat' dir='ltr'>seu</span> <span class='ocrx_word' id='word_1_176' title='bbox 624 1736 806 1776; x_wconf 80' lang='lat' dir='ltr'>sententiis,</span> <span class='ocrx_word' id='word_1_177' title='bbox 824 1746 881 1779; x_wconf 90' lang='lat' dir='ltr'>per</span> <span class='ocrx_word' id='word_1_178' title='bbox 903 1746 994 1779; x_wconf 86' lang='lat' dir='ltr'>prae-</span> 
     </span>
     <span class='ocr_line' id='line_1_37' title="bbox 263 1788 995 1830; baseline -0.008 -3"><span class='ocrx_word' id='word_1_179' title='bbox 263 1793 365 1827; x_wconf 85' lang='lat' dir='ltr'>dictos</span> <span class='ocrx_word' id='word_1_180' title='bbox 385 1792 507 1825; x_wconf 88' lang='lat' dir='ltr'>iudices</span> <span class='ocrx_word' id='word_1_181' title='bbox 525 1790 682 1830; x_wconf 81' lang='lat' dir='ltr'>relaxatis,</span> <span class='ocrx_word' id='word_1_182' title='bbox 702 1790 739 1822; x_wconf 90' lang='lat' dir='ltr'>ad</span> <span class='ocrx_word' id='word_1_183' title='bbox 756 1799 815 1822; x_wconf 92' lang='lat' dir='ltr'>nos</span> <span class='ocrx_word' id='word_1_184' title='bbox 833 1794 863 1822; x_wconf 90' lang='lat' dir='ltr'>et</span> <span class='ocrx_word' id='word_1_185' title='bbox 880 1788 995 1822; x_wconf 85' lang='lat' dir='ltr'>Sedem</span> 
     </span>
     <span class='ocr_line' id='line_1_38' title="bbox 263 1843 996 1892; baseline -0.008 -11"><span class='ocrx_word' id='word_1_186' title='bbox 263 1846 482 1892; x_wconf 86' lang='lat' dir='ltr'>Apostolicam</span> <span class='ocrx_word' id='word_1_187' title='bbox 507 1845 707 1889; x_wconf 87' lang='lat' dir='ltr'>appellantes</span> <span class='ocrx_word' id='word_1_188' title='bbox 726 1871 733 1884; x_wconf 91' lang='lat'><em>‚</em></span> <span class='ocrx_word' id='word_1_189' title='bbox 757 1853 812 1876; x_wconf 90' lang='lat' dir='ltr'>seu</span> <span class='ocrx_word' id='word_1_190' title='bbox 839 1843 877 1876; x_wconf 91' lang='lat' dir='ltr'>de</span> <span class='ocrx_word' id='word_1_191' title='bbox 902 1843 996 1876; x_wconf 91' lang='lat' dir='ltr'>nulli-</span> 
     </span>
     <span class='ocr_line' id='line_1_39' title="bbox 264 1896 995 1942; baseline -0.01 -7"><span class='ocrx_word' id='word_1_192' title='bbox 264 1907 327 1935; x_wconf 84' lang='lat' dir='ltr'>tate</span> <span class='ocrx_word' id='word_1_193' title='bbox 352 1900 510 1938; x_wconf 81' lang='lat' dir='ltr'>dicentes,</span> <span class='ocrx_word' id='word_1_194' title='bbox 536 1903 662 1942; x_wconf 88' lang='lat' dir='ltr'>petant,</span> <span class='ocrx_word' id='word_1_195' title='bbox 690 1896 911 1930; x_wconf 81' lang='lat' dir='ltr'>executionem</span> <span class='ocrx_word' id='word_1_196' title='bbox 937 1896 995 1928; x_wconf 89' lang='lat' dir='ltr'>hu-</span> 
     </span>
     <span class='ocr_line' id='line_1_40' title="bbox 264 1949 996 1994; baseline -0.01 -6"><span class='ocrx_word' id='word_1_197' title='bbox 264 1953 401 1987; x_wconf 89' lang='lat' dir='ltr'>iusmodi</span> <span class='ocrx_word' id='word_1_198' title='bbox 426 1952 548 1985; x_wconf 87' lang='lat' dir='ltr'>tamdiu</span> <span class='ocrx_word' id='word_1_199' title='bbox 573 1950 738 1994; x_wconf 88' lang='lat' dir='ltr'>suspendi,</span> <span class='ocrx_word' id='word_1_200' title='bbox 764 1949 868 1982; x_wconf 87' lang='lat' dir='ltr'>donec</span> <span class='ocrx_word' id='word_1_201' title='bbox 893 1949 932 1982; x_wconf 90' lang='lat' dir='ltr'>de</span> <span class='ocrx_word' id='word_1_202' title='bbox 953 1949 996 1981; x_wconf 90' lang='lat' dir='ltr'>iu-</span> 
     </span>
     <span class='ocr_line' id='line_1_41' title="bbox 264 2001 994 2050; baseline -0.01 -9"><span class='ocrx_word' id='word_1_203' title='bbox 264 2008 351 2041; x_wconf 70' lang='lat' dir='ltr'>stitia</span> <span class='ocrx_word' id='word_1_204' title='bbox 375 2005 631 2050; x_wconf 85' lang='lat' dir='ltr'>appellationum</span> <span class='ocrx_word' id='word_1_205' title='bbox 656 2008 888 2046; x_wconf 80' lang='lat' dir='ltr'>cognoscatur,</span> <span class='ocrx_word' id='word_1_206' title='bbox 914 2001 994 2042; x_wconf 85' lang='lat' dir='ltr'>alii¹,</span> 
     </span>
     <span class='ocr_line' id='line_1_42' title="bbox 264 2054 995 2102; baseline -0.01 -7"><span class='ocrx_word' id='word_1_207' title='bbox 264 2072 336 2095; x_wconf 86' lang='lat' dir='ltr'>cum</span> <span class='ocrx_word' id='word_1_208' title='bbox 360 2061 415 2101; x_wconf 91' lang='lat' dir='ltr'>id,</span> <span class='ocrx_word' id='word_1_209' title='bbox 446 2054 532 2102; x_wconf 84' lang='lat' dir='ltr'>quod</span> <span class='ocrx_word' id='word_1_210' title='bbox 558 2058 679 2092; x_wconf 84' lang='lat' dir='ltr'>debent</span> <span class='ocrx_word' id='word_1_211' title='bbox 696 2084 703 2098; x_wconf 93' lang='lat'>,</span> <span class='ocrx_word' id='word_1_212' title='bbox 733 2056 995 2100; x_wconf 77' lang='lat' dir='ltr'>tergiversatione</span> 
     </span>
     <span class='ocr_line' id='line_1_43' title="bbox 264 2110 996 2159; baseline -0.011 -10"><span class='ocrx_word' id='word_1_213' title='bbox 264 2115 372 2159; x_wconf 71' lang='lat' dir='ltr'>aliqua</span> <span class='ocrx_word' id='word_1_214' title='bbox 396 2118 559 2157; x_wconf 88' lang='lat' dir='ltr'>nequeant</span> <span class='ocrx_word' id='word_1_215' title='bbox 583 2113 757 2154; x_wconf 83' lang='lat' dir='ltr'>denegare,</span> <span class='ocrx_word' id='word_1_216' title='bbox 776 2110 996 2144; x_wconf 74' lang='lat' dir='ltr'>executionem</span> 
     </span>
     <span class='ocr_line' id='line_1_44' title="bbox 263 2165 994 2206; baseline -0.011 -3"><span class='ocrx_word' id='word_1_217' title='bbox 263 2170 376 2203; x_wconf 88' lang='lat' dir='ltr'>saltem</span> <span class='ocrx_word' id='word_1_218' title='bbox 400 2167 494 2200; x_wconf 87' lang='lat' dir='ltr'>variis</span> <span class='ocrx_word' id='word_1_219' title='bbox 518 2165 639 2199; x_wconf 87' lang='lat' dir='ltr'>artibus</span> <span class='ocrx_word' id='word_1_220' title='bbox 664 2165 795 2198; x_wconf 85' lang='lat' dir='ltr'>eludere</span> <span class='ocrx_word' id='word_1_221' title='bbox 827 2169 994 2206; x_wconf 79' lang='lat' dir='ltr'>satagant3</span> 
     </span>
     <span class='ocr_line' id='line_1_45' title="bbox 266 2217 997 2256; baseline -0.011 0"><span class='ocrx_word' id='word_1_222' title='bbox 266 2228 298 2256; x_wconf 89' lang='lat' dir='ltr'>et</span> <span class='ocrx_word' id='word_1_223' title='bbox 320 2233 361 2256; x_wconf 90' lang='lat' dir='ltr'>ne</span> <span class='ocrx_word' id='word_1_224' title='bbox 385 2222 469 2255; x_wconf 89' lang='lat' dir='ltr'>bona</span> <span class='ocrx_word' id='word_1_225' title='bbox 494 2231 551 2253; x_wconf 90' lang='lat' dir='ltr'>sua</span> <span class='ocrx_word' id='word_1_226' title='bbox 576 2220 686 2252; x_wconf 87' lang='lat' dir='ltr'>hastae</span> <span class='ocrx_word' id='word_1_227' title='bbox 712 2218 826 2251; x_wconf 87' lang='lat' dir='ltr'>subiici</span> <span class='ocrx_word' id='word_1_228' title='bbox 852 2217 997 2256; x_wconf 86' lang='lat' dir='ltr'>videant,</span> 
     </span>
     <span class='ocr_line' id='line_1_46' title="bbox 265 2270 996 2318; baseline -0.011 -8"><span class='ocrx_word' id='word_1_229' title='bbox 265 2277 390 2310; x_wconf 89' lang='lat' dir='ltr'>diversa</span> <span class='ocrx_word' id='word_1_230' title='bbox 402 2273 632 2318; x_wconf 86' lang='lat' dir='ltr'>impedimenta</span> <span class='ocrx_word' id='word_1_231' title='bbox 646 2271 840 2314; x_wconf 71' lang='lat' dir='ltr'>excogitent:</span> <span class='ocrx_word' id='word_1_232' title='bbox 860 2270 996 2314; x_wconf 89' lang='lat' dir='ltr'>proinde</span> 
     </span>
     <span class='ocr_line' id='line_1_47' title="bbox 265 2324 998 2371; baseline -0.012 -7"><span class='ocrx_word' id='word_1_233' title='bbox 265 2341 335 2371; x_wconf 85' lang='lat' dir='ltr'>nos,</span> <span class='ocrx_word' id='word_1_234' title='bbox 353 2330 498 2363; x_wconf 87' lang='lat' dir='ltr'>volentes</span> <span class='ocrx_word' id='word_1_235' title='bbox 516 2337 626 2361; x_wconf 92' lang='lat' dir='ltr'>eorum</span> <span class='ocrx_word' id='word_1_236' title='bbox 652 2325 790 2369; x_wconf 82' lang='lat' dir='ltr'>quidem,</span> <span class='ocrx_word' id='word_1_237' title='bbox 810 2324 925 2367; x_wconf 88' lang='lat' dir='ltr'>quibus</span> <span class='ocrx_word' id='word_1_238' title='bbox 944 2324 998 2356; x_wconf 92' lang='lat' dir='ltr'>mi-</span> 
     </span>
     <span class='ocr_line' id='line_1_48' title="bbox 266 2377 998 2418; baseline -0.012 -1"><span class='ocrx_word' id='word_1_239' title='bbox 266 2395 326 2418; x_wconf 88' lang='lat' dir='ltr'>nus</span> <span class='ocrx_word' id='word_1_240' title='bbox 351 2383 452 2416; x_wconf 86' lang='lat' dir='ltr'>iustae</span> <span class='ocrx_word' id='word_1_241' title='bbox 477 2379 642 2414; x_wconf 86' lang='lat' dir='ltr'>molestiae</span> <span class='ocrx_word' id='word_1_242' title='bbox 670 2379 861 2418; x_wconf 81' lang='lat' dir='ltr'>inseruntur,</span> <span class='ocrx_word' id='word_1_243' title='bbox 880 2377 998 2410; x_wconf 89' lang='lat' dir='ltr'>indem-</span> 
     </span>
     <span class='ocr_line' id='line_1_49' title="bbox 267 2431 998 2475; baseline -0.011 -4"><span class='ocrx_word' id='word_1_244' title='bbox 267 2437 359 2471; x_wconf 84' lang='lat' dir='ltr'>nitati</span> <span class='ocrx_word' id='word_1_245' title='bbox 374 2435 555 2474; x_wconf 81' lang='lat' dir='ltr'>consulere,</span> <span class='ocrx_word' id='word_1_246' title='bbox 569 2434 606 2466; x_wconf 88' lang='lat' dir='ltr'>iis</span> <span class='ocrx_word' id='word_1_247' title='bbox 624 2438 745 2471; x_wconf 86' lang='lat' dir='ltr'>contra,</span> <span class='ocrx_word' id='word_1_248' title='bbox 761 2431 812 2475; x_wconf 90' lang='lat' dir='ltr'>qui</span> <span class='ocrx_word' id='word_1_249' title='bbox 833 2431 890 2463; x_wconf 79' lang='lat' dir='ltr'>sul)</span> <span class='ocrx_word' id='word_1_250' title='bbox 908 2440 998 2474; x_wconf 86' lang='lat' dir='ltr'>prae-</span> 
     </span>
     <span class='ocr_line' id='line_1_50' title="bbox 268 2484 998 2530; baseline -0.008 -7"><span class='ocrx_word' id='word_1_251' title='bbox 268 2495 355 2524; x_wconf 88' lang='lat' dir='ltr'>textu</span> <span class='ocrx_word' id='word_1_252' title='bbox 369 2489 501 2522; x_wconf 78' lang='lat' dir='ltr'>frivolae</span> <span class='ocrx_word' id='word_1_253' title='bbox 516 2485 751 2530; x_wconf 83' lang='lat' dir='ltr'>appellationis,</span> <span class='ocrx_word' id='word_1_254' title='bbox 764 2489 819 2517; x_wconf 87' lang='lat' dir='ltr'>aut</span> <span class='ocrx_word' id='word_1_255' title='bbox 833 2484 910 2517; x_wconf 75' lang='lat' dir='ltr'>alias</span> <span class='ocrx_word' id='word_1_256' title='bbox 924 2494 998 2527; x_wconf 89' lang='lat' dir='ltr'>quo-</span> 
     </span>
     <span class='ocr_line' id='line_1_51' title="bbox 269 2537 998 2589; baseline -0.011 -12"><span class='ocrx_word' id='word_1_257' title='bbox 269 2542 454 2589; x_wconf 90' lang='lat' dir='ltr'>quomodo,</span> <span class='ocrx_word' id='word_1_258' title='bbox 480 2540 604 2574; x_wconf 88' lang='lat' dir='ltr'>debitas</span> <span class='ocrx_word' id='word_1_259' title='bbox 629 2538 806 2572; x_wconf 89' lang='lat' dir='ltr'>solutiones</span> <span class='ocrx_word' id='word_1_260' title='bbox 831 2537 998 2571; x_wconf 84' lang='lat' dir='ltr'>retardare</span> 
     </span>
     <span class='ocr_line' id='line_1_52' title="bbox 268 2591 997 2635; baseline -0.012 -4"><span class='ocrx_word' id='word_1_261' title='bbox 268 2600 436 2635; x_wconf 85' lang='lat' dir='ltr'>conantur,</span> <span class='ocrx_word' id='word_1_262' title='bbox 455 2604 582 2627; x_wconf 89' lang='lat' dir='ltr'>omnem</span> <span class='ocrx_word' id='word_1_263' title='bbox 608 2591 726 2625; x_wconf 79' lang='lat' dir='ltr'>fraudis</span> <span class='ocrx_word' id='word_1_264' title='bbox 750 2591 833 2624; x_wconf 91' lang='lat' dir='ltr'>viam</span> <span class='ocrx_word' id='word_1_265' title='bbox 850 2591 997 2634; x_wconf 86' lang='lat' dir='ltr'>praeclu-</span> 
     </span>
     <span class='ocr_line' id='line_1_53' title="bbox 305 2652 883 2689; baseline -0.014 -2"><span class='ocrx_word' id='word_1_266' title='bbox 305 2662 314 2687; x_wconf 81' lang='lat'><strong>¹</strong></span> <span class='ocrx_word' id='word_1_267' title='bbox 337 2658 404 2686; x_wconf 86' lang='lat' dir='ltr'>Male</span> <span class='ocrx_word' id='word_1_268' title='bbox 424 2656 488 2684; x_wconf 86' lang='lat' dir='ltr'>edit.</span> <span class='ocrx_word' id='word_1_269' title='bbox 508 2655 587 2683; x_wconf 83' lang='lat' dir='ltr'>Main.</span> <span class='ocrx_word' id='word_1_270' title='bbox 608 2654 673 2689; x_wconf 78' lang='lat' dir='ltr'>legit</span> <span class='ocrx_word' id='word_1_271' title='bbox 692 2653 760 2681; x_wconf 83' lang='lat' dir='ltr'>aliis</span> <span class='ocrx_word' id='word_1_272' title='bbox 779 2653 816 2687; x_wconf 80' lang='lat' dir='ltr'>(n.</span> <span class='ocrx_word' id='word_1_273' title='bbox 834 2652 883 2687; x_wconf 81' lang='lat' dir='ltr'>‘r.).</span> 
     </span>
     <span class='ocr_line' id='line_1_54' title="bbox 341 2705 980 2741; baseline -0.014 0"><span class='ocrx_word' id='word_1_274' title='bbox 341 2711 419 2741; x_wconf 71' lang='lat' dir='ltr'>Ball.</span> <span class='ocrx_word' id='word_1_275' title='bbox 439 2711 521 2741; x_wconf 85' lang='lat' dir='ltr'>Rom.</span> <span class='ocrx_word' id='word_1_276' title='bbox 543 2724 576 2731; x_wconf 91' lang='lat'>—</span> <span class='ocrx_word' id='word_1_277' title='bbox 598 2708 658 2737; x_wconf 78' lang='lat' dir='ltr'>Vol.</span> <span class='ocrx_word' id='word_1_278' title='bbox 680 2706 788 2736; x_wconf 81' lang='lat' dir='ltr'><em>XXIII.</em></span> <span class='ocrx_word' id='word_1_279' title='bbox 947 2705 980 2732; x_wconf 83' lang='lat'>75</span> 
     </span>
    </p>
   </div>
   <div class='ocr_carea' id='block_1_16' title="bbox 1010 295 1020 2334">
    <p class='ocr_par' dir='ltr' id='par_1_17' title="bbox 1010 295 1020 2334">
     <span class='ocr_line' id='line_1_55' title="bbox 1010 295 1020 2334; baseline 0 0"><span class='ocrx_word' id='word_1_280' title='bbox 1010 295 1020 2334; x_wconf 95' lang='lat' dir='ltr'> </span> 
     </span>
    </p>
   </div>
   <div class='ocr_carea' id='block_1_17' title="bbox 1035 290 1771 1081">
    <p class='ocr_par' dir='ltr' id='par_1_18' title="bbox 1035 290 1771 1081">
     <span class='ocr_line' id='line_1_56' title="bbox 1035 290 1768 337; baseline -0.005 -11"><span class='ocrx_word' id='word_1_281' title='bbox 1035 294 1123 333; x_wconf 88' lang='lat' dir='ltr'>dere,</span> <span class='ocrx_word' id='word_1_282' title='bbox 1141 293 1428 337; x_wconf 78' lang='lat' dir='ltr'>circumspectioni</span> <span class='ocrx_word' id='word_1_283' title='bbox 1454 297 1591 332; x_wconf 85' lang='lat' dir='ltr'>vestrae,</span> <span class='ocrx_word' id='word_1_284' title='bbox 1612 296 1666 323; x_wconf 87' lang='lat' dir='ltr'>aut</span> <span class='ocrx_word' id='word_1_285' title='bbox 1690 290 1768 323; x_wconf 91' lang='lat' dir='ltr'>duo-</span> 
     </span>
     <span class='ocr_line' id='line_1_57' title="bbox 1037 346 1768 388; baseline -0.001 -10"><span class='ocrx_word' id='word_1_286' title='bbox 1037 346 1098 378; x_wconf 88' lang='lat' dir='ltr'>bus</span> <span class='ocrx_word' id='word_1_287' title='bbox 1125 348 1237 379; x_wconf 88' lang='lat' dir='ltr'>saltem</span> <span class='ocrx_word' id='word_1_288' title='bbox 1264 357 1299 379; x_wconf 78' lang='lat' dir='ltr'>ex</span> <span class='ocrx_word' id='word_1_289' title='bbox 1327 346 1416 379; x_wconf 79' lang='lat' dir='ltr'>vobis</span> <span class='ocrx_word' id='word_1_290' title='bbox 1437 346 1632 379; x_wconf 90' lang='lat' dir='ltr'>coniunctim</span> <span class='ocrx_word' id='word_1_291' title='bbox 1658 355 1768 388; x_wconf 90' lang='lat' dir='ltr'>proce-</span> 
     </span>
     <span class='ocr_line' id='line_1_58' title="bbox 1035 399 1768 442; baseline -0.001 -11"><span class='ocrx_word' id='word_1_292' title='bbox 1035 399 1186 432; x_wconf 84' lang='lat' dir='ltr'>dentibus</span> <span class='ocrx_word' id='word_1_293' title='bbox 1207 427 1213 439; x_wconf 93' lang='lat'>,</span> <span class='ocrx_word' id='word_1_294' title='bbox 1252 400 1408 442; x_wconf 86' lang='lat' dir='ltr'>privative</span> <span class='ocrx_word' id='word_1_295' title='bbox 1449 400 1552 442; x_wconf 84' lang='lat' dir='ltr'>quoad</span> <span class='ocrx_word' id='word_1_296' title='bbox 1589 409 1700 432; x_wconf 88' lang='lat' dir='ltr'>omnes</span> <span class='ocrx_word' id='word_1_297' title='bbox 1737 403 1768 430; x_wconf 89' lang='lat' dir='ltr'>et</span> 
     </span>
     <span class='ocr_line' id='line_1_59' title="bbox 1035 452 1766 496; baseline 0.001 -12"><span class='ocrx_word' id='word_1_298' title='bbox 1035 463 1260 496; x_wconf 85' lang='lat' dir='ltr'>quoscumque</span> <span class='ocrx_word' id='word_1_299' title='bbox 1275 453 1355 486; x_wconf 86' lang='lat' dir='ltr'>alios</span> <span class='ocrx_word' id='word_1_300' title='bbox 1370 453 1492 486; x_wconf 88' lang='lat' dir='ltr'>iudices</span> <span class='ocrx_word' id='word_1_301' title='bbox 1519 452 1702 486; x_wconf 87' lang='lat' dir='ltr'>ordinarios</span> <span class='ocrx_word' id='word_1_302' title='bbox 1718 453 1766 485; x_wconf 93' lang='lat' dir='ltr'>vel</span> 
     </span>
     <span class='ocr_line' id='line_1_60' title="bbox 1036 505 1767 549; baseline 0.001 -11"><span class='ocrx_word' id='word_1_303' title='bbox 1036 506 1202 548; x_wconf 77' lang='lat' dir='ltr'>delegatos</span> <span class='ocrx_word' id='word_1_304' title='bbox 1221 506 1331 549; x_wconf 86' lang='lat' dir='ltr'>quavis</span> <span class='ocrx_word' id='word_1_305' title='bbox 1347 506 1502 548; x_wconf 81' lang='lat' dir='ltr'>dignitate</span> <span class='ocrx_word' id='word_1_306' title='bbox 1524 512 1554 539; x_wconf 86' lang='lat' dir='ltr'>et</span> <span class='ocrx_word' id='word_1_307' title='bbox 1577 505 1767 539; x_wconf 83' lang='lat' dir='ltr'>auctoritate</span> 
     </span>
     <span class='ocr_line' id='line_1_61' title="bbox 1036 559 1768 601; baseline 0.003 -11"><span class='ocrx_word' id='word_1_308' title='bbox 1036 559 1221 601; x_wconf 82' lang='lat' dir='ltr'>fungentes,</span> <span class='ocrx_word' id='word_1_309' title='bbox 1247 560 1341 592; x_wconf 85' lang='lat' dir='ltr'>etiam</span> <span class='ocrx_word' id='word_1_310' title='bbox 1367 560 1398 592; x_wconf 82' lang='lat' dir='ltr'>S.</span> <span class='ocrx_word' id='word_1_311' title='bbox 1426 560 1460 592; x_wconf 77' lang='lat' dir='ltr'>R.</span> <span class='ocrx_word' id='word_1_312' title='bbox 1486 559 1518 592; x_wconf 87' lang='lat' dir='ltr'>E.</span> <span class='ocrx_word' id='word_1_313' title='bbox 1544 559 1768 598; x_wconf 86' lang='lat' dir='ltr'>camerarium,</span> 
     </span>
     <span class='ocr_line' id='line_1_62' title="bbox 1035 612 1769 655; baseline 0 -10"><span class='ocrx_word' id='word_1_314' title='bbox 1035 612 1339 652; x_wconf 88' lang='lat' dir='ltr'>vicecamerarium,</span> <span class='ocrx_word' id='word_1_315' title='bbox 1367 613 1603 645; x_wconf 81' lang='lat' dir='ltr'>thesaurarium</span> <span class='ocrx_word' id='word_1_316' title='bbox 1635 623 1769 655; x_wconf 81' lang='lat' dir='ltr'>genera-</span> 
     </span>
     <span class='ocr_line' id='line_1_63' title="bbox 1036 664 1767 708; baseline 0 -10"><span class='ocrx_word' id='word_1_317' title='bbox 1036 666 1121 704; x_wconf 89' lang='lat' dir='ltr'>lem,</span> <span class='ocrx_word' id='word_1_318' title='bbox 1155 665 1320 698; x_wconf 87' lang='lat' dir='ltr'>Cameram</span> <span class='ocrx_word' id='word_1_319' title='bbox 1356 664 1596 708; x_wconf 86' lang='lat' dir='ltr'>Apostolicam,</span> <span class='ocrx_word' id='word_1_320' title='bbox 1633 666 1767 708; x_wconf 86' lang='lat' dir='ltr'>eiusque</span> 
     </span>
     <span class='ocr_line' id='line_1_64' title="bbox 1036 718 1768 762; baseline 0 -11"><span class='ocrx_word' id='word_1_321' title='bbox 1036 729 1205 751; x_wconf 83' lang='lat' dir='ltr'>causarum</span> <span class='ocrx_word' id='word_1_322' title='bbox 1221 720 1404 761; x_wconf 76' lang='lat' dir='ltr'>generalem</span> <span class='ocrx_word' id='word_1_323' title='bbox 1419 718 1598 751; x_wconf 87' lang='lat' dir='ltr'>auditorem</span> <span class='ocrx_word' id='word_1_324' title='bbox 1612 724 1665 750; x_wconf 90' lang='lat' dir='ltr'>aut</span> <span class='ocrx_word' id='word_1_325' title='bbox 1678 729 1768 762; x_wconf 88' lang='lat' dir='ltr'>prae-</span> 
     </span>
     <span class='ocr_line' id='line_1_65' title="bbox 1036 771 1768 814; baseline 0.001 -11"><span class='ocrx_word' id='word_1_326' title='bbox 1036 771 1180 804; x_wconf 84' lang='lat' dir='ltr'>sidentes</span> <span class='ocrx_word' id='word_1_327' title='bbox 1206 771 1341 804; x_wconf 87' lang='lat' dir='ltr'>clericos</span> <span class='ocrx_word' id='word_1_328' title='bbox 1359 797 1366 811; x_wconf 93' lang='lat'>,</span> <span class='ocrx_word' id='word_1_329' title='bbox 1391 782 1427 804; x_wconf 81' lang='lat' dir='ltr'>ac</span> <span class='ocrx_word' id='word_1_330' title='bbox 1459 771 1565 814; x_wconf 86' lang='lat' dir='ltr'>palatii</span> <span class='ocrx_word' id='word_1_331' title='bbox 1602 771 1768 814; x_wconf 86' lang='lat' dir='ltr'>apostolici</span> 
     </span>
     <span class='ocr_line' id='line_1_66' title="bbox 1036 824 1765 865; baseline 0 -9"><span class='ocrx_word' id='word_1_332' title='bbox 1036 835 1202 857; x_wconf 87' lang='lat' dir='ltr'>causarum</span> <span class='ocrx_word' id='word_1_333' title='bbox 1227 824 1394 857; x_wconf 84' lang='lat' dir='ltr'>auditores</span> <span class='ocrx_word' id='word_1_334' title='bbox 1411 852 1418 865; x_wconf 88' lang='lat'>‚</span> <span class='ocrx_word' id='word_1_335' title='bbox 1444 835 1481 857; x_wconf 92' lang='lat' dir='ltr'>ac</span> <span class='ocrx_word' id='word_1_336' title='bbox 1506 824 1600 857; x_wconf 87' lang='lat' dir='ltr'>etiam</span> <span class='ocrx_word' id='word_1_337' title='bbox 1625 824 1655 857; x_wconf 90' lang='lat' dir='ltr'>S.</span> <span class='ocrx_word' id='word_1_338' title='bbox 1676 824 1712 857; x_wconf 81' lang='lat' dir='ltr'>R.</span> <span class='ocrx_word' id='word_1_339' title='bbox 1732 824 1765 856; x_wconf 91' lang='lat' dir='ltr'>E.</span> 
     </span>
     <span class='ocr_line' id='line_1_67' title="bbox 1036 877 1768 920; baseline 0 -10"><span class='ocrx_word' id='word_1_340' title='bbox 1036 878 1215 911; x_wconf 88' lang='lat' dir='ltr'>cardinales</span> <span class='ocrx_word' id='word_1_341' title='bbox 1240 883 1271 910; x_wconf 88' lang='lat' dir='ltr'>et</span> <span class='ocrx_word' id='word_1_342' title='bbox 1295 879 1442 920; x_wconf 75' lang='lat' dir='ltr'>legatos,</span> <span class='ocrx_word' id='word_1_343' title='bbox 1469 877 1563 910; x_wconf 89' lang='lat' dir='ltr'>etiam</span> <span class='ocrx_word' id='word_1_344' title='bbox 1589 878 1627 910; x_wconf 92' lang='lat' dir='ltr'>de</span> <span class='ocrx_word' id='word_1_345' title='bbox 1652 878 1768 916; x_wconf 89' lang='lat' dir='ltr'>latere,</span> 
     </span>
     <span class='ocr_line' id='line_1_68' title="bbox 1038 930 1770 974; baseline -0.001 -11"><span class='ocrx_word' id='word_1_346' title='bbox 1038 937 1099 963; x_wconf 85' lang='lat' dir='ltr'>tam</span> <span class='ocrx_word' id='word_1_347' title='bbox 1124 931 1156 963; x_wconf 88' lang='lat' dir='ltr'>in</span> <span class='ocrx_word' id='word_1_348' title='bbox 1181 930 1327 963; x_wconf 76' lang='lat' dir='ltr'>Romana</span> <span class='ocrx_word' id='word_1_349' title='bbox 1347 930 1439 963; x_wconf 76' lang='lat' dir='ltr'>Curia</span> <span class='ocrx_word' id='word_1_350' title='bbox 1464 941 1558 974; x_wconf 87' lang='lat' dir='ltr'>quam</span> <span class='ocrx_word' id='word_1_351' title='bbox 1585 935 1675 963; x_wconf 85' lang='lat' dir='ltr'>extra</span> <span class='ocrx_word' id='word_1_352' title='bbox 1700 940 1770 963; x_wconf 84' lang='lat' dir='ltr'>eam</span> 
     </span>
     <span class='ocr_line' id='line_1_69' title="bbox 1588 989 1771 1016; baseline 0 0"><span class='ocrx_word' id='word_1_353' title='bbox 1588 993 1701 1016; x_wconf 89' lang='lat' dir='ltr'>omnes</span> <span class='ocrx_word' id='word_1_354' title='bbox 1740 989 1771 1016; x_wconf 87' lang='lat' dir='ltr'>et</span> 
     </span>
     <span class='ocr_line' id='line_1_70' title="bbox 1037 1036 1771 1081; baseline 0 -12"><span class='ocrx_word' id='word_1_355' title='bbox 1037 1047 1254 1081; x_wconf 89' lang='lat' dir='ltr'>quascumque</span> <span class='ocrx_word' id='word_1_356' title='bbox 1279 1047 1392 1070; x_wconf 84' lang='lat' dir='ltr'>causas</span> <span class='ocrx_word' id='word_1_357' title='bbox 1417 1036 1670 1080; x_wconf 85' lang='lat' dir='ltr'>appellationum</span> <span class='ocrx_word' id='word_1_358' title='bbox 1687 1063 1695 1076; x_wconf 88' lang='lat'>,</span> <span class='ocrx_word' id='word_1_359' title='bbox 1721 1047 1771 1069; x_wconf 91' lang='lat' dir='ltr'>re-</span> 
     </span>
    </p>
   </div>
   <div class='ocr_carea' id='block_1_18' title="bbox 1013 1090 1769 1131">
    <p class='ocr_par' dir='ltr' id='par_1_19' title="bbox 1013 1090 1769 1131">
     <span class='ocr_line' id='line_1_71' title="bbox 1013 1090 1769 1131; baseline 0 -8"><span class='ocrx_word' id='word_1_360' title='bbox 1013 1090 1014 1096; x_wconf 75' lang='grc'>’</span> <span class='ocrx_word' id='word_1_361' title='bbox 1037 1091 1264 1124; x_wconf 85' lang='lat' dir='ltr'>clamationum</span> <span class='ocrx_word' id='word_1_362' title='bbox 1277 1117 1284 1131; x_wconf 86' lang='lat'>,</span> <span class='ocrx_word' id='word_1_363' title='bbox 1322 1101 1508 1124; x_wconf 88' lang='lat' dir='ltr'>recursuum</span> <span class='ocrx_word' id='word_1_364' title='bbox 1522 1118 1529 1131; x_wconf 89' lang='lat'>,</span> <span class='ocrx_word' id='word_1_365' title='bbox 1562 1090 1748 1124; x_wconf 83' lang='lat' dir='ltr'>nullitatum</span> <span class='ocrx_word' id='word_1_366' title='bbox 1762 1118 1769 1131; x_wconf 94' lang='lat'>,</span> 
     </span>
    </p>
   </div>
   <div class='ocr_carea' id='block_1_19' title="bbox 1036 1144 1773 2689">
    <p class='ocr_par' dir='ltr' id='par_1_20' title="bbox 1036 1144 1773 2689">
     <span class='ocr_line' id='line_1_72' title="bbox 1037 1144 1770 1184; baseline 0.001 -8"><span class='ocrx_word' id='word_1_367' title='bbox 1037 1155 1093 1177; x_wconf 88' lang='lat' dir='ltr'>seu</span> <span class='ocrx_word' id='word_1_368' title='bbox 1117 1144 1263 1177; x_wconf 81' lang='lat' dir='ltr'>notoriae</span> <span class='ocrx_word' id='word_1_369' title='bbox 1289 1144 1478 1184; x_wconf 88' lang='lat' dir='ltr'>iniustitiae,</span> <span class='ocrx_word' id='word_1_370' title='bbox 1497 1154 1625 1177; x_wconf 85' lang='lat' dir='ltr'>necnon</span> <span class='ocrx_word' id='word_1_371' title='bbox 1643 1144 1770 1178; x_wconf 90' lang='lat' dir='ltr'>revisio·</span> 
     </span>
     <span class='ocr_line' id='line_1_73' title="bbox 1037 1197 1770 1241; baseline 0 -11"><span class='ocrx_word' id='word_1_372' title='bbox 1037 1197 1104 1237; x_wconf 88' lang='lat' dir='ltr'>nis,</span> <span class='ocrx_word' id='word_1_373' title='bbox 1132 1197 1225 1231; x_wconf 88' lang='lat' dir='ltr'>etiam</span> <span class='ocrx_word' id='word_1_374' title='bbox 1262 1203 1430 1241; x_wconf 81' lang='lat' dir='ltr'>praetextu</span> <span class='ocrx_word' id='word_1_375' title='bbox 1461 1198 1600 1230; x_wconf 87' lang='lat' dir='ltr'>cuiusvis</span> <span class='ocrx_word' id='word_1_376' title='bbox 1633 1197 1770 1238; x_wconf 86' lang='lat' dir='ltr'>erroris,</span> 
     </span>
     <span class='ocr_line' id='line_1_74' title="bbox 1037 1251 1770 1291; baseline 0.001 -8"><span class='ocrx_word' id='word_1_377' title='bbox 1037 1251 1133 1284; x_wconf 84' lang='lat' dir='ltr'>etiam</span> <span class='ocrx_word' id='word_1_378' title='bbox 1158 1252 1296 1291; x_wconf 86' lang='lat' dir='ltr'>calculi,</span> <span class='ocrx_word' id='word_1_379' title='bbox 1323 1257 1378 1284; x_wconf 86' lang='lat' dir='ltr'>aut</span> <span class='ocrx_word' id='word_1_380' title='bbox 1403 1252 1601 1284; x_wconf 91' lang='lat' dir='ltr'>reductionis</span> <span class='ocrx_word' id='word_1_381' title='bbox 1625 1252 1664 1284; x_wconf 87' lang='lat' dir='ltr'>ad</span> <span class='ocrx_word' id='word_1_382' title='bbox 1690 1251 1770 1284; x_wconf 88' lang='lat' dir='ltr'>arbi-</span> 
     </span>
     <span class='ocr_line' id='line_1_75' title="bbox 1038 1304 1770 1345; baseline 0.001 -9"><span class='ocrx_word' id='word_1_383' title='bbox 1038 1305 1133 1337; x_wconf 86' lang='lat' dir='ltr'>trium</span> <span class='ocrx_word' id='word_1_384' title='bbox 1158 1305 1233 1338; x_wconf 87' lang='lat' dir='ltr'>boni</span> <span class='ocrx_word' id='word_1_385' title='bbox 1261 1304 1318 1338; x_wconf 91' lang='lat' dir='ltr'>viri</span> <span class='ocrx_word' id='word_1_386' title='bbox 1340 1332 1347 1345; x_wconf 85' lang='lat'>,</span> <span class='ocrx_word' id='word_1_387' title='bbox 1374 1316 1410 1338; x_wconf 85' lang='lat' dir='ltr'>ac</span> <span class='ocrx_word' id='word_1_388' title='bbox 1435 1305 1650 1338; x_wconf 88' lang='lat' dir='ltr'>restitutionis</span> <span class='ocrx_word' id='word_1_389' title='bbox 1675 1305 1706 1338; x_wconf 93' lang='lat' dir='ltr'>in</span> <span class='ocrx_word' id='word_1_390' title='bbox 1724 1305 1770 1337; x_wconf 88' lang='lat' dir='ltr'>in-</span> 
     </span>
     <span class='ocr_line' id='line_1_76' title="bbox 1038 1358 1770 1401; baseline 0 -12"><span class='ocrx_word' id='word_1_391' title='bbox 1038 1363 1182 1400; x_wconf 78' lang='lat' dir='ltr'>tegrum,</span> <span class='ocrx_word' id='word_1_392' title='bbox 1224 1364 1286 1391; x_wconf 91' lang='lat' dir='ltr'>tam</span> <span class='ocrx_word' id='word_1_393' title='bbox 1321 1368 1418 1401; x_wconf 90' lang='lat' dir='ltr'>super</span> <span class='ocrx_word' id='word_1_394' title='bbox 1452 1358 1637 1401; x_wconf 85' lang='lat' dir='ltr'>praemissis</span> <span class='ocrx_word' id='word_1_395' title='bbox 1676 1368 1770 1401; x_wconf 85' lang='lat' dir='ltr'>quam</span> 
     </span>
     <span class='ocr_line' id='line_1_77' title="bbox 1036 1411 1771 1455; baseline -0.001 -11"><span class='ocrx_word' id='word_1_396' title='bbox 1036 1422 1133 1455; x_wconf 85' lang='lat' dir='ltr'>super</span> <span class='ocrx_word' id='word_1_397' title='bbox 1150 1411 1368 1445; x_wconf 84' lang='lat' dir='ltr'>validitatibus</span> <span class='ocrx_word' id='word_1_398' title='bbox 1386 1417 1417 1444; x_wconf 90' lang='lat' dir='ltr'>et</span> <span class='ocrx_word' id='word_1_399' title='bbox 1429 1411 1681 1445; x_wconf 88' lang='lat' dir='ltr'>invaliditatibus</span> <span class='ocrx_word' id='word_1_400' title='bbox 1696 1422 1771 1455; x_wconf 87' lang='lat' dir='ltr'>qua-</span> 
     </span>
     <span class='ocr_line' id='line_1_78' title="bbox 1037 1464 1771 1509; baseline 0 -12"><span class='ocrx_word' id='word_1_401' title='bbox 1037 1476 1246 1509; x_wconf 88' lang='lat' dir='ltr'>rumcumque</span> <span class='ocrx_word' id='word_1_402' title='bbox 1271 1465 1512 1508; x_wconf 85' lang='lat' dir='ltr'>exemptionum</span> <span class='ocrx_word' id='word_1_403' title='bbox 1543 1466 1591 1498; x_wconf 86' lang='lat' dir='ltr'>vel</span> <span class='ocrx_word' id='word_1_404' title='bbox 1628 1464 1771 1498; x_wconf 91' lang='lat' dir='ltr'>immuni-</span> 
     </span>
     <span class='ocr_line' id='line_1_79' title="bbox 1038 1518 1771 1562; baseline 0.001 -11"><span class='ocrx_word' id='word_1_405' title='bbox 1038 1523 1156 1559; x_wconf 90' lang='lat' dir='ltr'>tatum,</span> <span class='ocrx_word' id='word_1_406' title='bbox 1182 1518 1347 1562; x_wconf 88' lang='lat' dir='ltr'>quibusvis</span> <span class='ocrx_word' id='word_1_407' title='bbox 1377 1518 1525 1561; x_wconf 89' lang='lat' dir='ltr'>personis</span> <span class='ocrx_word' id='word_1_408' title='bbox 1550 1529 1608 1562; x_wconf 87' lang='lat' dir='ltr'>per</span> <span class='ocrx_word' id='word_1_409' title='bbox 1643 1519 1771 1552; x_wconf 82' lang='lat' dir='ltr'>easdem</span> 
     </span>
     <span class='ocr_line' id='line_1_80' title="bbox 1038 1572 1771 1611; baseline 0 -6"><span class='ocrx_word' id='word_1_410' title='bbox 1038 1572 1286 1605; x_wconf 85' lang='lat' dir='ltr'>communitates</span> <span class='ocrx_word' id='word_1_411' title='bbox 1324 1582 1380 1605; x_wconf 91' lang='lat' dir='ltr'>seu</span> <span class='ocrx_word' id='word_1_412' title='bbox 1420 1572 1671 1611; x_wconf 70' lang='lat' dir='ltr'>unitersitates‚</span> <span class='ocrx_word' id='word_1_413' title='bbox 1706 1572 1771 1605; x_wconf 89' lang='lat' dir='ltr'>sive</span> 
     </span>
     <span class='ocr_line' id='line_1_81' title="bbox 1038 1625 1770 1668; baseline 0.001 -10"><span class='ocrx_word' id='word_1_414' title='bbox 1038 1625 1134 1658; x_wconf 87' lang='lat' dir='ltr'>etiam</span> <span class='ocrx_word' id='word_1_415' title='bbox 1158 1625 1348 1658; x_wconf 89' lang='lat' dir='ltr'>auctoritate</span> <span class='ocrx_word' id='word_1_416' title='bbox 1373 1625 1564 1668; x_wconf 75' lang='lat' dir='ltr'>apostolica,</span> <span class='ocrx_word' id='word_1_417' title='bbox 1587 1630 1618 1658; x_wconf 91' lang='lat' dir='ltr'>et</span> <span class='ocrx_word' id='word_1_418' title='bbox 1634 1636 1692 1668; x_wconf 88' lang='lat' dir='ltr'>per</span> <span class='ocrx_word' id='word_1_419' title='bbox 1712 1636 1770 1659; x_wconf 88' lang='lat' dir='ltr'>nos</span> 
     </span>
     <span class='ocr_line' id='line_1_82' title="bbox 1037 1679 1770 1721; baseline -0.001 -10"><span class='ocrx_word' id='word_1_420' title='bbox 1037 1689 1091 1711; x_wconf 85' lang='lat' dir='ltr'>seu</span> <span class='ocrx_word' id='word_1_421' title='bbox 1105 1679 1373 1721; x_wconf 87' lang='lat' dir='ltr'>praedecessores</span> <span class='ocrx_word' id='word_1_422' title='bbox 1391 1683 1519 1711; x_wconf 90' lang='lat' dir='ltr'>nostros</span> <span class='ocrx_word' id='word_1_423' title='bbox 1536 1688 1770 1718; x_wconf 87' lang='lat' dir='ltr'>concessarum,</span> 
     </span>
     <span class='ocr_line' id='line_1_83' title="bbox 1038 1731 1772 1776; baseline -0.001 -11"><span class='ocrx_word' id='word_1_424' title='bbox 1038 1737 1068 1765; x_wconf 88' lang='lat' dir='ltr'>et</span> <span class='ocrx_word' id='word_1_425' title='bbox 1092 1743 1131 1765; x_wconf 85' lang='lat' dir='ltr'>an</span> <span class='ocrx_word' id='word_1_426' title='bbox 1157 1731 1221 1764; x_wconf 83' lang='lat' dir='ltr'>sint</span> <span class='ocrx_word' id='word_1_427' title='bbox 1236 1731 1468 1771; x_wconf 87' lang='lat' dir='ltr'>admittendae,</span> <span class='ocrx_word' id='word_1_428' title='bbox 1487 1741 1601 1771; x_wconf 83' lang='lat' dir='ltr'>necne,</span> <span class='ocrx_word' id='word_1_429' title='bbox 1620 1742 1656 1765; x_wconf 88' lang='lat' dir='ltr'>ac</span> <span class='ocrx_word' id='word_1_430' title='bbox 1676 1742 1772 1776; x_wconf 86' lang='lat' dir='ltr'>super</span> 
     </span>
     <span class='ocr_line' id='line_1_84' title="bbox 1038 1784 1771 1828; baseline 0.001 -11"><span class='ocrx_word' id='word_1_431' title='bbox 1038 1785 1218 1828; x_wconf 87' lang='lat' dir='ltr'>praetensis</span> <span class='ocrx_word' id='word_1_432' title='bbox 1242 1784 1487 1817; x_wconf 83' lang='lat' dir='ltr'>remissionibus</span> <span class='ocrx_word' id='word_1_433' title='bbox 1513 1795 1567 1817; x_wconf 89' lang='lat' dir='ltr'>seu</span> <span class='ocrx_word' id='word_1_434' title='bbox 1587 1785 1771 1818; x_wconf 75' lang='lat' dir='ltr'>defalcatio·</span> 
     </span>
     <span class='ocr_line' id='line_1_85' title="bbox 1038 1837 1772 1871; baseline -0.001 0"><span class='ocrx_word' id='word_1_435' title='bbox 1038 1838 1132 1871; x_wconf 89' lang='lat' dir='ltr'>nibus</span> <span class='ocrx_word' id='word_1_436' title='bbox 1169 1837 1366 1871; x_wconf 87' lang='lat' dir='ltr'>solutionum</span> <span class='ocrx_word' id='word_1_437' title='bbox 1405 1837 1524 1870; x_wconf 90' lang='lat' dir='ltr'>eisdem</span> <span class='ocrx_word' id='word_1_438' title='bbox 1561 1838 1772 1871; x_wconf 88' lang='lat' dir='ltr'>communita-</span> 
     </span>
     <span class='ocr_line' id='line_1_86' title="bbox 1040 1890 1772 1934; baseline 0 -9"><span class='ocrx_word' id='word_1_439' title='bbox 1040 1893 1122 1925; x_wconf 89' lang='lat' dir='ltr'>tibus</span> <span class='ocrx_word' id='word_1_440' title='bbox 1141 1891 1323 1924; x_wconf 86' lang='lat' dir='ltr'>debitarum</span> <span class='ocrx_word' id='word_1_441' title='bbox 1340 1890 1380 1924; x_wconf 91' lang='lat' dir='ltr'>oh</span> <span class='ocrx_word' id='word_1_442' title='bbox 1398 1901 1622 1934; x_wconf 89' lang='lat' dir='ltr'>quoscumque</span> <span class='ocrx_word' id='word_1_443' title='bbox 1640 1891 1671 1923; x_wconf 92' lang='lat' dir='ltr'>in</span> <span class='ocrx_word' id='word_1_444' title='bbox 1690 1891 1772 1925; x_wconf 77' lang='lat' dir='ltr'>dicta</span> 
     </span>
     <span class='ocr_line' id='line_1_87' title="bbox 1038 1945 1772 1988; baseline -0.003 -9"><span class='ocrx_word' id='word_1_445' title='bbox 1038 1945 1268 1980; x_wconf 89' lang='lat' dir='ltr'>constitutione</span> <span class='ocrx_word' id='word_1_446' title='bbox 1294 1954 1464 1987; x_wconf 85' lang='lat' dir='ltr'>expressos</span> <span class='ocrx_word' id='word_1_447' title='bbox 1490 1945 1540 1977; x_wconf 93' lang='lat' dir='ltr'>vel</span> <span class='ocrx_word' id='word_1_448' title='bbox 1561 1955 1626 1977; x_wconf 90' lang='lat' dir='ltr'>non</span> <span class='ocrx_word' id='word_1_449' title='bbox 1641 1954 1772 1988; x_wconf 82' lang='lat' dir='ltr'>expres-</span> 
     </span>
     <span class='ocr_line' id='line_1_88' title="bbox 1039 1999 1771 2042; baseline -0.003 -9"><span class='ocrx_word' id='word_1_450' title='bbox 1039 2011 1090 2033; x_wconf 92' lang='lat' dir='ltr'>sos</span> <span class='ocrx_word' id='word_1_451' title='bbox 1116 1999 1264 2032; x_wconf 77' lang='lat' dir='ltr'>fortuitos</span> <span class='ocrx_word' id='word_1_452' title='bbox 1289 2008 1404 2038; x_wconf 88' lang='lat' dir='ltr'>casus,</span> <span class='ocrx_word' id='word_1_453' title='bbox 1434 1999 1482 2031; x_wconf 89' lang='lat' dir='ltr'>vel</span> <span class='ocrx_word' id='word_1_454' title='bbox 1507 2008 1542 2030; x_wconf 74' lang='lat' dir='ltr'>ex</span> <span class='ocrx_word' id='word_1_455' title='bbox 1569 2008 1771 2042; x_wconf 88' lang='lat' dir='ltr'>quacumque</span> 
     </span>
     <span class='ocr_line' id='line_1_89' title="bbox 1040 2051 1768 2094; baseline -0.003 -8"><span class='ocrx_word' id='word_1_456' title='bbox 1040 2053 1100 2087; x_wconf 78' lang='lat' dir='ltr'>alia</span> <span class='ocrx_word' id='word_1_457' title='bbox 1125 2055 1238 2092; x_wconf 79' lang='lat' dir='ltr'>causa,</span> <span class='ocrx_word' id='word_1_458' title='bbox 1262 2062 1354 2091; x_wconf 87' lang='lat' dir='ltr'>casu,</span> <span class='ocrx_word' id='word_1_459' title='bbox 1380 2053 1494 2094; x_wconf 75' lang='lat' dir='ltr'>culpa,</span> <span class='ocrx_word' id='word_1_460' title='bbox 1521 2052 1569 2084; x_wconf 90' lang='lat' dir='ltr'>vel</span> <span class='ocrx_word' id='word_1_461' title='bbox 1604 2051 1686 2084; x_wconf 86' lang='lat' dir='ltr'>sacto</span> <span class='ocrx_word' id='word_1_462' title='bbox 1712 2062 1768 2084; x_wconf 87' lang='lat' dir='ltr'>cu-</span> 
     </span>
     <span class='ocr_line' id='line_1_90' title="bbox 1040 2104 1772 2150; baseline -0.004 -11"><span class='ocrx_word' id='word_1_463' title='bbox 1040 2108 1229 2150; x_wconf 85' lang='lat' dir='ltr'>iuscumque</span> <span class='ocrx_word' id='word_1_464' title='bbox 1255 2115 1417 2149; x_wconf 90' lang='lat' dir='ltr'>personae</span> <span class='ocrx_word' id='word_1_465' title='bbox 1436 2132 1444 2146; x_wconf 92' lang='lat'>,</span> <span class='ocrx_word' id='word_1_466' title='bbox 1471 2110 1524 2138; x_wconf 92' lang='lat' dir='ltr'>aut</span> <span class='ocrx_word' id='word_1_467' title='bbox 1549 2104 1627 2137; x_wconf 68' lang='lat' dir='ltr'>alias</span> <span class='ocrx_word' id='word_1_468' title='bbox 1658 2105 1696 2137; x_wconf 88' lang='lat' dir='ltr'>ad</span> <span class='ocrx_word' id='word_1_469' title='bbox 1728 2105 1772 2137; x_wconf 93' lang='lat' dir='ltr'>in-</span> 
     </span>
     <span class='ocr_line' id='line_1_91' title="bbox 1041 2160 1769 2202; baseline -0.003 -10"><span class='ocrx_word' id='word_1_470' title='bbox 1041 2160 1189 2193; x_wconf 84' lang='lat' dir='ltr'>stantiam</span> <span class='ocrx_word' id='word_1_471' title='bbox 1215 2169 1492 2202; x_wconf 86' lang='lat' dir='ltr'>quarumcumque</span> <span class='ocrx_word' id='word_1_472' title='bbox 1528 2168 1742 2201; x_wconf 88' lang='lat' dir='ltr'>personarum</span> <span class='ocrx_word' id='word_1_473' title='bbox 1762 2186 1769 2199; x_wconf 91' lang='lat'>,</span> 
     </span>
     <span class='ocr_line' id='line_1_92' title="bbox 1041 2212 1772 2257; baseline -0.003 -11"><span class='ocrx_word' id='word_1_474' title='bbox 1041 2224 1121 2257; x_wconf 87' lang='lat' dir='ltr'>quae</span> <span class='ocrx_word' id='word_1_475' title='bbox 1146 2213 1224 2256; x_wconf 90' lang='lat' dir='ltr'>ipsis</span> <span class='ocrx_word' id='word_1_476' title='bbox 1250 2212 1533 2245; x_wconf 88' lang='lat' dir='ltr'>communitatibus</span> <span class='ocrx_word' id='word_1_477' title='bbox 1558 2222 1612 2244; x_wconf 89' lang='lat' dir='ltr'>seu</span> <span class='ocrx_word' id='word_1_478' title='bbox 1645 2212 1772 2245; x_wconf 83' lang='lat' dir='ltr'>univer-</span> 
     </span>
     <span class='ocr_line' id='line_1_93' title="bbox 1040 2266 1771 2310; baseline -0.001 -10"><span class='ocrx_word' id='word_1_479' title='bbox 1040 2267 1187 2300; x_wconf 85' lang='lat' dir='ltr'>sitatibus</span> <span class='ocrx_word' id='word_1_480' title='bbox 1222 2266 1343 2310; x_wconf 89' lang='lat' dir='ltr'>aliquid</span> <span class='ocrx_word' id='word_1_481' title='bbox 1381 2266 1501 2300; x_wconf 86' lang='lat' dir='ltr'>debent</span> <span class='ocrx_word' id='word_1_482' title='bbox 1523 2293 1530 2305; x_wconf 92' lang='lat'>,</span> <span class='ocrx_word' id='word_1_483' title='bbox 1565 2267 1615 2299; x_wconf 89' lang='lat' dir='ltr'>vel</span> <span class='ocrx_word' id='word_1_484' title='bbox 1652 2266 1771 2299; x_wconf 87' lang='lat' dir='ltr'>debere</span> 
     </span>
     <span class='ocr_line' id='line_1_94' title="bbox 1040 2319 1773 2365; baseline -0.001 -12"><span class='ocrx_word' id='word_1_485' title='bbox 1040 2320 1287 2365; x_wconf 88' lang='lat' dir='ltr'>praetenditur,</span> <span class='ocrx_word' id='word_1_486' title='bbox 1324 2325 1377 2353; x_wconf 89' lang='lat' dir='ltr'>aut</span> <span class='ocrx_word' id='word_1_487' title='bbox 1412 2319 1576 2363; x_wconf 83' lang='lat' dir='ltr'>quippiam</span> <span class='ocrx_word' id='word_1_488' title='bbox 1615 2329 1650 2352; x_wconf 80' lang='lat' dir='ltr'>ex</span> <span class='ocrx_word' id='word_1_489' title='bbox 1686 2329 1773 2363; x_wconf 88' lang='lat' dir='ltr'>prae-</span> 
     </span>
     <span class='ocr_line' id='line_1_95' title="bbox 1040 2372 1771 2416; baseline -0.004 -9"><span class='ocrx_word' id='word_1_490' title='bbox 1040 2374 1145 2407; x_wconf 88' lang='lat' dir='ltr'>missis</span> <span class='ocrx_word' id='word_1_491' title='bbox 1170 2377 1304 2416; x_wconf 75' lang='lat' dir='ltr'>petum,</span> <span class='ocrx_word' id='word_1_492' title='bbox 1330 2378 1393 2405; x_wconf 87' lang='lat' dir='ltr'>tam</span> <span class='ocrx_word' id='word_1_493' title='bbox 1417 2372 1571 2406; x_wconf 82' lang='lat' dir='ltr'>laicorum</span> <span class='ocrx_word' id='word_1_494' title='bbox 1597 2382 1692 2416; x_wconf 90' lang='lat' dir='ltr'>quam</span> <span class='ocrx_word' id='word_1_495' title='bbox 1710 2373 1771 2405; x_wconf 90' lang='lat' dir='ltr'>cle-</span> 
     </span>
     <span class='ocr_line' id='line_1_96' title="bbox 1041 2425 1772 2469; baseline -0.001 -10"><span class='ocrx_word' id='word_1_496' title='bbox 1041 2428 1196 2467; x_wconf 88' lang='lat' dir='ltr'>ricorum,</span> <span class='ocrx_word' id='word_1_497' title='bbox 1223 2426 1456 2469; x_wconf 89' lang='lat' dir='ltr'>cuiuscumque</span> <span class='ocrx_word' id='word_1_498' title='bbox 1493 2430 1610 2465; x_wconf 88' lang='lat' dir='ltr'>status,</span> <span class='ocrx_word' id='word_1_499' title='bbox 1637 2425 1772 2468; x_wconf 81' lang='lat' dir='ltr'>gradus,</span> 
     </span>
     <span class='ocr_line' id='line_1_97' title="bbox 1041 2478 1772 2522; baseline -0.004 -8"><span class='ocrx_word' id='word_1_500' title='bbox 1041 2480 1171 2519; x_wconf 86' lang='lat' dir='ltr'>ordinis,</span> <span class='ocrx_word' id='word_1_501' title='bbox 1198 2479 1375 2522; x_wconf 80' lang='lat' dir='ltr'>dignitatis,</span> <span class='ocrx_word' id='word_1_502' title='bbox 1390 2478 1584 2512; x_wconf 89' lang='lat' dir='ltr'>conditionis</span> <span class='ocrx_word' id='word_1_503' title='bbox 1601 2479 1649 2511; x_wconf 90' lang='lat' dir='ltr'>vel</span> <span class='ocrx_word' id='word_1_504' title='bbox 1664 2489 1772 2521; x_wconf 86' lang='lat' dir='ltr'>praee·</span> 
     </span>
     <span class='ocr_line' id='line_1_98' title="bbox 1040 2531 1772 2572; baseline -0.003 -5"><span class='ocrx_word' id='word_1_505' title='bbox 1040 2533 1214 2567; x_wconf 88' lang='lat' dir='ltr'>minentiae</span> <span class='ocrx_word' id='word_1_506' title='bbox 1240 2532 1462 2572; x_wconf 88' lang='lat' dir='ltr'>existentium,</span> <span class='ocrx_word' id='word_1_507' title='bbox 1500 2531 1594 2565; x_wconf 88' lang='lat' dir='ltr'>etiam</span> <span class='ocrx_word' id='word_1_508' title='bbox 1628 2531 1772 2565; x_wconf 86' lang='lat' dir='ltr'>cardina-</span> 
     </span>
     <span class='ocr_line' id='line_1_99' title="bbox 1041 2584 1772 2628; baseline -0.004 -7"><span class='ocrx_word' id='word_1_509' title='bbox 1041 2589 1124 2621; x_wconf 84' lang='lat' dir='ltr'>latus</span> <span class='ocrx_word' id='word_1_510' title='bbox 1149 2587 1276 2620; x_wconf 85' lang='lat' dir='ltr'>honore</span> <span class='ocrx_word' id='word_1_511' title='bbox 1302 2585 1521 2628; x_wconf 79' lang='lat' dir='ltr'>fulgentium,</span> <span class='ocrx_word' id='word_1_512' title='bbox 1546 2584 1669 2618; x_wconf 89' lang='lat' dir='ltr'>etiamsi</span> <span class='ocrx_word' id='word_1_513' title='bbox 1707 2585 1772 2618; x_wconf 89' lang='lat' dir='ltr'>uni-</span> 
     </span>
     <span class='ocr_line' id='line_1_100' title="bbox 1040 2639 1770 2689; baseline -0.003 -14"><span class='ocrx_word' id='word_1_514' title='bbox 1040 2641 1206 2676; x_wconf 89' lang='lat' dir='ltr'>versitates</span> <span class='ocrx_word' id='word_1_515' title='bbox 1226 2666 1233 2681; x_wconf 90' lang='lat'><em>‚</em></span> <span class='ocrx_word' id='word_1_516' title='bbox 1262 2639 1452 2689; x_wconf 83' lang='lat' dir='ltr'>societates,</span> <span class='ocrx_word' id='word_1_517' title='bbox 1479 2639 1747 2683; x_wconf 80' lang='lat' dir='ltr'>congregationes</span> <span class='ocrx_word' id='word_1_518' title='bbox 1762 2665 1770 2680; x_wconf 89' lang='lat'>,</span> 
     </span>
    </p>
   </div>
   <div class='ocr_carea' id='block_1_20' title="bbox 1661 230 1956 265">
    <p class='ocr_par' dir='ltr' id='par_1_21' title="bbox 1661 230 1956 265">
     <span class='ocr_line' id='line_1_101' title="bbox 1661 230 1956 265; baseline 0 -1"><span class='ocrx_word' id='word_1_519' title='bbox 1661 230 1723 264; x_wconf 78' lang='lat'>593</span> <span class='ocrx_word' id='word_1_520' title='bbox 1772 240 1820 265; x_wconf 73' lang='lat' dir='ltr'>An.</span> <span class='ocrx_word' id='word_1_521' title='bbox 1837 238 1865 265; x_wconf 88' lang='lat' dir='ltr'>c.</span> <span class='ocrx_word' id='word_1_522' title='bbox 1890 238 1956 264; x_wconf 71' lang='lat'>¹734</span> 
     </span>
    </p>
   </div>
  </div>
 </body>
</html>
