2182 3137
66 231 116 254 An.
137 228 165 254 C.
185 227 247 254 1731

66 1079 174 1104 Expositi«)
192 1079 248 1099 sacti.

874 229 1017 252 CLEMENS

570 277 688 310 XXVII.

262 347 483 390 Confirmolttr
519 347 674 380 resolutio
710 348 829 390 nuperi
864 347 1006 390 capituli

303 401 468 442 yenerctlis
504 400 640 434 Ordinis
666 401 918 434 Cormelitarnnz
943 400 1005 432 Esc-

305 453 519 485 colcealorum
552 463 589 484 ac
615 453 716 485 Breve
745 452 1005 494 confirmationis

305 505 474 537 Benedicti
500 505 608 548 Papae
625 505 717 538 XIII
734 505 820 537 circa
840 504 1005 536 nonnulla

305 558 507 590 humilitatis
527 558 634 600 officia
658 569 715 601 pet·
740 558 884 590 eiusdem
911 557 1006 590 Ordi-

305 611 356 643 nis
381 610 514 643 donatos
548 611 724 643 exercenda
743 638 750 649 ,
775 621 847 643 cum
873 610 1006 652 deroya·

306 663 390 695 lione
426 663 598 695 cuiusdam
634 663 753 696 decreti
788 663 827 694 ab
856 662 1006 694 andilore

304 717 446 748 eiusdem
471 718 584 760 Papae
612 728 708 759 super
740 717 797 748 lzoc
822 716 918 755 edili,
949 716 1006 747 od-

304 769 437 812 dt'ldqne
461 769 681 801 declaratione
705 769 791 812 quod
816 769 854 801 ob
886 768 1005 800 eisdem

304 822 456 854 obeundis
481 823 593 865 officiis
614 823 710 855 celeri
732 822 866 855 Ordinis
885 823 1006 864 fratres

304 877 446 918 exempti
470 886 531 908 non
558 874 824 918 z'ntelliyantnr¹.

474 956 608 982 Clemens
629 956 709 989 Papa
728 956 793 986 XII,

398 1000 434 1026 ad
454 999 595 1026 futuram
614 1000 659 1026 rei
679 1000 868 1026 memoriam.

304 1071 318 1113 ξ
338 1071 368 1103 ’1,
386 1071 510 1114 Εκροηί
531 1071 624 1103 nobis
643 1082 747 1114 nuper
764 1072 913 1104 feceruut
930 1072 1005 1104 dile-

260 1124 300 1155 cti
316 1124 372 1156 lilii
389 1125 594 1166 praepositus
613 1135 648 1156 ae
663 1130 856 1167 procurator
873 1136 1005 1167 genera-

260 1177 299 1208 lis
325 1178 462 1209 fratrum
488 1177 617 1210 Ordinis
643 1178 677 1210 B.
699 1178 815 1210 Mariae
835 1178 873 1210 de
897 1178 1004 1210 Monte

260 1230 406 1263 Carmelo
425 1231 691 1263 Excalceatorum
715 1238 1002 1274 nuncupatorum),

260 1284 359 1325 quod,
386 1283 510 1316 tametsi
538 1283 569 1315 in
597 1285 711 1316 eodem
738 1284 857 1317 Ordine
882 1285 1002 1323 donati,

259 1337 325 1368 sire
351 1337 516 1375 conversi,
544 1338 612 1380 pari
641 1338 847 1371 obedientiae
872 1344 947 1371 voto
974 1344 1004 1371 et

259 1389 388 1422 vinculo
415 1401 451 1422 ac
482 1391 590 1422 clerici
620 1401 676 1423 seu
704 1392 855 1424 chorales
887 1393 1003 1424 adstri-

259 1442 300 1474 cti
327 1443 402 1481 sint,
424 1443 562 1485 licetque
588 1444 877 1477 constitutionibus
902 1446 1003 1488 ipsius

259 1495 400 1534 Ordinis,
426 1497 618 1529 auctoritate
640 1498 817 1539 apostoliea
836 1499 1004 1531 confirma-

260 1548 310 1587 tis,
336 1553 418 1591 part.
447 1559 466 1588 1,
494 1560 551 1591 cap
576 1560 639 1589 xiv,
666 1550 720 1582 nbi
747 1551 852 1592 agitur
874 1551 913 1584 de
938 1552 1003 1584 vita

259 1602 422 1634 communi
440 1629 447 1641 ,
475 1609 623 1634 caveatur
654 1614 805 1645 expresse
835 1609 866 1637 ut
900 1605 932 1636 in
960 1611 1002 1637 ta-

257 1655 344 1686 bella
370 1654 550 1687 officiorum
577 1656 713 1688 humilia
738 1668 887 1700 quaeque
907 1657 1001 1690 etiam

258 1707 484 1750 superioribus
516 1708 750 1750 iniungantur,
782 1721 821 1743 ne
849 1711 927 1754 quid
954 1712 1001 1743 vel

257 1760 295 1791 ad
323 1760 514 1793 charitatem
536 1761 586 1793 vel
612 1761 650 1793 ad
677 1762 895 1796 bumilitatem
922 1764 1003 1796 desi-

258 1813 407 1852 deretur,
430 1824 556 1846 necnon
575 1815 607 1846 in
628 1816 756 1848 rubrica
772 1817 846 1848 dieti
861 1817 1001 1857 Ordinis,

257 1866 372 1899 itidem
391 1873 475 1910 part.
493 1878 514 1907 1,
535 1878 604 1910 cap.
622 1879 638 1900 v
667 1869 746 1911 gli,
764 1870 802 1901 de
817 1871 912 1903 modo
928 1872 1003 1903 scri-

257 1920 355 1952 bendi
383 1920 543 1953 eiusmodi
571 1921 723 1955 tabellam
742 1923 934 1964 officiorum,
956 1925 1002 1957 di-

257 1978 342 2005 sei-te
377 1978 558 2013 statuatur,
586 1980 697 2017 partes
727 1977 907 2018 superioris
933 1988 1002 2010 esse

257 2025 404 2058 eamdem
433 2026 584 2058 tabellam
621 2027 768 2069 quolibet
800 2029 851 2061 die
877 2030 1000 2062 sabbati

257 2078 477 2118 conscribere,
496 2079 635 2122 ipsaque
660 2079 767 2112 ol'licia
789 2083 912 2114 cunctis
930 2093 1003 2124 pru-

257 2131 374 2163 denter
389 2132 600 2172 distribuere,
623 2133 751 2166 adiecto
770 2139 877 2167 tamen
897 2137 1001 2178 quod,

257 2185 402 2226 quamvis
429 2186 467 2217 ad
494 2186 598 2218 officia
623 2187 750 2226 omnia,
778 2188 916 2220 maxime
943 2189 1003 2220 liu-

256 2237 427 2270 miliationi
470 2238 687 2271 deservientia
706 2267 713 2279 ,
752 2250 864 2272 omues
905 2241 1001 2274 etiam

256 2290 405 2331 praelati,
425 2291 619 2332 designandi
640 2292 722 2332 sint,
748 2293 932 2327 ministeria
959 2300 1003 2327 ta-

257 2353 354 2382 men,
381 2354 464 2386 quae
491 2344 530 2376 ad
557 2344 693 2376 chorum
719 2351 751 2378 et
775 2347 876 2379 altare
903 2348 1003 2390 perti-

257 2401 346 2435 nent,
367 2396 404 2428 iis
424 2397 646 2430 tantummodo
671 2399 926 2439 committantur,
948 2401 1000 2443 qui

257 2450 361 2482 sciant
389 2442 425 2482 et
448 2451 576 2493 possint
611 2451 665 2484 illa
699 2451 809 2485 debite
845 2455 1000 2496 explere3

292 2530 304 2555 1
327 2528 464 2556 Laudatas
487 2529 625 2556 Benedicti
654 2530 711 2556 Xlll
739 2531 843 2558 litteras
863 2532 939 2559 datas
959 2533 1002 2560 die

255 2573 290 2598 22
309 2573 376 2599 iunii
405 2580 562 2600 unc-cxxviii
592 2573 685 2601 videre
715 2579 757 2602 est.
782 2576 808 2601 in
828 2577 1001 2611 praecedenti

257 2617 403 2652 volumine,
425 2626 501 2645 num.
522 2624 626 2645 ccxxix.

309 2671 392 2698 Butt.
411 2672 497 2698 Rom.
520 2686 555 2691 —
580 2672 642 2699 Vol.
665 2672 774 2700 XXIII.
920 2674 950 2700 31

1042 229 1088 252 xn
1113 230 1162 253 1²1³.
1691 221 1749 254 ⁶241

1048 277 1279 318 nihilominus,
1306 289 1378 312 cum
1410 290 1496 312 anno
1520 289 1680 313 nnccxxvi
1707 278 1789 311 deli-

1049 329 1201 362 nitorium
1222 331 1421 373 provinciale
1440 332 1627 375 provinciae
1645 332 1793 365 Venetia-

1049 392 1120 414 ruin
1145 382 1276 415 Ordinis
1310 385 1469 427 praedicti
1496 385 1726 418 demandasset
1758 391 1793 417 ut

1049 434 1165 468 Fratres
1203 437 1312 469 donati
1350 438 1438 470 illius
1475 439 1660 481 provinciae
1695 439 1792 471 certis

1049 488 1172 520 festivis
1198 499 1234 521 ac
1259 490 1379 523 seriatis
1414 492 1489 523 anni
1522 492 1637 524 diebus
1668 493 1791 534 primae

1048 551 1180 573 mensae
1205 541 1237 573 in
1260 543 1434 576 refectorio
1460 545 1617 577 inservire
1644 551 1793 578 teneren—

1050 599 1110 631 tur,
1129 596 1291 627 reservata
1317 597 1540 638 superioribus
1559 599 1718 631 localibus
1737 609 1792 630 au-

1049 646 1198 679 ctoritate
1217 647 1359 680 debitam
1379 649 1439 681 sibi
1466 650 1686 683 obedientiam
1713 662 1729 683 a
1751 651 1794 683 di-

1049 699 1107 731 ctis
1133 699 1285 732 fratribus
1319 700 1468 740 donatis,
1496 703 1551 734 ubi
1578 703 1655 735 alias
1681 714 1792 736 eorum

1050 754 1150 794 opera
1181 753 1339 785 utendum
1373 754 1580 794 iudicarent,
1616 756 1790 798 exigendi,

1050 809 1149 846 utque
1175 805 1208 836 in
1235 805 1332 838 domo
1360 807 1529 839 novitiatui
1557 808 1732 850 deputata,
1761 815 1795 840 et

1049 857 1146 896 alibi,
1171 857 1369 901 ubicumque
1395 859 1511 892 iratres
1537 860 1647 893 donati
1681 861 1792 893 novitii

1049 910 1293 953 reperirentur,
1319 912 1351 943 in
1385 913 1560 946 communi
1581 914 1700 946 tabella
1726 914 1795 946 offi-

1049 963 1171 996 ciorum
1221 965 1378 997 eiusmodi
1421 966 1634 999 deservitores
1671 967 1794 1009 primae

1049 1026 1193 1055 mensae,
1210 1023 1353 1050 tersores
1369 1029 1423 1051 seu
1438 1020 1558 1052 lotores
1570 1020 1792 1059 scutellarum,

1049 1075 1080 1102 et.
1105 1070 1144 1102 ad
1170 1081 1305 1103 munera
1330 1071 1528 1111 humilitatis,
1549 1078 1583 1104 ut
1600 1078 1723 1112 vocant,
1743 1073 1796 1105 de·

1048 1122 1268 1163 stinarentur,
1296 1134 1355 1166 pro
1381 1130 1471 1166 parte
1499 1126 1631 1157 fratrum
1660 1126 1794 1158 donato-

1049 1185 1117 1207 rum
1143 1176 1332 1219 provineiae
1369 1178 1533 1219 praefatae
1570 1179 1608 1210 lis
1641 1184 1672 1212 et
1697 1189 1792 1211 causa

1048 1228 1202 1261 adversus
1220 1230 1407 1272 superiores
1435 1231 1582 1263 eiusdem
1606 1232 1793 1274 provinciae

1047 1291 1145 1324 super
1185 1282 1245 1314 hae
1277 1283 1484 1316 ordinatione
1510 1285 1684 1317 delinitorii
1717 1295 1794 1327 pro-

1049 1334 1210 1374 vincialis,
1238 1346 1272 1367 ac
1301 1336 1484 1378 gravamine
1511 1337 1571 1369 sibi
1599 1338 1733 1377 exinde,
1759 1344 1794 1369 ut

1047 1388 1314 1430 praetendebant,
1334 1389 1489 1431 irrogato,
1505 1397 1589 1423 mola
1609 1391 1667 1422 suit
1684 1402 1792 1423 corani

1047 1441 1307 1483 Congregatione
1327 1447 1400 1474 tune
1424 1439 1632 1475 existentium
1655 1443 1686 1475 S.
1704 1444 1740 1475 lt.
1755 1444 1791 1475 E.

1046 1494 1258 1526 cardinalium
1284 1495 1423 1537 negotiis
1442 1501 1475 1528 et
1500 1497 1794 1529 consultationibus

1047 1547 1276 1590 episcoporum
1304 1555 1335 1580 et
1361 1549 1563 1590 regularium
1590 1550 1791 1592 praeposita,

1046 1611 1129 1643 quae
1156 1601 1207 1632 die
1225 1611 1255 1633 vr
1282 1601 1409 1642 augusti
1434 1611 1609 1634 nnccxxvn
1628 1602 1723 1634 iussit
1740 1603 1794 1634 de-

1046 1664 1145 1695 super
1170 1653 1294 1696 exquiri
1322 1660 1430 1687 votnm
1464 1655 1597 1697 capituli
1629 1656 1792 1697 generalis

1048 1711 1122 1737 tunc
1148 1706 1294 1748 proxime
1329 1707 1517 1740 celebrandi
1543 1707 1672 1740 Ordinis
1698 1719 1793 1751 prae-

1047 1759 1120 1798 lati,
1148 1770 1183 1791 ac
1209 1759 1338 1792 interim
1372 1760 1476 1792 dictos
1509 1762 1625 1793 fratres
1653 1762 1793 1794 donatos

1048 1813 1149 1844 teneri
1168 1813 1322 1855 supplere
1344 1813 1449 1845 officia
1472 1814 1665 1846 humilitatis
1684 1815 1794 1846 liuius-

1046 1866 1132 1898 modi
1155 1866 1308 1909 prudenti
1334 1867 1540 1909 superiorum
1567 1869 1718 1900 localium
1746 1879 1795 1901 ar-

1046 1918 1156 1950 bitrio.
1184 1919 1300 1951 Verum
1327 1919 1442 1951 iisdem
1477 1921 1631 1952 tratribus
1664 1921 1792 1953 donatis

1048 1972 1101 2003 tali
1122 1972 1252 2004 decreto
1279 1973 1492 2015 provisionali
1512 1974 1644 2006 minime
1664 1975 1793 2017 aequie-

1047 2026 1236 2065 seenlibus,
1262 2029 1358 2058 causa
1385 2027 1437 2059 die
1463 2037 1481 2059 v
1508 2028 1628 2060 mensis
1652 2034 1793 2070 septem-

1047 2079 1113 2110 bris
1132 2079 1363 2122 snbsequentis
1382 2080 1598 2122 reproposita,
1620 2080 1690 2123 ipsa
1711 2081 1793 2113 Con-

1047 2132 1192 2174 gregalio
1219 2133 1434 2165 cardinalium
1460 2134 1602 2176 perstitit
1623 2135 1655 2165 in
1682 2135 1793 2167 deere-

1048 2185 1105 2225 tis,
1133 2186 1363 2230 mandavitque
1401 2193 1509 2219 votum
1545 2188 1618 2220 dicti
1656 2189 1791 2231 capituli

1046 2239 1209 2280 generalis
1236 2240 1493 2282 exquirendum,
1520 2241 1558 2273 ad
1585 2242 1720 2274 sormam
1745 2242 1792 2273 in-

1046 2293 1236 2325 structionis
1262 2294 1428 2326 eout'eetae
1454 2304 1513 2336 per
1533 2294 1564 2327 S.
1586 2294 1622 2326 R.
1643 2294 1677 2326 E.
1702 2305 1793 2337 prae-

1047 2346 1129 2378 l'atae
1155 2346 1354 2378 cardinalem
1389 2347 1441 2389 qui
1469 2348 1507 2379 ad
1535 2347 1691 2380 eiusmodi
1719 2358 1792 2380 cau—

1046 2409 1112 2430 sam
1146 2399 1251 2431 eidem
1285 2400 1538 2441 Cougregationi
1576 2400 1791 2433 cardinalium

1046 2452 1250 2484 referendam
1276 2452 1448 2494 deputatus
1466 2453 1579 2484 suerat.
1599 2452 1702 2493 Unde,
1718 2463 1791 2485 cum

1046 2506 1077 2542 in
1096 2506 1351 2549 praemissorum
1378 2507 1603 2539 executionem
1622 2506 1673 2538 die
1692 2517 1791 2541 xxvm

1046 2559 1167 2591 mensis
1205 2559 1317 2601 aprilis
1357 2568 1543 2592 MDCCxxvnl
1579 2559 1610 2591 in
1649 2559 1791 2602 capitulo

1046 2612 1191 2655 generali
1229 2612 1304 2644 dicti
1345 2611 1474 2644 Ordinis
1513 2618 1588 2644 tunc
1628 2612 1792 2646 celebrato

1802 231 1854 258 An.
1872 230 1902 257 C.
1923 231 1988 258 ¹735
