2182 3137
49 195 100 221 An.
115 194 146 221 C.
169 193 238 220 1730

868 191 1012 214 CLEMENS
1038 191 1082 214 x11
1108 192 1146 214 PP
1153 208 1158 213 .

50 256 161 277 matorum
171 260 232 281 geue·
242 241 271 270 in
293 241 392 278 sacris,
415 239 502 269 Deum
524 241 657 277 timentes,
679 239 810 268 discretas
831 243 857 268 et
878 243 988 267 sanctae

50 283 134 303 talium.

244 288 386 327 religionis
410 288 499 318 zelum
528 288 664 322 babentes,
685 292 768 326 pater
792 287 933 326 generalis
962 292 988 316 et

243 336 409 375 definitores,
439 335 566 373 diligenti
592 335 788 364 deliberatione
812 335 986 374 praehabita,

243 385 271 412 in
295 383 393 413 ultima
414 383 458 412 die
478 382 597 421 capituli
615 382 754 421 generalis
772 382 882 421 publice
900 383 928 412 in
944 393 987 411 eo-

242 434 301 461 dem
323 431 444 470 capitulo
467 433 609 460 nominent
631 435 656 460 et
677 431 825 468 assignent,
857 432 904 469 qui
924 441 987 470 per-

241 490 320 509 sonas
341 484 366 510 et
388 480 554 508 monasteria
579 478 694 508 Ordinis
720 479 822 508 eisdem
849 480 987 517 assignata

241 530 320 567 infra
351 528 504 557 triennium
536 528 660 565 visitent,
694 527 724 556 in
757 528 836 557 tertio
858 527 986 557 videlicet

241 586 311 606 anno
332 586 398 606 suae
420 576 636 614 assignationis:
659 585 739 614 quam
770 578 866 615 utique
891 577 987 606 risita-

240 626 340 655 tionem
361 625 468 664 faciant
490 625 638 654 seeundum
664 627 783 664 formam
805 626 935 655 traditam
957 625 986 654 in

240 674 358 712 quadam
379 676 472 702 nostra
494 674 686 702 constitutione
708 674 904 712 infrascripta.
938 673 987 703 Ce-

240 727 329 750 terum
351 721 446 750 nullus
468 722 592 750 visitator
613 730 694 750 suum
722 722 815 751 visitet
843 722 987 751 convisita-

241 776 336 808 torem,
361 771 408 800 sed
426 771 513 809 possit
541 775 647 799 tantum
677 771 888 808 informationes
916 771 987 800 reci-

238 829 317 857 pere,
335 823 369 853 et,
388 821 520 857 quatenus
542 828 610 854 opus
628 819 674 855 sit,
698 818 733 847 ad
751 823 859 856 patrem
873 828 987 855 genera-

241 868 294 896 lem
315 868 482 896 trasmittere
505 871 533 895 ut
553 867 712 905 provideat.
743 867 836 905 Neque
862 867 986 896 visitator

240 916 343 953 aliquis
376 915 464 944 visitet
496 915 616 952 domum,
649 915 729 944 euius
761 920 799 943 est
832 917 983 954 professus,

239 965 322 993 (tonec
351 963 428 992 liabet
459 963 618 1002 fucultatem
652 964 786 992 redeundi
814 964 849 991 ‹at
877 964 984 992 domum

240 1022 304 1041 suae
323 1012 527 1050 professionis;
551 1012 615 1045 sed,
641 1011 697 1040 loco
731 1011 842 1040 illorum
872 1014 930 1050 qui,
957 1017 985 1041 ut

238 1062 412 1098 piaesertur,
445 1060 558 1099 visitare
586 1069 639 1088 non
671 1059 777 1097 debent,
810 1060 986 1097 assignentur

239 1109 382 1146 praedicti?
407 1107 506 1137 ultima
528 1107 571 1136 die
592 1111 617 1136 et
638 1107 668 1136 in
690 1107 779 1136 eodem
801 1108 922 1146 capitula
937 1108 986 1138 alii

242 1157 393 1186 visitatores
408 1157 442 1185 ad
461 1155 619 1184 huiusmodi
634 1156 819 1185 visitationem
840 1157 983 1195 speciales.

240 1204 363 1234 Habeant
386 1207 473 1233 autem
498 1204 679 1232 omnimodam
696 1209 720 1233 et
740 1204 899 1243 plenariam
911 1210 986 1244 pote-

240 1258 335 1282 statem
357 1253 522 1283 emendandi
543 1257 568 1281 et
590 1253 746 1290 corrigendi
768 1253 947 1291 negligentias
962 1258 985 1282 et

240 1313 365 1333 caeeessus
386 1308 441 1332 tam
462 1303 590 1342 priorum
613 1312 695 1340 quam
717 1303 910 1331 monachorum
935 1302 986 1331 Or-

240 1352 314 1381 dinis
336 1352 423 1380 nostri
448 1355 508 1389 post
539 1351 723 1379 visitationem
748 1352 877 1389 provinie
903 1360 986 1389 prae-

240 1402 351 1430 teritam
373 1400 566 1437 contingentes.
588 1398 621 1428 Si
636 1403 726 1428 antem
742 1399 924 1437 negligentiae
938 1410 985 1428 seu

241 1457 365 1478 excessus
396 1448 562 1477 correctione
584 1447 736 1485 indigentes
749 1470 756 1483 ,
784 1448 831 1486 qui
852 1452 914 1476 ante
936 1448 986 1476 ltu-

242 1497 357 1526 iusmotli
386 1497 567 1526 visitationem
591 1498 772 1534 praeteritam
801 1498 984 1534 contigerunt,

243 1547 396 1574 visitatores
416 1545 579 1583 praeteritos
601 1544 755 1581 latuerunt,
777 1548 842 1574 tunc
863 1545 987 1574 visitato-

241 1604 283 1623 res
297 1599 454 1632 praesentes
471 1596 588 1629 possunt
604 1597 628 1621 et
644 1592 737 1621 debent
753 1592 822 1621 talia
836 1594 984 1632 corrigere,

241 1647 276 1675 et,
298 1646 384 1680 prout
414 1641 536 1679 eoepedit‚
561 1640 716 1670 emendare.
749 1640 864 1671 Nullam
896 1646 984 1670 tamen

239 1694 352 1728 possunt
374 1692 465 1729 faeere
487 1689 708 1718 constitutionem
723 1699 769 1718 seu
785 1690 985 1720 ordinationem

241 1739 273 1767 de
295 1748 373 1775 noco,
391 1748 458 1776 quae
480 1747 650 1767 communem
667 1736 780 1767 Ordinis
801 1742 902 1767 statum
924 1748 987 1768 con-

241 1792 345 1822 cernat,
369 1798 419 1817 nee
440 1787 635 1816 monachorum
657 1787 751 1816 (lomus
772 1788 909 1823 nauare,-
933 1789 988 1818 nisi

241 1837 273 1866 de
286 1837 401 1874 prioris,
420 1840 478 1873 ant,
493 1836 589 1874 priore
605 1836 722 1869 absente,
739 1837 841 1865 vicarii
862 1836 984 1871 licentia,

240 1886 421 1923 consessiones
442 1885 590 1922 recipiant,
615 1894 663 1913 nec
687 1888 834 1923 praetextu
856 1895 920 1913 suae
941 1895 987 1923 po·

241 1934 344 1962 testatis
366 1933 487 1971 aliquem
509 1943 525 1961 a
547 1942 594 1961 suo
613 1933 756 1971 prioratu,
787 1934 843 1962 nisi
869 1934 901 1961 de
928 1943 988 1972 spe-

241 1981 307 2011 ciali
328 1982 441 2010 licentia
461 1980 580 2019 capituli
600 1980 740 2018 generalis
772 1981 814 2010 vel
833 1982 925 2020 patris
945 1991 988 2019 ge-

243 2030 358 2066 neralis,
381 2029 530 2062 absolvant,
546 2030 602 2058 nisi
616 2030 646 2058 in
661 2029 769 2059 casibus
787 2030 987 2068 infrascriptis,

240 2078 386 2108 videlieet:
410 2078 466 2108 Pro
489 2077 606 2112 haeresi,
620 2087 673 2116 pro
688 2079 808 2108 simonia
825 2080 985 2118 manifesta,

239 2139 290 2168 pro
312 2129 421 2159 manati
442 2129 631 2168 impudicitia,
649 2138 702 2168 pro
717 2129 926 2168 dilapidatione,
945 2130 988 2159 bo-

242 2187 278 2207 na
298 2179 460 2207 monasterii
482 2178 631 2207 enormiter
653 2177 811 2211 alienando,
826 2187 878 2217 pro
899 2180 985 2217 furto,

244 2226 399 2262 homicidio,
425 2226 502 2264 gravi
524 2225 681 2265 sortilegio,
704 2226 819 2256 solemni
837 2227 965 2265 periurio
978 2251 985 2261 ‚

242 2283 293 2311 pro
315 2275 527 2313 conspiratione,
555 2274 604 2303 lioc
625 2279 662 2303 est
684 2283 747 2304 cum
768 2275 907 2314 aliquibus
930 2285 988 2304 ma-

245 2321 336 2350 litiosa
356 2322 499 2351 eoncordia
521 2323 556 2351 ad
577 2322 742 2352 obviandum
765 2322 880 2353 Ordinis
905 2324 989 2354 ‹lisci-

242 2369 338 2406 plinae
359 2374 405 2398 aut
427 2371 536 2400 statutis
556 2371 674 2410 capituli
692 2373 851 2410 generalis,
882 2373 906 2402 si
926 2375 989 2412 fue-

246 2418 282 2446 rit
314 2417 448 2456 salsarius
481 2418 637 2449 litterarum
671 2421 776 2450 domini
808 2421 910 2461 Papae,
941 2426 988 2451 aut

244 2465 443 2503 cardinalium,
466 2470 513 2495 aut
532 2468 704 2507 principum,
728 2474 775 2499 aut
797 2472 988 2509 episcoporum

242 2514 287 2543 vel
306 2515 433 2553 priorum
456 2515 542 2543 nostri
565 2515 689 2554 Ordinis,
706 2518 740 2551 si,
758 2523 851 2547 eontra
869 2528 988 2548 commu-

1030 239 1132 276 vilegia
1166 240 1354 278 impetraverit
1389 239 1430 268 cel
1462 239 1626 275 retinuerit,
1659 238 1701 268 vel
1735 240 1776 269 uti

1028 290 1258 326 praesumpserit.
1276 288 1307 317 In
1331 288 1428 326 quibus
1450 288 1566 322 casibus,
1585 289 1661 327 facici
1683 288 1776 318 liuius-

1030 336 1103 365 modi
1135 335 1313 373 absolutione,
1347 336 1473 366 electioni
1502 336 1680 366 celebrandae
1711 338 1776 366 novi

1027 383 1134 422 prioris
1156 384 1295 420 intersint,
1318 388 1343 413 et
1366 386 1454 423 ipsam
1481 386 1641 424 confirment
1663 389 1711 414 aut
1731 385 1775 414 in-

1029 432 1150 470 firment.
1164 431 1330 461 Nullatenus
1351 437 1439 461 tamen
1462 434 1586 472 ipsorum
1603 434 1775 463 visitatorum

1029 480 1132 518 aliquis
1153 480 1219 518 eligi
1237 481 1339 519 poterit
1355 481 1384 510 in
1400 481 1448 510 hoc
1470 491 1545 517 casu,
1562 492 1611 511 nec
1632 482 1688 511 alio
1710 492 1776 520 quo-

1029 538 1143 567 cumque
1164 526 1241 557 modo
1263 530 1410 563 vacaverit,
1430 530 1582 558 nisimorte
1596 530 1637 559 vel
1659 531 1775 560 triennii

1029 577 1149 616 elapsu,-
1172 586 1221 606 nec
1242 577 1309 606 dieti
1337 577 1491 606 visitatores
1520 579 1644 617 recipere
1668 580 1775 616 possint

1030 626 1263 655 renuntiationem
1285 624 1405 654 alieuius
1423 626 1567 664 prioratus
1595 626 1693 665 absque
1714 636 1774 665 spe-

1029 673 1096 702 ciali
1122 677 1258 709 potestate
1290 672 1407 712 capituli
1437 673 1577 711 generalis
1609 675 1650 702 vel
1683 677 1774 713 patris

1027 721 1187 759 generalis,
1211 721 1263 750 sibi
1294 722 1329 750 ad
1361 722 1409 750 boc
1440 721 1599 760 specialiter
1625 724 1749 751 concessa
1762 734 1773 757 ,⁶

1029 779 1077 798 nec
1099 770 1130 798 ab
1151 770 1213 808 ipsa
1228 770 1304 799 domo
1319 770 1468 804 discedant,
1484 771 1649 809 priusquam
1671 771 1707 799 s‘it
1728 771 1774 800 illi

1028 819 1061 848 de
1076 820 1172 857 priore
1191 820 1345 857 prouisum.
1368 818 1441 848 Sane
1456 819 1480 847 si
1493 828 1612 858 persona
1634 819 1719 848 electa
1741 819 1773 847 ab

1028 868 1118 896 eodem
1140 867 1304 895 monasterio
1320 867 1397 904 longe
1412 867 1504 904 distet,
1521 871 1545 895 et
1566 867 1679 896 interim
1694 876 1774 906 prae-

1029 916 1113 944 dictos
1136 916 1289 945 visitatores
1311 916 1410 944 ibidem
1442 925 1545 944 moram
1572 915 1681 944 trahere
1703 918 1773 954 foret

1029 965 1112 993 nimis
1131 965 1303 999 damnosum,
1330 973 1448 1002 suaeque
1470 964 1635 993 visitationis
1658 965 1774 1003 impedi-

1028 1018 1160 1049 mentum,
1178 1019 1242 1042 tunc
1257 1014 1312 1052 ipsi
1326 1013 1390 1042 dent
1404 1013 1608 1052 confirmatores
1623 1013 1702 1042 illius
1719 1013 1775 1042 ele-

1028 1063 1126 1092 ctionis
1148 1071 1201 1091 non
1224 1062 1341 1090 multum
1364 1066 1491 1099 remotos,
1515 1066 1541 1090 et
1564 1061 1618 1095 illi,
1635 1071 1697 1090 cum
1712 1064 1774 1100 fue-

1028 1111 1086 1139 rint
1109 1110 1205 1144 vocati,
1229 1114 1374 1139 teneantur
1396 1110 1429 1138 ad
1451 1109 1530 1138 illam
1559 1111 1668 1138 domum
1697 1109 1774 1139 illico

1026 1159 1184 1196 peruenire,
1208 1162 1232 1186 et
1254 1168 1285 1186 ea
1308 1167 1376 1196 quae
1400 1158 1434 1186 ad
1456 1158 1680 1196 confirmatorum
1707 1167 1772 1196 per-

1027 1208 1114 1236 tinent
1145 1207 1262 1245 officium
1295 1207 1415 1244 etrequi‚-
1450 1215 1537 1244 neque
1563 1206 1596 1234 ab
1623 1205 1676 1234 itta
1698 1206 1774 1234 domo

1029 1256 1120 1284 animo
1143 1265 1193 1284 non
1216 1255 1371 1284 revertendi
1392 1255 1531 1291 recedant,
1555 1254 1638 1283 donec
1669 1254 1715 1283 illi
1742 1255 1774 1283 de

1026 1305 1121 1343 priore
1140 1305 1317 1343 provideant.
1339 1304 1414 1338 Quod
1437 1304 1460 1332 si
1480 1303 1630 1342 praedictis
1651 1303 1774 1332 visitato-

1028 1354 1106 1382 ribus
1127 1352 1226 1382 melius
1248 1357 1272 1381 et
1294 1352 1407 1391 facilius
1425 1352 1551 1380 uideatur
1573 1352 1643 1390 quod
1665 1352 1773 1390 ipsimet

1029 1403 1064 1431 ad
1084 1402 1185 1431 dictam
1208 1401 1315 1430 (lonium
1339 1405 1458 1439 tempore
1481 1410 1600 1438 congruo
1632 1404 1775 1429 rei-ertan-

1029 1455 1086 1487 tur,
1105 1456 1170 1479 tunc
1192 1450 1395 1488 confirmatores
1417 1448 1486 1478 alios
1509 1458 1559 1477 non
1582 1449 1712 1486 assignet,
1729 1449 1775 1477 sed

1029 1500 1085 1537 ipsi
1107 1498 1265 1527 huiusmodi
1286 1497 1426 1526 electionis
1447 1501 1472 1525 et
1494 1497 1710 1535 confirmationis
1729 1506 1775 1525 ne-

1027 1548 1131 1585 gotium
1153 1547 1229 1575 modo
1250 1545 1338 1574 debito
1353 1550 1538 1583 exequuntur.
1557 1545 1602 1574 Aa
1618 1545 1693 1581 haec,
1710 1555 1776 1583 quo-

1030 1605 1145 1634 cumque
1159 1604 1223 1625 easu
1241 1594 1357 1624 viderint
1373 1594 1514 1633 eapattre,
1530 1594 1635 1632 possint
1651 1596 1775 1633 praefati

1032 1646 1184 1674 visitatores
1204 1646 1327 1683 priorem
1348 1643 1513 1682 suspendere
1532 1643 1563 1672 ab
1579 1643 1665 1681 officio
1681 1647 1705 1671 et
1727 1643 1775 1672 ad-

1030 1693 1235 1722 ministratione
1254 1692 1398 1731 prioratus
1420 1692 1454 1720 ad
1476 1696 1596 1729 tempus,
1623 1690 1667 1719 ‘cel
1689 1700 1774 1729 usque

1030 1742 1064 1771 tul
1085 1741 1240 1781 capitulum
1256 1740 1394 1779 generale,
1411 1744 1435 1769 et
1453 1740 1610 1769 huiusmodi
1627 1739 1774 1768 absolutio-

1033 1801 1091 1819 nem
1103 1800 1149 1819 scu
1163 1791 1357 1829 privationem,
1371 1789 1395 1818 si
1409 1798 1490 1827 quam
1503 1789 1633 1826 fecerint,
1646 1789 1775 1826 protinus

1028 1840 1105 1877 patri
1118 1838 1243 1876 generali
1259 1839 1285 1867 in
1301 1838 1413 1876 scriptis
1428 1838 1580 1875 notificent,
1597 1840 1623 1865 ut
1640 1837 1708 1865 idem
1726 1836 1775 1864 liu-

1030 1888 1149 1917 iusmodi
1172 1888 1276 1925 negotia
1292 1887 1375 1920 sciat,
1393 1890 1428 1922 et,
1445 1886 1469 1915 si
1484 1890 1615 1924 oporteat,
1632 1885 1775 1923 provideat

1030 1939 1059 1966 in
1078 1938 1189 1966 eisdem.
1207 1936 1365 1974 Praes'atam
1383 1944 1487 1974 quoque
1501 1938 1657 1973 potestatem
1677 1934 1776 1971 constr-

1030 1985 1125 2014 mandi
1139 1984 1179 2014 vel
1195 1984 1357 2023 infirmandi
1371 1983 1515 2012 electiones
1533 1982 1648 2011 habeant
1662 1991 1776 2019 genera-

1031 2034 1069 2062 les
1084 2033 1236 2062 visitatores
1247 2033 1274 2062 in
1289 2031 1462 2071 prioratibus
1477 2031 1618 2060 domorum
1632 2040 1698 2059 suae
1710 2030 1776 2058 risi-

1030 2081 1158 2118 tationis‚
1177 2090 1253 2119 quas,
1271 2084 1390 2118 tempore
1406 2088 1457 2118 quo
1479 2079 1508 2108 in
1531 2079 1631 2108 eisdem
1653 2077 1776 2107 domibus

1028 2130 1185 2169 generalem
1207 2139 1282 2159 suam
1301 2129 1487 2158 visitationem
1508 2132 1647 2161 exercent,
1667 2128 1777 2156 etiamsi

1030 2179 1100 2209 alias
1122 2188 1204 2217 qutun
1224 2187 1276 2217 per
1295 2177 1480 2216 privationem
1502 2185 1598 2205 vacare
1622 2172 1774 2213 co‘ntigerit.

1267 2259 1530 2282 EXTRAVAGANTES.

1070 2332 1090 2353 ι.
1115 2322 1216 2353 Officia
1250 2330 1324 2361 quae
1357 2320 1551 2360 providentur
1572 2328 1587 2348 a
1614 2318 1778 2348 definitori-

1030 2372 1096 2409 bus,
1113 2371 1210 2411 qualia
1226 2375 1295 2400 sunt
1310 2370 1495 2400 visitatorum
1513 2367 1706 2406 generalium,
1725 2367 1775 2397 de-

1031 2423 1198 2460 putatorum
1220 2418 1340 2458 capituli
1364 2417 1490 2456 privati,
1520 2421 1549 2446 et
1571 2415 1702 2455 priorum
1725 2425 1776 2445 no-

1031 2477 1131 2499 varum
1147 2467 1311 2505 domorum,
1330 2466 1521 2496 conserantur
1535 2473 1587 2504 per
1602 2464 1774 2494 electionem

1031 2525 1097 2546 cum
1120 2515 1277 2552 scrutinio,
1300 2519 1329 2544 et
1352 2523 1409 2544 non
1433 2522 1484 2552 per
1506 2512 1772 2552 compromissum3

243 2564 288 2592 nia
310 2563 397 2592 nostri
419 2561 535 2592 Ordinis
557 2564 682 2592 instituta
696 2586 704 2600 ,
727 2566 832 2602 gratias
854 2571 901 2596 aut
926 2567 989 2605 pri·
1030 2565 1166 2603 idemque
1189 2567 1321 2593 servetur
1343 2562 1372 2592 in
1396 2562 1509 2601 privato
1532 2560 1672 2600 capitulo.

331 2620 408 2647 Bull.
430 2620 514 2647 Rom.
535 2636 568 2640 —-
593 2621 654 2648 Vol.
674 2622 784 2649 XXIII.
913 2627 939 2650 11

1694 180 1731 214 81
1783 190 1834 217 An.
1851 190 1879 217 C.
1902 190 1971 218 1730

1814 2340 1901 2364 Officia,
1915 2345 1970 2366 quae

1786 2366 1924 2392 providentur
1958 2373 1971 2387 a

1804 2392 1951 2413 detiuntoribus

1786 2424 1824 2444 per
1847 2420 1970 2439 scrutinium

1786 2445 1923 2466 conterenda.
