2182 3137
30 219 77 246 An.
98 218 127 244 C.
147 216 216 244 1730

57 649 106 668 Exoi
113 648 176 667 dium.

92 1231 216 1251 Familiare<

34 1262 84 1278 suos
113 1258 215 1278 nonnulli»

35 1287 121 1304 exornat
155 1284 218 1310 prisi-

34 1310 103 1335 legiis.

873 212 1016 235 CLEMENS
1042 213 1087 235 ΧΠ
1112 214 1161 235 PP.

256 264 386 292 Antonio
408 263 546 290 civitella
567 263 807 292 Beneventanae‚
824 260 968 293 magistro

258 309 361 336 domus
377 311 510 339 nostrae,
521 310 552 334 et
567 305 697 333 Antonio
713 305 826 332 Durani
840 304 967 331 Montis-

256 352 444 380 salconensis
460 351 632 385 respective
649 350 809 377 civitatum
824 350 873 376 vel
889 349 968 375 dioe-

257 404 359 424 cesum
376 395 497 424 clericis
517 402 573 422 seu
592 394 777 428 preshyteris
797 394 847 420 vel
867 393 966 423 laicis,

257 486 429 512 miliaribus
459 483 613 511 continuis
634 483 887 510 commensalibus
914 489 968 508 no-

257 530 342 562 stris,
365 530 497 556 salutem
518 531 549 555 et
569 528 767 562 apostolicam
783 526 969 554 benedictio-

258 581 336 601 nem.

268 635 512 678 Circumspecta
538 634 678 667 Romani
706 633 873 667 Pontiticis
898 643 967 675 gra-

224 689 342 721 tiarum
361 687 597 731 dispensatoris
616 686 819 730 providentia
835 687 968 719 devotos

225 746 255 774 et
286 740 399 773 fideles
437 751 531 779 suos,
559 741 631 773 illos
665 739 886 782 praesertim,
914 738 991 781 qur

225 799 316 836 grata
342 793 570 826 familiaritatis
603 793 763 835 obsequia
795 791 915 834 iugiter
940 790 969 823 ei

224 847 428 890 impendunt,
448 857 483 879 ac
510 857 590 889 quos
616 847 654 879 ad
680 846 710 878 id
737 847 817 878 alias
834 844 970 888 propria

224 900 379 932 virtutum
405 900 519 932 merita
552 899 786 932 commendant
805 926 811 937 ‚
834 898 970 931 lionoris
991 919 992 925 η

226 957 257 985 et
274 952 377 984 famae
396 952 611 995 amplioribus
626 952 810 995 praeconiis
825 963 861 984 ac
880 962 972 994 prae-

227 1005 323 1038 claris
348 1005 543 1048 dignitatum
571 1006 670 1039 titulis
697 1007 852 1038 decorare
871 1010 902 1037 ct
923 1016 973 1037 or·
993 1024 994 1027 =

226 1070 327 1097 nare,
364 1069 492 1092 necnon
531 1059 681 1102 specialis
719 1060 971 1092 benevolentiae

227 1112 391 1145 favoribus
418 1113 571 1156 amplecti
607 1114 712 1153 solet,
739 1119 835 1156 prout
860 1123 972 1156 perso-

228 1176 343 1198 narum
371 1166 583 1209 qualitatibus
603 1167 764 1209 conspicit
782 1166 971 1199 convenire.

272 1219 287 1261 g
306 1218 337 1250 ’1.
358 1219 440 1251 llinc
458 1220 610 1261 estquod
626 1230 693 1258 nos,
714 1220 752 1251 ad
776 1224 866 1262 grata
885 1219 974 1251 tami-

230 1271 377 1303 liaritatis
396 1272 567 1315 obsequia,
594 1284 675 1315 quae
701 1283 775 1312 vos,
803 1273 856 1315 qui
876 1272 974 1305 etiam

230 1325 378 1356 continui
405 1326 644 1358 commensales
678 1326 783 1358 nostri
816 1325 976 1365 existitis,

231 1383 262 1408 et
287 1377 426 1420 quilibet
450 1383 589 1410 vestrum
621 1379 714 1411 nobis
741 1379 896 1411 hactenus
918 1378 977 1411 im-
997 1393 999 1397 ⁴

231 1431 401 1473 permistis,
420 1437 450 1463 et
468 1432 574 1464 adbuc
601 1432 750 1465 sollicitis
777 1433 893 1465 studiis
920 1433 978 1464 im-

231 1484 375 1526 pendere
402 1496 468 1517 non
495 1486 666 1526 desistitis,
690 1497 818 1519 necnon
837 1487 876 1519 ad
895 1487 977 1519 vitae

231 1547 266 1569 ac
292 1548 417 1570 morum
444 1539 664 1579 honestatem,
686 1539 814 1582 aliaque
834 1540 978 1573 laudabi-

232 1591 275 1624 lia
293 1591 465 1634 probitatis
491 1598 521 1625 et
542 1593 692 1625 virtutum
713 1593 837 1632 merita,
858 1593 977 1636 quibus

232 1654 388 1687 personas
414 1652 535 1678 vestras
569 1646 666 1678 etiam
704 1647 854 1679 familiari
881 1657 979 1690 expe-

233 1697 350 1730 rientia
379 1698 480 1730 iuvari
517 1699 750 1741 percepimus,
780 1699 978 1742 condignam

233 1751 392 1784 rationem
421 1752 600 1791 babentes,
629 1763 664 1784 ac
698 1759 874 1796 propterea
909 1764 978 1786 eas-

234 1804 307 1837 dem
335 1815 491 1847 personas
517 1810 639 1838 vestras
670 1806 844 1848 peculiaris
871 1806 977 1839 favore

234 1858 379 1900 gratiae,
407 1870 443 1891 ac
469 1859 620 1901 specialis
654 1859 792 1891 lionoris
819 1865 849 1892 et
876 1861 1001 1892 excel-¹

233 1911 354 1944 lentiac
373 1912 539 1954 dignitatis
559 1914 653 1945 titulo
675 1914 853 1946 sublimare
872 1915 977 1946 volen-

235 1970 293 2004 tes,
312 1975 433 2007 vosque
452 1971 484 1997 et
501 1965 682 2008 quemlibet
706 1973 850 1999 veztrum
872 1977 888 1998 a
907 1967 978 2009 qui-

233 2017 340 2050 busvis
366 2018 723 2058 excommunicationis,
752 2020 978 2062 suspensionis

234 2077 266 2104 et
286 2071 462 2110 interdicti,
490 2071 627 2114 aliisque
653 2072 882 2104 ecclesiasticis
910 2084 978 2105 sen-

234 2124 362 2162 tentiis,
387 2124 533 2156 censuris
568 2130 599 2156 et
624 2126 762 2167 poenis,
789 2136 806 2157 a
832 2126 901 2158 iure
926 2127 976 2159 vel

235 2177 274 2209 ab
295 2177 441 2217 bomine,
471 2177 583 2220 quavis
608 2178 780 2211 occasione
806 2179 855 2211 vel
882 2182 978 2212 causa

234 2230 327 2270 latis,
354 2230 378 2262 si
411 2231 528 2274 quibus
555 2232 800 2274 quomodolibet
830 2232 977 2266 innodati

236 2283 384 2323 existitis,
403 2285 440 2316 ad
467 2284 614 2317 effectum
642 2286 862 2328 praesentium
889 2286 980 2319 dum-

238 2341 322 2368 taxat
339 2337 618 2379 consequendum,
635 2338 751 2370 harum
771 2339 853 2371 serie
873 2339 980 2372 absol-

236 2394 348 2421 ventes
368 2395 400 2421 et
418 2389 586 2423 absolutos
605 2390 673 2423 sore
693 2397 872 2432 censentes,
891 2398 980 2425 motu

237 2442 384 2485 proprio,
401 2437 466 2475 non
486 2443 523 2475 ad
543 2449 682 2476 vestram
703 2445 751 2477 vel
770 2446 903 2478 alterius
923 2457 981 2489 pro

238 2495 329 2528 vobis
355 2506 454 2539 super
487 2497 550 2529 hoc
579 2498 707 2530 oblatae
737 2498 905 2540 petitionis
936 2500 983 2532 in-

238 2549 410 2588 stantiam,
442 2549 497 2582 sed
532 2550 571 2582 de
597 2552 685 2582 mera
721 2551 918 2585 liberalitate
951 2558 983 2585 et

237 2603 325 2634 cerui
349 2602 485 2635 scientia
511 2602 640 2641 nostris,
659 2613 695 2635 ac
716 2604 755 2635 de
781 2605 981 2646 apostolicae

330 2663 406 2691 linit,
431 2665 515 2691 Rom.
534 2680 565 2684 -
588 2666 647 2691 Vol.
674 2665 781 2692 XXIII.
930 2667 962 2693 19

1656 201 1721 234 145

1011 260 1184 303 potestatis
1210 261 1427 303 plenitudine,
1448 271 1504 293 vos
1529 266 1560 292 et
1581 259 1760 303 quemlibet

1010 318 1154 345 vestrum
1182 314 1362 356 respective
1393 314 1427 346 in
1452 319 1581 346 nostros
1609 318 1641 346 et
1665 312 1757 345 Sedis

1010 366 1218 408 Apostolicae
1236 367 1379 400 notarios
1397 368 1486 409 (sinc
1506 373 1613 399 tamen
1632 366 1761 409 praeiu-

256 441 362 475 palatii
382 440 481 467 nostri
501 439 662 472 apostotici
683 438 902 468 ratiocinatori‚
923 438 968 463 fa-
988 430 990 449 i
1012 419 1098 451 dicio
1118 419 1310 452 dilectorum
1330 419 1470 452 filiorum
1496 420 1700 452 notariorum
1719 418 1758 450 de

1011 483 1151 505 numero
1178 473 1467 516 participantium)
1494 473 1673 516 apostolica
1704 482 1760 504 au-

989 551 990 562 2
1011 525 1163 558 ctoritate
1183 531 1295 558 tenore
1321 527 1543 568 praesentium
1568 525 1761 568 recipimus,

1012 590 1048 611 ac
1074 579 1156 611 sacri
1178 579 1288 621 palatii
1308 584 1339 611 et
1357 580 1448 611 aulae
1466 579 1693 612 Latcranensis
1708 588 1759 610 co-

1012 632 1114 672 mites
1127 642 1257 665 necnon
1276 638 1407 664 auratae
1424 632 1556 664 militiae
1572 632 1709 674 equites,
1724 642 1760 663 ac

1013 685 1141 717 nobiles
1160 685 1334 723 Romanos,
1355 690 1386 717 et
1411 685 1498 716 urbis
1518 685 1648 723 Romae,
1669 694 1705 716 ac
1722 684 1763 716 ci-

1012 739 1145 770 vitatum
1165 739 1415 776 Avenionensis,
1438 737 1667 776 Bononiensis
1686 737 1760 769 Fer-

1013 791 1169 824 rariensis
1195 797 1227 823 et
1252 792 1512 828 Beneventanae,
1542 790 1756 832 omniumque

1014 850 1045 876 et
1070 843 1272 886 singularum
1299 843 1435 876 ullarum
1465 843 1645 881 civitatum,
1667 848 1764 874 terra·

1014 908 1083 930 rum
1103 903 1133 930 et
1151 898 1299 930 locorum
1326 898 1492 929 Romanae
1519 895 1682 928 Ecclesiae
1700 905 1762 927 me-

1017 950 1101 984 diate
1127 952 1175 983 vel
1202 951 1389 983 immediate
1416 949 1640 982 subiectorum
1662 947 1757 987 cives,

1016 1015 1089 1037 cum
1115 1005 1266 1037 omnibus
1294 1004 1430 1044 iuribus,
1457 1001 1761 1039 iurisdictionibus,

1016 1057 1252 1101 praerogativis
1288 1064 1320 1090 et
1356 1056 1540 1099 insignibus
1578 1055 1696 1087 debitis
1734 1060 1766 1086 et

1018 1111 1182 1144 consuetis
1219 1121 1365 1143 creamus
1399 1116 1431 1142 et
1456 1108 1700 1147 constituimus,
1728 1118 1765 1140 ac

1018 1164 1049 1196 in
1076 1175 1246 1197 numerum
1266 1169 1297 1196 ct
1315 1163 1516 1196 consortium
1542 1162 1679 1194 aliorum
1705 1171 1766 1193 no-

1018 1224 1157 1251 strorum
1183 1222 1213 1251 et
1239 1217 1384 1250 eiusdem
1418 1217 1510 1249 Sedis
1537 1215 1763 1254 notariorum,

1019 1282 1146 1304 necnon
1178 1271 1288 1314 palatii
1315 1277 1345 1303 et
1370 1272 1460 1303 aulae
1495 1268 1685 1302 huiusmodi
1712 1278 1767 1300 co-

1020 1326 1143 1364 mitum,
1159 1325 1303 1368 equitum
1322 1331 1351 1356 ct
1370 1325 1528 1356 nobilium
1545 1332 1766 1361 romanorum,

1021 1379 1226 1421 aliorun‘ique
1264 1378 1380 1410 civium
1418 1377 1580 1409 civitatum
1607 1382 1639 1409 ct
1666 1382 1766 1408 terra-

1021 1443 1091 1464 rum
1112 1432 1365 1474 praedictarum,
1386 1431 1558 1463 rel'erimus
1577 1435 1608 1462 et
1629 1429 1767 1461 conscri-

1022 1485 1147 1524 bimus,
1174 1485 1354 1527 vobisque,
1390 1483 1514 1515 etiamsi
1553 1482 1700 1515 habitum
1737 1486 1768 1513 et

1022 1539 1227 1571 ro‹·cheuum
1242 1538 1443 1570 notariorum
1460 1536 1564 1568 dictae
1575 1535 1667 1568 Sedis
1682 1535 1768 1567 iuxta

1023 1591 1152 1624 decreta
1178 1591 1406 1623 Lateranensis
1433 1589 1569 1622 Concilii
1593 1589 1768 1621 novissime

1023 1644 1178 1678 celebrati
1206 1655 1272 1677 non
1300 1643 1460 1681 deseratis,
1480 1648 1532 1675 aut
1552 1642 1695 1675 civitates
1714 1642 1768 1674 liu-

1023 1697 1163 1731 iusmodi
1188 1708 1254 1731 non
1288 1697 1490 1729 incolueritis
1507 1723 1514 1736 ,
1542 1707 1602 1728 nec
1627 1706 1770 1739 unquam

1023 1752 1055 1784 in
1078 1752 1199 1784 eisdem
1218 1750 1403 1783 civitatibus
1426 1749 1627 1782 domicilium
1650 1749 1771 1781 habue-

1022 1805 1102 1844 ritis‚
1120 1808 1154 1838 ut
1180 1804 1330 1836 omnibus
1357 1809 1388 1836 et
1413 1803 1676 1846 quilmscumquc
1704 1802 1770 1844 pri-

1023 1859 1150 1901 vilegus
1176 1864 1207 1889 et
1235 1857 1458 1895 iaciiltatibiis,
1485 1856 1768 1899 exemptionibus,

1023 1912 1304 1950 immunitatibus,
1329 1910 1556 1949 libertatibus,
1584 1909 1768 1949 favoribus,

1021 1965 1136 2008 gratiis
1164 1971 1194 1996 et
1219 1964 1372 2001 indultis,
1393 1963 1513 2006 quibus
1536 1962 1634 1994 ceteri
1658 1972 1771 1994 omncs

1022 2018 1141 2051 notarii
1170 2017 1270 2051 nostri
1298 2017 1393 2049 etiam
1413 2017 1452 2049 de
1472 2027 1611 2048 numero
1637 2015 1770 2058 partici-

1022 2071 1183 2114 pantium,
1204 2082 1239 2103 ac
1257 2070 1406 2109 comites,
1428 2070 1551 2113 equites
1580 2074 1609 2101 et
1630 2069 1770 2116 nobiles¹

1023 2126 1121 2168 (citra
1149 2131 1255 2157 tamen
1284 2124 1509 2166 exemptiones
1536 2135 1553 2156 a
1573 2133 1665 2155 sacro
1690 2122 1771 2155 Con-

1022 2179 1099 2211 cilio
1125 2177 1319 2210 Tridentino
1352 2177 1516 2217 sublatas,
1546 2176 1624 2209 itaut
1650 2176 1770 2208 nedum

1024 2232 1136 2275 quoad
1164 2230 1359 2269 criminalia,
1388 2230 1446 2262 sed
1472 2230 1567 2262 etiam
1598 2229 1701 2271 quoad
1729 2228 1771 2260 ci-

1023 2285 1099 2317 vilia
1125 2283 1319 2316 subiaccatis
1344 2282 1532 2322 Ordinariis,
1558 2293 1593 2314 ac
1620 2282 1700 2313 citra
1730 2281 1771 2313 sa-

1025 2339 1161 2370 cultates
1186 2336 1407 2378 legitimandi,
1434 2336 1470 2367 ad
1498 2335 1616 2376 gradus
1642 2344 1771 2376 promo-

1025 2391 1134 2430 vendi,
1155 2391 1300 2423 notarios
1325 2400 1381 2421 scu
1410 2388 1600 2421 tabelliones
1624 2387 1769 2426 creandi,

1025 2445 1154 2487 aliaque
1182 2443 1368 2475 huiusmodi
1396 2440 1565 2484 privilegia
1587 2452 1602 2472 a
1634 2440 1771 2472 notariis

1026 2504 1057 2530 ct
1085 2496 1260 2530 comitibus
1286 2495 1437 2538 praefatis
1471 2499 1666 2536 praetensa,
1692 2493 1772 2525 itaut

1027 2551 1090 2583 illis
1122 2549 1238 2583 nullibi
1274 2549 1319 2581 uti
1353 2547 1502 2586 valeatis,
1528 2558 1563 2579 ac
1588 2547 1715 2579 irritum
1742 2552 1773 2579 et

1027 2604 1124 2636 inane
1159 2603 1272 2635 existat
1308 2601 1469 2644 quidquid
1502 2610 1594 2633 secus
1625 2610 1684 2642 per
1719 2611 1772 2633 vos

1768 212 1816 236 An.
1839 210 1866 237 C.
1885 210 1954 237 1730
