2182 3137
266 299 315 325 Λη.
332 299 361 326 e.
385 297 450 325 1732
495 289 559 323 452

308 1420 451 1446 chirographo

272 1454 316 1468 mm
329 1448 408 1467 entend-1
419 1453 451 1467 ro-

272 1475 310 1494 imr
329 1475 382 1494 nien»
398 1473 452 1494 adi·-
463 1465 639 1498 formandis
656 1467 860 1509 potissimum
878 1468 1068 1509 quibusdam
1090 1467 1193 1500 minus

272 1504 334 1521 citur.

304 2006 332 2028 Do
344 2007 457 2032 alvom-2:5-

277 2035 307 2055 ni<
321 2041 339 2054 in
353 2038 457 2059 pauperos

278 2061 396 2086 erogandis.

1031 299 1213 324 BULLAnnJM
1236 298 1394 324 ROMANUM
1967 299 2014 327 An.
2036 299 2064 327 C.
2086 299 2151 327 1732

458 358 539 392 opus
565 349 614 389 sit,
641 348 840 389 innovantes,
859 360 986 383 necnon
1004 360 1187 393 quamcum-
1229 348 1259 381 id
1286 349 1427 382 muneris
1452 359 1603 382 exercere
1621 354 1734 392 pergat
1759 359 1831 382 cum
1853 348 1961 382 debita

458 412 521 445 que
553 403 832 444 consuetudinem,
862 414 964 442 usum,
997 404 1189 447 interpreta-

458 456 587 494 tionem,
606 456 750 498 gratiam,
770 457 1019 491 declarationem
1045 464 1097 491 aut
1114 469 1188 491 con-

458 509 636 541 cessionem
663 509 693 542 in
719 512 914 543 contrarium
945 512 1190 554 quomodolibet

457 562 680 602 subsecutam,
707 564 925 598 emolumenta
949 565 1090 608 praefata
1115 571 1190 597 tem-

459 625 537 657 pore
561 615 651 649 Sedis
676 617 817 650 vacantis
844 618 1080 661 respicientem,
1101 629 1190 650 revo-

459 673 569 700 cantes
603 674 634 701 et
666 669 868 711 abrogantes,
904 671 1125 714 prohibemus,
1150 681 1190 703 ne

459 720 497 753 de
516 726 623 754 cetero
637 722 793 764 praedicti
812 724 948 763 auditor,
964 724 1190 763 thesaurarius,

458 774 694 816 praesidentes,
714 776 822 808 clerici
842 782 874 809 et
898 788 1039 820 praeses,
1064 788 1099 810 ac
1124 787 1191 809 car-

460 827 576 860 dinalis
602 829 806 867 camerarius,
833 840 917 863 nunc
953 837 985 863 et
1019 842 1077 874 pro
1115 835 1191 863 tem-

459 891 537 924 pore
574 881 684 914 itidem
720 882 910 923 existentes,
949 883 1121 926 quicquam
1154 894 1190 915 ex

460 935 686 967 emolumentis
705 935 838 977 aliisque
857 935 1042 978 praemissis
1061 935 1192 978 quibus-

460 997 608 1030 cumque,
633 988 679 1020 sic
703 988 848 1027 reunitis,
875 988 1041 1031 applicatis
1077 994 1108 1020 et
1142 988 1190 1020 in-

460 1039 648 1082 corporatis,
667 1039 749 1073 Sede
774 1046 916 1080 vacante,
935 1040 1101 1082 attingant,
1128 1040 1191 1073 exi-

458 1098 533 1134 gunt
557 1096 610 1125 aut
635 1092 838 1136 pe1·cipiant;
874 1094 1027 1126 translato
1053 1093 1190 1125 vicissim

459 1146 491 1177 in
508 1145 655 1178 eamdem
673 1145 837 1179 Cameram
856 1157 956 1179 onere
980 1157 1090 1180 eorum
1107 1157 1192 1179 sum-

459 1203 582 1241 ptuum,
602 1209 664 1242 quo
683 1199 785 1232 dictus
804 1200 974 1233 cardinalis
998 1200 1192 1233 camerarius

461 1251 584 1284 ratione
624 1253 919 1286 emolumentorum
958 1254 1190 1297 praefatorum,

461 1306 535 1338 duni
561 1305 600 1338 ab
618 1316 656 1339 eo
673 1306 949 1350 percipiebantur,
976 1313 1122 1350 tempore
1140 1306 1193 1340 Se-

463 1359 511 1392 dis
537 1359 676 1392 vacantis
701 1360 891 1393 sustinebat.

505 1412 520 1454 5
545 1411 598 1444 24.
625 1412 883 1456 Cliirograpbum
903 1414 1036 1457 insuper
1060 1424 1120 1457 pro
1145 1424 1192 1446 re-

464 1518 653 1551 necessariis
679 1525 731 1551 aut
748 1520 931 1562 superfluis,
951 1520 1087 1563 aliisque
1109 1520 1195 1553 ordi-

464 1572 580 1604 nandis
606 1573 762 1614 expensis,
782 1583 864 1616 quae
880 1573 962 1606 Sede
979 1579 1111 1606 vacante
1130 1584 1194 1606 non

464 1625 569 1659 minus
582 1637 641 1669 per
658 1627 773 1659 dictam
789 1627 953 1660 Camerani
967 1627 1194 1670 Apostolicam,

465 1690 560 1722 quam
597 1689 654 1722 per
685 1678 849 1713 Cameram
886 1680 1106 1723 Capitolinam,
1139 1691 1194 1713 seu

466 1732 534 1764 eius
554 1731 697 1772 nomine,
723 1732 789 1765 lieri
815 1739 1000 1773 noscuntur,
1019 1735 1197 1766 nonnullis-

467 1795 529 1827 que
555 1785 626 1818 aliis
651 1785 747 1817 iebus
773 1796 810 1818 eo
848 1792 991 1829 tempore
1026 1787 1198 1819 salubriter

467 1838 667 1881 dirigendis,
695 1840 887 1882 propediem
924 1841 1019 1874 edere
1057 1841 1198 1874 decrevi-

466 1903 548 1932 mus,
577 1893 662 1935 quod
689 1893 834 1926 eamdem
861 1894 934 1933 vim,
954 1894 1053 1927 robur
1077 1900 1108 1927 et
1133 1894 1200 1928 essi-

468 1945 587 1979 caciam
613 1956 648 1978 ae
665 1952 850 1988 praesentes
875 1947 995 1980 habere
1020 1947 1198 1981 volumus¹.

512 2000 527 2042 ἓ
552 1998 605 2032 25.
624 1998 733 2042 Neque
758 2005 874 2039 tamen,
894 2001 968 2033 dum
995 2001 1136 2033 animum
1162 2002 1199 2034 ad

469 2053 614 2086 levamen
629 2052 742 2085 aerarii
759 2052 913 2096 pontificii
928 2053 1103 2095 adiicimus,
1117 2054 1202 2087 Chri-

472 2106 511 2139 sti
530 2116 709 2150 pauperum
727 2117 764 2140 ac
779 2117 956 2149 egenorum
971 2107 1200 2147 obliviscimur,

472 2161 575 2204 probe
591 2161 742 2199 scientes,
756 2171 794 2194 eo
809 2161 945 2195 maxime
962 2167 1120 2205 tempore,
1132 2173 1202 2195 cum

473 2214 512 2247 de
543 2214 686 2247 creando
722 2213 877 2247 pontifice
914 2215 1031 2258 agitur,
1064 2215 1202 2249 divinam

472 2278 567 2311 opem
591 2278 651 2311 per
670 2267 815 2300 assiduas
834 2278 958 2311 preces,
976 2269 1101 2312 aliaque
1119 2270 1204 2302 chri-

473 2321 595 2354 stianae
620 2320 750 2364 pietatis
775 2326 807 2354 et
830 2321 995 2354 charitatis
1021 2333 1122 2365 opera
1146 2323 1205 2355 im-

473 2374 605 2418 pensius
632 2374 855 2417 expetendam,
881 2385 917 2407 ac
944 2375 1124 2418 promereri
1149 2386 1199 2408 sa-

474 2427 648 2471 tagendum
667 2438 756 2469 esse;
783 2427 942 2472 ideoque,
962 2428 1055 2461 sicuti
1073 2439 1205 2471 magno-

474 2491 551 2525 pere
569 2482 845 2522 commendamus,
863 2482 905 2514 ita
923 2492 1053 2525 quoque
1074 2483 1204 2516 retineri

474 2535 619 2568 volumus
654 2534 849 2568 laudabilem
886 2545 1007 2568 morem
1040 2535 1072 2568 in
1105 2536 1206 2569 tribus

476 2588 650 2633 postremis
668 2589 807 2622 comitiis
823 2589 1035 2629 observatum,
1057 2595 1091 2622 ut
1115 2590 1206 2623 nimi-

433 2640 437 2646 “
478 2651 548 2675 rum
573 2641 714 2676 defuncti
739 2642 904 2676 Pontificis
935 2643 1208 2687 eleemosynarius

514 2705 527 2732 1
548 2703 725 2740 Chirograph.
740 2704 826 2733 habes
839 2708 900 2742 post
913 2704 984 2733 hane
999 2706 1090 2734 coust.
1106 2707 1147 2742 (R.
1161 2705 1209 2741 T.)-

1231 403 1371 444 collegio
1396 402 1607 435 cardinalium
1633 403 1832 436 subiectione
1862 407 1894 436 et
1923 402 1962 435 ab

1232 467 1269 489 eo
1294 456 1522 498 dependentia.
1543 456 1645 488 donec
1663 467 1698 488 ac
1716 466 1884 499 quousque
1907 466 1963 488 no-

1233 520 1289 541 vus
1331 509 1472 541 Pontifex
1514 509 1650 551 eligatur
1669 535 1676 548 ,
1713 514 1811 552 utque
1852 509 1964 542 eadem

1234 562 1388 605 pecuniae
1414 563 1575 605 quantitas
1593 562 1625 594 in
1642 561 1889 595 subventionem
1915 562 1964 595 di-

1234 621 1357 648 ctorum
1394 625 1570 658 pauperum
1607 620 1639 647 et
1675 625 1852 657 egenorum
1882 614 1964 648 Sede

1234 674 1364 700 vacante
1390 678 1447 710 per
1471 668 1575 711 ipsum
1594 668 1884 711 eleemosynarium
1903 668 1964 701 dis-

1234 726 1390 763 pensetur
1407 731 1442 753 ac
1460 725 1625 763 erogetur,
1644 730 1725 763 quae
1744 720 1868 753 vivente
1887 721 1966 753 Pon-

1235 773 1318 806 tifice
1337 773 1487 806 distribui
1512 774 1611 813 solet;
1637 774 1675 805 ad
1701 783 1794 816 quem
1816 773 1965 806 effectum

1234 832 1388 859 consueta
1413 826 1562 859 mandata
1587 836 1604 858 a
1629 825 1730 858 tribus
1747 825 1967 859 cardinalibus

1235 879 1265 911 in
1292 879 1406 912 ordine
1438 879 1601 923 prioribus
1634 889 1689 912 seu
1726 879 1889 922 deputatis
1915 889 1969 912 ex-

1235 932 1417 975 pediantur.

1277 986 1291 1028 5
1317 985 1367 1018 26.
1386 986 1552 1020 Postremo
1571 987 1715 1021 districte
1733 986 1966 1031 praecipiendo
2004 996 2160 1018 Destrictfitit-

1235 1039 1422 1072 mandamus
1457 1040 1607 1073 omnibus
1633 1047 1664 1074 et
1689 1040 1824 1083 singulis
1863 1023 2159 1073 cardi-{i‘5222'30325⁰²”

1235 1092 1362 1125 nalibus
1387 1093 1612 1136 praesentibus
1637 1105 1673 1127 ac
1696 1093 1966 1137 quandocumque

1235 1146 1363 1187 suturis,
1393 1157 1450 1187 ne,
1480 1152 1592 1180 contra
1617 1148 1700 1180 lianc
1724 1153 1868 1180 nostram
1892 1157 1969 1180 con-

1235 1199 1435 1233 stitutionem
1461 1206 1492 1233 et
1516 1203 1549 1233 in
1574 1212 1611 1234 ea
1646 1201 1846 1245 praescripta
1870 1205 1967 1244 atque

1235 1258 1393 1293 contenta,
1413 1253 1581 1297 quicquam
1600 1254 1786 1297 disponere,
1806 1253 1967 1294 ordinare,

1236 1311 1387 1346 statuere,
1406 1307 1523 1347 facere,
1541 1312 1691 1347 tractare,
1717 1307 1824 1340 moliri
1850 1307 1900 1340 vel
1925 1311 1970 1339 at-

1238 1365 1370 1399 tentare,
1397 1370 1474 1393 eave
1499 1360 1530 1392 in
1557 1360 1665 1404 aliquo
1691 1360 1867 1403 corrigere,
1894 1361 1970 1393 alte-

1238 1424 1308 1446 rare
1348 1424 1403 1446 seu
1439 1420 1561 1446 mutare
1606 1420 1813 1456 praesumant
1856 1413 1970 1458 quovis

1238 1472 1414 1510 praetextu,
1440 1469 1533 1500 causa
1559 1468 1607 1501 vel
1633 1467 1792 1511 exquisito
1817 1468 1940 1500 colore.

1281 1521 1295 1563 5
1320 1520 1372 1554 27.
1401 1521 1503 1564 thue
1530 1521 1715 1555 huiusmodi
1749 1526 1859 1554 nostra
1894 1531 1971 1554 con-

1238 1573 1360 1606 stitutio
1387 1574 1602 1607 inviolabilius
1631 1580 1785 1614 servetur,
1816 1580 1879 1607 tres
1904 1584 1972 1607 car-

1239 1627 1382 1668 dinales,
1410 1628 1463 1672 qui
1496 1634 1805 1674 supramemoratam
1835 1638 1972 1668 congre-

1240 1681 1401 1724 gationem
1446 1682 1672 1725 particularem
1718 1693 1779 1725 pro
1826 1687 1971 1725 tempore

1240 1735 1448 1773 constituunt,
1467 1745 1502 1767 ac
1525 1736 1674 1769 ordinum
1700 1736 1805 1779 capita
1829 1746 1973 1769 commu·

1242 1788 1324 1821 niter
1349 1789 1562 1831 appellantur,
1589 1795 1620 1822 et
1644 1800 1713 1821 eum
1739 1789 1777 1822 iis
1798 1788 1971 1822 cardinalis

1242 1842 1438 1875 camerarius
1474 1843 1618 1875 eamdem
1651 1842 1914 1876 constitutionem
1940 1842 1973 1875 in

1242 1896 1389 1929 omnibus
1425 1901 1456 1929 et
1491 1906 1549 1939 per
1584 1896 1709 1936 omnia,
1749 1901 1843 1940 prout
1877 1896 1974 1929 etiam

1244 1949 1398 1992 disposita
1415 1961 1432 1982 a
1450 1949 1543 1982 dictis
1561 1949 1879 1992 praedecessoribus,
1899 1949 1975 1982 huic

1244 2008 1372 2036 nostrae
1397 2002 1616 2036 constitutioni
1649 2013 1712 2036 non
1749 2002 1973 2046 repugnantia,

1244 2063 1352 2090 exacte
1378 2056 1541 2090 observari
1566 2061 1739 2100 procurent
1771 2062 1803 2089 et
1838 2056 1974 2098 saciant;

1244 2120 1341 2153 super
1355 2120 1418 2153 quo
1434 2119 1562 2152 percos
1580 2109 1748 2153 ipsumque
1766 2109 1976 2143 camerarium

1245 2163 1400 2196 rationem
1425 2163 1534 2197 futuro
1560 2162 1705 2196 Pontifici
1731 2163 1823 2196 reddi
1858 2163 1976 2196 debere

1245 2217 1411 2249 statuimus
1437 2222 1469 2249 et
1493 2217 1697 2249 mandamus.

1289 2271 1304 2313 ἓ
1321 2268 1375 2302 28.
1398 2269 1611 2302 Decernentes
1628 2269 1761 2313 pariter,
1780 2269 1865 2312 ipsas
1883 2280 1977 2314 prae·
2014 2275 2133 2299 Clausulam

1246 2329 1355 2356 sentes
1379 2323 1512 2361 litteras,
1532 2322 1609 2355 etin
1634 2322 1679 2355 eis
1701 2328 1854 2356 contenta
1879 2333 1978 2366 quae-

1247 2387 1404 2419 cumque,
1442 2376 1536 2408 etiam
1574 2386 1610 2408 ex
1648 2386 1686 2408 eo
1712 2376 1797 2418 quod
1832 2375 1977 2409 eiusdem

1246 2429 1277 2462 S.
1291 2428 1327 2461 R.
1343 2428 1375 2461 E.
1390 2428 1580 2469 cardinales,
1599 2438 1775 2472 eorumque
1793 2428 1979 2470 collegium,

1248 2488 1279 2516 et
1315 2483 1368 2516 alii
1400 2482 1534 2526 quilibet
1570 2482 1602 2514 in
1639 2482 1823 2525 praemissis
1848 2482 1896 2515 ius
1929 2483 1978 2516 vel

1248 2536 1403 2569 interesse
1429 2535 1587 2568 habentes
1611 2545 1666 2568 seu
1693 2536 1813 2568 habere
1847 2546 1979 2579 quomo·

1249 2589 1371 2622 dolibet
1395 2590 1653 2633 praetendentes,
1678 2588 1742 2622 illis
1761 2599 1826 2622 non
1844 2599 1979 2623 consen·

1249 2643 1360 2683 serint,
1396 2653 1455 2676 nec
1485 2641 1523 2675 ad
1559 2653 1596 2675 ea
1632 2642 1734 2675 vocati
1772 2642 1838 2675 sive
1875 2642 1978 2676 auditi

1250 2697 1382 2738 suerint,
1409 2697 1458 2730 vel
1481 2706 1519 2729 ex
1542 2695 1605 2729 alia
1636 2705 1836 2739 quacumque
1873 2699 1978 2739 causa,
