2182 3137
141 199 191 226 An.
209 199 238 225 c.
263 198 326 225 1131
375 189 439 222 228

156 523 176 540 S.
188 522 211 541 11.
223 523 245 541 E.
257 521 325 540 cai-‹li-

145 550 204 567 catus
231 552 326 574 quamvis

141 574 228 594 Summo
274 574 325 593 assi-

140 603 220 620 sit-nter
241 600 325 620 Pantili-

142 627 169 649 ci,
184 632 222 651 pei·
241 633 271 649 se,
287 632 324 645 nisi

142 653 236 677 legitime
250 653 325 672 suerint

142 679 325 704 impediti,harum

143 711 228 731 quoque
257 705 324 725 cerle—

141 733 220 752 siarum
253 732 324 751 visita·

144 761 220 778 11011601
232 758 284 778 inire
296 760 325 777 te·

143 787 219 804 nentur
234 787 255 805 et
270 785 325 804 rela-

143 811 220 831 tionem
230 811 324 831 Pontifici

144 838 211 857 exbib:
222 844 250 858 re.

164 2265 240 2285 11111101
253 2265 334 2285 litii-rn-

149 2297 194 2311 ruiu
211 2292 297 2311 firmitas
314 2293 334 2311 et

151 2318 296 2338 otum-tantia.

335 247 465 280 clesiam
502 247 693 286 Ostiensem,
732 258 828 291 quae-
856 246 1075 290 peculiaribus

337 300 457 341 gaudet
478 300 723 342 praerogativis,
742 311 778 332 ae
799 300 993 343 praesertim
1011 299 1075 338 illa,

337 352 422 394 quod
448 352 632 391 cardinalis,
658 354 710 395 qui
738 353 764 385 ei
792 358 936 395 praeest,
970 351 1077 384 Ponti-

336 405 428 437 liccm
469 405 639 437 Maximum
682 406 815 438 solemni
857 405 935 445 ritu,
974 405 1075 447 pallio

337 457 434 490 etiam
461 458 619 496 adhibito,
646 468 839 495 consecrare
865 459 979 490 soleat.

382 513 396 551 ς’,
421 510 452 542 9.
481 510 626 550 1161111101,
656 511 713 543 etsi
741 510 873 543 minime
892 510 1075 542 dubitemus

337 563 414 605 quin
453 564 658 596 venerabiles
686 565 800 596 fratres
837 565 938 596 nostri
975 564 1077 606 ipsius

336 615 367 647 S.
389 616 426 647 11.
447 616 480 648 Ε.
509 617 704 656 cardinales,
732 617 876 659 episcopi
900 627 952 648 sex
972 616 1079 648 6111116-
1098 637 1099 640 =

337 668 473 700 dralium
501 670 710 701 ecclesiarum
728 670 957 711 praefatarum,
979 668 1079 701 omni·
1098 675 1100 683 ¹

336 721 396 753 bus
423 721 641 753 incumbentis
666 722 726 753 sibi
753 722 894 754 muneris
931 721 1076 764 partibus

336 775 497 806 cumulate
524 775 681 806 hactenus
707 774 945 812 satisfecerint,
980 774 1078 805 idern-

337 838 400 870 que
427 828 564 870 posthac
589 829 628 861 de
655 828 722 866 615,
750 838 877 860 necnon
916 827 987 859 aliis
1023 827 1077 869 qui

337 881 496 913 eiusmodi
524 881 670 914 ecclesiis
706 881 952 922 praeficientur,
985 879 1078 911 nobis

337 933 452 965 merito
479 933 706 975 polliceamur;
732 944 792 975 pro
826 935 937 965 nostra
972 938 1077 963 tamen

337 987 492 1028 pastorali
521 986 766 1024 sollicitudine,
804 996 885 1028 quae
912 995 1077 1026 nunquam

338 1039 371 1070 in
405 1040 467 1071 1106
498 1039 596 1070 nimia
629 1049 697 1071 esse
731 1044 853 1080 potest,
891 1038 929 1069 ad
967 1047 1078 1069 eorum

338 1091 528 1123 memoriam
556 1091 772 1123 revocandum
794 1090 954 1127 duximus,
975 1089 1076 1121 teneri

338 1145 438 1187 ipsos,
467 1144 591 1176 etiamsi
607 1144 638 1175 in
654 1144 738 1176 dicta
757 1144 861 1182 Curia,
883 1148 916 1173 ut
932 1143 1078 1175 Romano

339 1198 492 1229 assistant
517 1197 673 1235 Pontifici,
702 1201 955 1234 commorentur,
975 1196 1079 1227 eccle-

338 1250 401 1282 sias
428 1256 459 1282 et
484 1249 651 1282 dioeceses
676 1260 761 1288 suas,
781 1249 818 1281 ad
840 1249 1078 1291 praescriptum

339 1314 505 1336 sacrorum
533 1313 693 1335 canonum
721 1308 752 1335 et
778 1303 985 1335 decretorum
1003 1301 1080 1333 Con-

340 1356 405 1389 cilii
443 1356 632 1395 Tridentini,
668 1355 798 1388 visitare
835 1365 894 1398 per
919 1365 954 1386 se
980 1354 1080 1396 ipsos,

340 1416 415 1449 aut,
442 1409 466 1441 si
504 1409 650 1451 legitime
677 1408 823 1451 impediti
857 1408 993 1445 fuerint,
1021 1418 1081 1450 per

339 1473 432 1494 suum
459 1462 613 1494 vicarium
639 1461 672 1493 in
698 1461 922 1504 spiritualibus
949 1470 1081 1502 genera·

339 1517 415 1554 lem,
440 1515 576 1548 aliumve
602 1515 741 1557 probum
767 1520 799 1546 et
817 1514 854 1546 ad
874 1514 905 1546 id
932 1514 1079 1545 idoneum

339 1569 442 1601 virum
475 1568 753 1607 ecclesiasticum,
787 1577 913 1600 necnon
951 1566 1082 1599 relatio-

340 1633 416 1654 nem
449 1627 549 1654 status
575 1619 787 1653 eoruindem¹
814 1620 1023 1653 ecclesiarum
1050 1624 1082 1651 et

342 1675 539 1713 dioecesum,
567 1674 684 1716 quibus
710 1678 878 1716 praesunt,
905 1673 965 1715 ipsi
999 1672 1083 1704 Pon-

342 1727 433 1766 tifici,
472 1727 557 1759 iuxta
582 1727 848 1759 constitutionem
875 1726 987 1758 similis
1018 1736 1083 1758 1116-

341 1781 463 1812 moriae
489 1779 566 1812 Sixti
593 1780 652 1812 PP.
674 1779 694 1811 V
720 1779 984 1822 praedecessoris
1004 1789 1083 1821 (1110-

341 1843 403 1875 que
429 1832 543 1871 nostri,
569 1843 650 1874 quae
676 1832 791 1875 incipit
806 1832 973 1865 Romanus
998 1832 1084 1864 Pon-

343 1887 431 1928 tifecc,
457 1890 527 1924 etc„
554 1885 718 1923 exbibet-e,
740 1896 776 1917 ac
801 1891 919 1924 cetera,
947 1896 1028 1927 quae
1044 1887 1080 1917 ad

343 1939 533 1981 episcopale
559 1938 700 1971 officium
727 1938 913 1980 pertinent,
940 1938 1083 1979 diligen-

342 1999 391 2025 ter
415 1997 596 2034 praestare.
623 1990 688 2029 Qua
713 2001 791 2023 sane
824 1991 854 2023 in
889 2001 923 2023 re
948 1991 1083 2023 maxime

343 2046 438 2077 decet
464 2055 535 2084 605,
561 2055 619 2087 pro
646 2044 775 2076 sublimi
803 2055 900 2087 quem
922 2044 953 2076 in
975 2044 1106 2076 Eccle-'

343 2098 389 2130 sia
426 2097 478 2130 Dei
519 2102 630 2129 tenent
675 2097 810 2128 lionoris
848 2103 879 2128 et
915 2096 1106 2138 dignitatis*

344 2151 456 2192 gradu,
471 2150 542 2182 aliis
562 2150 714 2182 omnibus
732 2150 904 2181 antistibus
923 2151 1083 2193 exemplo,

345 2204 430 2246 (111011
458 2203 477 2235 11
504 2208 692 2245 sequentur,
718 2203 919 2244 praelucere.

389 2260 403 2300 ᾗ
429 2256 482 2289 10.
502 2257 721 2289 Decernentes
739 2256 869 2298 pariter,
890 2256 975 2299 ipsas
993 2267 1086 2298 prae-

343 2318 452 2343 sentes
479 2310 599 2343 litteras
625 2315 656 2341 et
681 2309 713 2340 in
740 2308 786 2342 eis
804 2309 961 2351 disposita
986 2320 1085 2352 quae-

344 2374 499 2406 cumque,
537 2362 633 2394 etiam
666 2373 701 2394 ex
740 2373 778 2394 eo
815 2362 900 2405 quod
937 2363 1084 2394 eiusdem

343 2416 472 2450 S.P=.E.
493 2416 674 2448 cardinales
702 2415 732 2447 in
759 2415 945 2457 praemissis
970 2415 1018 2446 1115
1037 2416 1084 2448 vel

344 2471 504 2502 interesse
531 2469 687 2501 babentes
713 2479 769 2501 seu
797 2468 918 2500 babere
948 2479 1085 2511 quomo-

346 2522 470 2555 dolibet
493 2522 742 2564 praetendentes
772 2521 836 2554 illis
861 2531 927 2553 non
948 2531 1086 2553 6011560-

384 2586 394 2610 1
417 2583 464 2610 Vel
484 2583 574 2618 potius
593 2583 763 2611 earumdem
781 2584 824 2616 (11.
845 2588 893 2615 1.),

924 198 1104 222 BULLARIUM
1131 199 1287 222 ROMANUM

1117 247 1228 286 serint,
1267 257 1326 280 1166
1363 248 1401 279 ed
1445 258 1482 279 ea
1521 247 1622 280 vocati
1659 257 1715 279 seu
1757 246 1857 279 auditi

1119 299 1252 337 fuerint,
1278 300 1342 331 sive
1369 310 1406 332 ex
1433 300 1495 332 alia
1520 310 1723 342 quacumque
1749 301 1857 338 causa,

1119 353 1244 391 601016,
1284 357 1454 394 praetextu
1488 357 1520 385 et
1545 352 1667 394 capite,
1695 352 1790 384 etiam
1828 351 1860 384 in

1119 415 1259 447 corpore
1300 405 1377 436 iuris
1414 406 1543 443 clauso,
1585 406 1677 437 nullo
1718 415 1860 446 unquam

1121 464 1271 501 tempore
1290 459 1328 490 de
1349 458 1570 500 subreptionis
1586 459 1634 491 vel
1658 458 1859 501 obreptionis

1120 517 1175 543 aut
1200 511 1360 543 nullitatis
1385 510 1480 549 vitio,
1507 521 1561 542 5611
1589 511 1779 543 intentionis
1805 521 1862 543 no-

1121 568 1207 595 strae
1233 564 1336 595 aliove
1368 564 1515 605 quolibet
1546 563 1643 595 etiam
1679 563 1804 595 formali
1831 569 1860 595 et

1121 615 1325 647 substantiali
1353 616 1481 647 defectu
1520 615 1635 654 notari,
1663 615 1859 658 impugnari,

1121 668 1265 709 infringi,
1281 668 1460 707 retractari,
1482 674 1535 699 aut
1556 668 1586 700 in
1606 670 1859 700 controversiam

1099 753 1100 760 ,
1122 722 1243 760 vocari,
1262 722 1311 753 vel
1331 722 1486 754 adversus
1504 722 1559 754 illa
1576 721 1765 764 aperitionis
1784 722 1861 758 0115,

1123 774 1340 806 restitutionis
1362 774 1394 806 in
1413 775 1586 815 integi-um,
1607 775 1733 807 aliudve
1759 774 1862 817 quod-

1122 838 1263 870 cumque
1290 828 1390 865 iuris,
1426 828 1496 859 facti
1535 829 1583 860 vel
1610 827 1732 869 gratiae
1758 837 1863 860 reme-

1123 880 1212 912 dium
1239 880 1390 913 intentari
1424 881 1473 912 vel
1500 880 1681 922 impetrari,
1719 891 1774 913 seu
1802 881 1861 912 im-

1122 939 1263 976 petrato,
1298 934 1345 966 vel
1385 934 1479 965 etiam
1521 939 1623 971 motu,
1660 933 1794 965 seientia
1831 940 1863 967 et

1122 986 1293 1028 potestatis
1320 986 1522 1028 plenitudine
1549 986 1681 1029 paribus
1706 997 1862 1019 concesso

1122 1039 1171 1070 vel
1198 1044 1361 1076 emanato,
1397 1039 1582 1081 quempiam
1610 1039 1639 1070 in
1667 1038 1787 1071 iudicio
1812 1040 1861 1071 vel

1123 1095 1212 1122 extra
1247 1091 1326 1122 illud
1362 1091 1406 1122 uti
1445 1101 1501 1122 seu
1533 1102 1567 1122 se
1605 1091 1703 1123 iuvari
1742 1102 1860 1133 posse·,

1123 1144 1178 1175 sed
1206 1143 1335 1174 easdem
1370 1150 1557 1185 praesentes
1582 1143 1705 1175 litteras
1737 1153 1866 1185 semper

1123 1201 1153 1228 61
1179 1201 1343 1237 perpetuo
1369 1195 1484 1233 firmas,
1511 1195 1633 1228 validas
1655 1201 1686 1227 et
1718 1195 1864 1228 efficaces

1124 1248 1263 1279 existere
1289 1253 1320 1280 et
1344 1248 1432 1286 fore,
1458 1259 1602 1290 suosque
1630 1249 1796 1291 plenarios
1833 1255 1865 1282 et

1124 1300 1270 1342 integros
1294 1300 1429 1333 effectus
1454 1301 1561 1334 sortiri
1589 1307 1620 1333 et
1639 1302 1802 1341 obtinere,
1829 1313 1865 1334 ac

1124 1355 1163 1385 ab
1196 1353 1276 1393 illis,
1306 1355 1343 1385 ad
1371 1364 1452 1396 (11105
1483 1359 1606 1396 spectat
1636 1360 1667 1386 et
1695 1365 1755 1397 pro
1784 1360 1865 1387 tern—

1124 1417 1203 1449 pore
1236 1407 1510 1450 quandocumque
1543 1407 1725 1450 spectabit‚
1762 1408 1793 1440 in
1831 1419 1866 1441 o-

1124 1459 1255 1492 mnibus
1282 1465 1313 1491 et
1337 1470 1396 1502 per
1422 1460 1529 1492 omnia
1554 1460 1786 1493 inviolabiliter
1809 1461 1866 1493 ob-

1125 1513 1266 1552 servari,
1295 1518 1326 1545 et
1359 1513 1422 1546 illis
1460 1513 1639 1556 respective
1675 1514 1865 1556 plenissime

1126 1564 1292 1607 suffragari
1305 1577 1312 1605 ·‚
1325 1566 1437 1608 sicque
1449 1572 1480 1598 et
1494 1577 1558 1598 non
1573 1566 1682 1598 altiter
1699 1577 1758 1608 per
1771 1577 1866 1608 quos-

1126 1629 1265 1660 cumque
1283 1618 1406 1651 iudices
1427 1619 1612 1652 ordinarios
1638 1625 1669 1652 et
1687 1619 1866 1661 delegatos,

1126 1671 1221 1704 etiarn
1248 1682 1416 1704 causarum
1442 1672 1554 1714 palatii
1580 1672 1752 1714 apostolici
1778 1673 1867 1705 audi-

1128 1731 1224 1763 tores,
1264 1724 1419 1768 ipsosque
1456 1725 1663 1764 cardinales,
1691 1725 1787 1757 etiam
1827 1727 1866 1759 de

1104 1817 1105 1820 Ἴ
1127 1778 1227 1809 latere
1255 1779 1394 1819 legatos,
1415 1789 1451 1809 ac
1474 1788 1600 1810 sacrum
1626 1779 1811 1819 collegium,
1836 1784 1869 1811 et

1127 1831 1257 1872 quosvis
1283 1831 1363 1863 alios
1386 1841 1592 1874 quacumque
1611 1832 1868 1873 praeeminentia

1128 1888 1159 1914 et
1176 1889 1337 1925 potestate
1354 1884 1526 1925 fungentes
1544 1890 1576 1915 et
1594 1885 1773 1923 functuros,
1793 1885 1869 1917 sub-

1129 1937 1189 1968 lata
1218 1936 1263 1967 eis
1290 1942 1321 1968 et
1350 1947 1464 1968 eorum
1483 1937 1617 1969 cuilibet
1634 1937 1746 1979 quavis
1774 1938 1869 1971 aliter

1129 1988 1291 2021 iudicandi
1329 1996 1360 2021 et
1390 1990 1627 2032 interpretandi
1663 1990 1812 2024 facultate
1837 1996 1870 2023 et

1129 2042 1330 2082 auctoritate,
1357 2043 1493 2075 iudicari
1520 2048 1551 2075 et
1575 2042 1701 2075 definiri
1724 2043 1867 2083 debere·,

1129 2106 1166 2128 ac
1188 2095 1313 2128 irritum
1341 2101 1374 2129 et
1398 2097 1493 2128 inane
1515 2097 1540 2128 si
1571 2107 1662 2128 secus
1688 2107 1787 2139 super
1818 2097 1870 2130 his

1129 2160 1145 2181 a
1170 2159 1342 2192 quoquam,
1369 2149 1481 2192 quavis
1510 2148 1711 2188 auctoritate,
1727 2148 1870 2182 scienter

1130 2203 1178 2234 vel
1204 2202 1406 2243 ignoranter,
1433 2201 1608 2243 contigerit
1633 2202 1796 2233 attentari.

1173 2256 1187 2298 ξ
1213 2254 1265 2286 M.
1289 2254 1358 2286 Non
1380 2255 1585 2286 obstantibus
1615 2254 1813 2296 praemissis,
1841 2260 1872 2287 et

1129 2307 1320 2351 praesertim
1347 2307 1513 2339 Benedicti
1535 2307 1801 2349 praedecessoris
1820 2308 1872 2340 lit-

1129 2361 1217 2400 teris,
1242 2361 1377 2403 aliisque
1403 2360 1570 2403 quibusvis
1596 2361 1804 2401 generalibus
1822 2361 1871 2393 vel

1129 2414 1328 2458 specialibus
1363 2413 1647 2447 constitutionibus
1681 2419 1712 2445 et
1743 2414 1873 2446 ordina-

1130 2468 1271 2501 tionibus
1301 2467 1497 2510 apostolicis,
1516 2466 1612 2499 etiam
1638 2467 1872 2500 consistoriali-

1128 2521 1201 2562 bus,
1226 2531 1262 2552 ac
1286 2520 1406 2553 nostris
1432 2525 1465 2552 et
1489 2519 1709 2553 Cancellariae
1737 2521 1871 2563 Aposto-

1129 2573 1208 2607 licae
1233 2573 1367 2616 regulis,
1395 2573 1507 2613 etiam,
1533 2578 1692 2616 quatenus
1717 2583 1796 2616 opus
1814 2573 1868 2613 sit,

1873 200 1921 224 An.
1937 198 1967 225 C.
1989 198 2054 226 1731

1910 2259 2067 2281 Contrariorum

1883 2285 2001 2311 derogatio.
