2182 3137
177 245 224 269 An.
245 242 274 269 C.
293 242 360 269 1730

236 410 361 429 Litteiwum

176 436 286 455 Brnodirlt
317 434 361 455 XI]

177 464 292 487 expo-itio.

407 233 470 266 212

583 290 719 317 Clemens
740 290 819 323 Papa
838 289 902 320 ΧΠ,

513 335 549 361 ad
568 335 702 361 futuram
721 333 766 360 rei
785 332 969 359 memoriam.

417 398 431 441 ἓ
456 397 488 429 1.
516 396 602 429 Alias
634 406 692 438 pro
726 399 820 438 parte
858 394 967 427 dilecti
994 393 1050 426 sitii
1078 394 1117 426 Λ-

374 450 487 493 dolplii
525 461 542 482 a
577 449 608 482 S.
637 448 801 489 Georgio,
829 453 905 479 tunc
946 446 1115 480 existentis

373 502 551 546 praepositi
579 501 742 543 generalis
756 499 1023 542 Coiigregationis
1041 499 1116 531 Pau-

374 566 488 599 perum
516 554 623 587 Matris
663 553 716 586 Dei
757 552 946 585 Scliolaruni
985 551 1115 584 Piarum

374 613 646 651 mincupatarum,
668 606 769 639 felicis
795 605 1032 638 recordationis
1059 605 1116 637 Be-

374 662 505 694 nedicto
531 661 589 693 Pr.
618 659 682 692 >1111
722 658 966 702 praedecessori
1003 662 1116 690 nostro

377 715 536 757 exposito,
563 715 650 757 quod
684 712 879 745 venerabilis
912 721 1025 743 servus
1060 709 1115 742 Dei

376 769 481 801 dictae
499 765 768 809 Congregationis
788 764 965 802 institutor,
989 761 1116 805 praevi-

378 821 457 853 dens
482 831 578 863 quani
604 830 697 861 grave
735 819 888 850 damnum
927 816 1116 848 scholarum

376 873 501 917 piarum
535 871 721 905 liuiusiiiodi
758 870 914 903 exercitio
941 867 1116 900 conciones

378 927 546 959 Adventus
586 931 618 958 et
651 923 929 964 Quadi-agesiniae
970 927 1117 963 tempore

380 986 470 1013 extra
496 979 680 1022 praedictae
716 974 986 1017 Congregationis
1018 974 1119 1006 eccle-

379 1033 443 1065 sias
483 1031 653 1064 habendae
697 1030 852 1062 allaturae
891 1028 1047 1066 tuissent,
1087 1026 1119 1058 in

379 1085 444 1117 suis
470 1082 760 1116 constitutionibus
785 1080 973 1113 auctoritate
995 1084 1120 1122 aposto-

378 1138 439 1170 lica
464 1135 683 1175 confirmatis,
709 1139 793 1177 part.
821 1144 876 1172 111,
905 1143 976 1175 cap.
996 1142 1055 1171 v11,
1075 1132 1120 1164 De

379 1189 668 1226 concionatoribus,
703 1188 877 1220 cavebatur
907 1196 1061 1228 expresse
1087 1186 1119 1216 in

381 1245 463 1276 liaec
488 1243 600 1275 verba:
622 1254 634 1273 α
651 1241 751 1274 Neiiio
767 1240 895 1283 publice
922 1238 1123 1282 praedicabit

381 1297 443 1329 nisi
470 1307 486 1328 a
512 1295 655 1338 generali
676 1294 724 1326 vel
744 1292 932 1336 provinciali
958 1290 1122 1325 licentiam

381 1349 580 1384 obtinuerit:
608 1354 755 1390 tempore
789 1357 865 1379 vero
891 1347 1054 1378 Adventus
1092 1350 1123 1376 et

381 1401 654 1444 Quadragesimae
693 1405 782 1433 extra
808 1405 936 1431 nostras
969 1397 1123 1431 ecclesias

382 1466 479 1488 nemo
505 1461 694 1487 nostrorum
722 1452 948 1496 praedicabit,
974 1455 1006 1484 et
1036 1456 1124 1483 extra

382 1508 415 1540 id
441 1514 568 1551 tenipus
584 1505 713 1539 nonnisi
730 1517 767 1538 ex
783 1504 1013 1547 urgentissima
1030 1506 1126 1536 causa

384 1567 417 1595 et
441 1563 479 1594 de
506 1559 715 1604 provincialis
741 1569 940 1598 consensus,
963 1564 994 1591 et
1018 1558 1049 1589 in
1075 1560 1126 1590 ea-

385 1614 457 1647 dem
477 1613 681 1656 expositione
700 1610 892 1650 subiuncto¹,
912 1610 1039 1643 tametsi
1057 1621 1126 1642 suc-

385 1677 479 1701 cessu
506 1666 663 1709 temporis
690 1671 779 1697 extra
805 1665 938 1697 easdem
971 1663 1126 1697 ecclesias

386 1733 404 1755 a
417 1721 513 1753 variis
531 1719 681 1763 capitulis
699 1717 907 1760 generalibus
925 1717 1125 1750 declaratum

387 1775 509 1811 suisset,
535 1783 605 1805 esse
642 1782 741 1814 penes
780 1770 1001 1814 praepositum
1029 1781 1127 1813 gene-

386 1828 485 1859 ralem
501 1826 683 1859 concedere
699 1825 882 1856 facultatem
901 1823 1127 1861 concionandi,

387 1892 423 1914 ac
455 1880 594 1913 subinde
626 1878 732 1911 variae
765 1878 932 1917 cautelae,
959 1884 993 1909 ut
1022 1877 1128 1908 insur—

387 1934 474 1977 genti
509 1933 586 1966 olim
620 1931 751 1974 praevIO
778 1933 860 1963 malo
887 1936 1126 1970 occurreretur,

388 1987 534 2020 adiectae
555 1985 699 2021 fuissent,
723 1983 937 2016 nihilominus
958 1983 1128 2026 experien-

389 2041 433 2072 tia
460 2039 610 2081 magistra
637 2038 740 2071 dietus
774 2037 946 2080 Adolplius
972 2037 1127 2075 edoctus,

388 2104 449 2137 pei·
493 2091 667 2124 conciones
714 2090 901 2122 huiusmodi
947 2089 1129 2122 ministerio

390 2146 577 2179 earumdem
603 2144 785 2176 scholarum
812 2142 1024 2175 tristissimam
1047 2153 1130 2174 ever-

390 2199 516 2231 sionem
553 2197 744 2235 imminere,
782 2201 813 2228 et
838 2196 925 2238 quod
958 2195 1046 2228 verbi
1074 2195 1130 2227 Dei

390 2252 634 2296 praedicatores
651 2277 658 2290 ,
687 2249 798 2282 maiori
825 2249 901 2281 anni
931 2254 1020 2291 parte
1043 2254 1132 2281 extra

393 2306 507 2338 domos
533 2308 729 2336 memoratae
755 2301 1023 2343 Congregationis
1044 2312 1132 2334 com-

392 2363 565 2396 morantes,
591 2356 714 2389 scliolis
735 2355 840 2387 addici
860 2354 1047 2397 nequibant,
1067 2354 1131 2386 imo

394 2421 490 2453 saepe
513 2411 576 2442 lioc
600 2413 767 2452 praetextu
795 2408 891 2440 etiam
924 2418 975 2440 eas
1007 2408 1133 2439 subter-

395 2464 578 2506 fugiebant:
606 2463 690 2495 idem
717 2462 912 2494 Benedictus
939 2461 1133 2503 praedeces-

395 2528 461 2556 sor,
490 2528 535 2556 ea,
562 2527 643 2559 quae
670 2525 728 2558 per
752 2515 991 2558 praeinsertam
1017 2512 1135 2545 consti-

395 2570 556 2602 tutionum
582 2568 773 2611 particulam
800 2567 957 2610 disposita
982 2571 1084 2606 erant,
1102 2565 1134 2598 in

433 2633 443 2658 1
467 2631 538 2658 Edit.
559 2631 638 2657 Μαίη.
661 2630 724 2665 tegit
743 2630 895 2657 subiuncta
915 2632 952 2662 (n.
970 2629 1018 2663 Τ.).

955 239 1137 263 BULLARlUM
1163 238 1318 262 ROMANUM

1911 236 1960 260 An.
1982 235 2010 260 13.
2026 235 2095 263 1730

1158 291 1325 329 posterum
1363 285 1496 318 tirmiter
1532 290 1629 328 atque
1668 283 1900 317 inviolabiliter

1158 339 1288 378 servari,
1315 350 1352 372 ac
1377 339 1460 372 ullo¹
1488 338 1586 371 modo
1613 336 1752 370 convelli
1783 336 1831 369 vel
1857 337 1900 368 la-

1157 392 1313 424 befactari
1336 396 1469 434 possent
1489 390 1672 433 providere,
1692 400 1728 421 ac
1753 388 1901 421 eiusdem

1159 444 1312 487 Adolpho
1347 444 1428 477 votis
1465 444 1525 476 liac
1560 443 1652 475 inre
1679 441 1900 474 favorabiliter

1159 507 1303 530 annuere
1330 499 1462 537 volens,
1496 496 1735 539 praeinsertain
1762 493 1901 536 particu-

1160 551 1233 588 lam,
1255 560 1290 581 ex
1316 549 1604 582 constitutionibus
1629 548 1732 591 ipsius
1756 547 1901 589 Congre-

1159 602 1299 644 gationis
1325 607 1535 644 excerptam,
1561 601 1753 634 auctoritate
1774 606 1902 642 aposto-

1161 655 1222 687 lica
1242 660 1402 697 perpetuo
1422 654 1624 686 confirmavit
1641 660 1671 685 et
1688 652 1899 695 approbavit:

1161 707 1274 749 illique
1300 706 1496 739 inviolabilis
1522 706 1721 748 apostolicae
1740 703 1901 736 firmitatis

1162 760 1262 791 robur
1286 759 1415 798 adiecit,
1442 770 1478 791 ac
1504 759 1614 791 omnia
1639 764 1670 791 et
1690 758 1818 800 singula
1844 767 1903 799 per

1162 823 1232 845 eam
1249 812 1406 855 disposita
1426 813 1618 845 inconcusse
1635 811 1801 845 observari
1817 821 1903 843 man<

1162 866 1258 905 davit,
1283 871 1314 898 et
1332 865 1437 898 eidem
1455 866 1608 908 Adolpho
1627 870 1659 897 et
1675 875 1734 906 pro
1754 870 1902 907 tempore

1163 920 1312 952 existenti
1349 919 1538 962 praeposito
1575 917 1720 960 generali
1757 917 1904 960 supradi-

1163 980 1233 1006 ctae
1270 973 1540 1016 Congregationis
1582 973 1768 1004 facultatem
1805 981 1903 1013 super

1163 1026 1353 1070 praemissis
1380 1025 1590 1068 dispensandi
1610 1025 1693 1057 dicta
1710 1023 1903 1056 auctoritate

1164 1079 1299 1119 ademit,
1326 1085 1358 1112 et
1382 1079 1469 1118 alias,
1496 1084 1593 1122 prout
1618 1079 1648 1110 in
1675 1078 1821 1110 eiusdem
1847 1077 1905 1110 Be-

1164 1132 1285 1166 nedicti
1323 1132 1584 1175 praedecessoris
1617 1131 1734 1163 litteris
1766 1130 1905 1172 desuper

1164 1186 1196 1219 in
1223 1186 1319 1219 simili
1347 1185 1447 1218 forma
1483 1185 1594 1217 Brevis
1619 1185 1670 1217 die
1701 1194 1735 1217 111
1762 1183 1905 1216 octobris

1165 1249 1341 1273 mcccxxvii
1375 1238 1550 1281 expeditis,
1587 1248 1725 1280 quarum
1758 1242 1907 1269 tenorem

1167 1293 1396 1336 praesentibus
1421 1303 1481 1335 pro
1507 1293 1605 1334 plene
1640 1296 1672 1323 et
1708 1289 1908 1323 sufficienter

1168 1356 1324 1388 expresso
1342 1357 1378 1378 ac
1397 1346 1436 1378 de
1454 1345 1555 1377 verbo
1576 1345 1615 1377 ad
1629 1345 1762 1376 verbum
1785 1343 1907 1376 inserto

1168 1399 1280 1433 haberi
1307 1400 1470 1437 volumus,
1498 1398 1631 1430 uberius
1657 1398 1853 1430 continetur.

1212 1456 1227 1497 ἓ
1252 1453 1283 1486 2.
1311 1453 1388 1486 Cum
1413 1457 1532 1490 autem,
1556 1451 1639 1483 sicut
1664 1450 1800 1483 dilectus
1821 1449 1907 1482 [ilius

1169 1508 1345 1540 modernus
1381 1505 1591 1549 praepositus
1627 1504 1792 1547 generalis
1829 1503 2022 1537 Con-Nonnutta
2043 1510 2103 1535 capi-

1919 1535 2009 1556 tulorum
2039 1541 2102 1561 gene-

1169 1560 1370 1604 gregationis
1396 1558 1581 1591 huiusmodi
1610 1557 1704 1590 nobis
1728 1567 1834 1600 nuper
1859 1562 1994 1589 ex-ratzum
2008 1561 2107 1587 decreta.

1920 1588 2041 1608 facultatem
2069 1594 2092 1614 gi·

1170 1615 1247 1659 poni
1285 1614 1369 1654 fecit,
1396 1612 1579 1646 communis
1615 1611 1778 1644 sententia
1809 1610 1842 1642 in
1873 1599 2104 1643 eaneratinrotem3

1920 1646 1971 1667 pore
1984 1641 2103 1661 conce-len—
2150 1651 2152 1654 ·

1170 1678 1300 1711 semper
1326 1668 1434 1707 suerit,
1462 1666 1550 1709 quod
1570 1665 1602 1697 in
1629 1663 1957 1707 supradiciaCon-ua

1935 1693 2091 1714 concionatorie

1171 1721 1362 1764 gregatione
1389 1719 1534 1762 religiosi
1565 1717 1747 1751 ministerio
1780 1715 2002 1768 praedi-leiffiras
2025 1720 2108 1744 damn.

1171 1775 1308 1807 cationis
1341 1774 1436 1806 etiarn
1472 1773 1634 1805 Adventus
1664 1777 1695 1803 et
1727 1770 1912 1812 Quadrage-

1172 1828 1273 1860 siuiae
1294 1833 1440 1869 tempore
1458 1824 1468 1841 ⁹
1493 1825 1682 1863 existerent,
1702 1822 1913 1866 quemadmo-

1172 1883 1247 1914 dum
1274 1880 1442 1913 nonnullis
1469 1884 1557 1910 retro
1595 1877 1716 1910 abhinc
1750 1876 1843 1908 annis
1879 1875 1914 1908 in

1172 1947 1263 1969 inore
1290 1934 1412 1972 habuit,
1438 1939 1472 1965 ut
1497 1944 1535 1964 ex
1560 1932 1773 1974 sequentibus
1792 1930 1915 1974 capitu—

1173 1991 1277 2022 lorum
1303 1986 1502 2029 generalium
1522 1986 1621 2028 ipsius
1642 1983 1913 2026 Congregationis

1174 2042 1312 2076 decretis
1349 2040 1519 2073 manifeste
1544 2039 1727 2081 colligitur,
1764 2049 1846 2081 quae
1881 2037 1915 2070 in

1174 2098 1235 2129 vini
1263 2094 1420 2128 eiusmodi
1439 2092 1710 2126 constitutionum
1732 2092 1915 2124 facultatem

1175 2150 1298 2181 liabent
1322 2148 1393 2180 illas
1420 2146 1574 2184 mutandi,
1601 2155 1692 2183 cum,
1718 2155 1755 2176 ex
1781 2155 1834 2177 sex
1861 2154 1916 2176 vo-

1175 2202 1293 2235 calium
1320 2200 1475 2243 partibus,
1502 2199 1647 2241 quinque
1667 2197 1795 2230 illarum
1816 2198 1917 2229 varia-

1177 2255 1256 2288 tioni
1282 2263 1479 2287 consensum
1508 2256 1699 2294 praestent;
1730 2251 1836 2292 primo
1862 2261 1917 2282 au-

1177 2314 1239 2341 tem
1265 2308 1397 2340 decreto
1431 2305 1461 2337 in
1488 2305 1630 2347 capitulo
1661 2303 1804 2346 generali
1831 2313 1916 2335 anno

1177 2370 1353 2395 iinccxxxw
1379 2359 1562 2397 celebrato,
1588 2357 1640 2389 ubi
1668 2355 1817 2389 nonnulli
1844 2356 1918 2388 reli-

1178 2414 1256 2457 giosi
1284 2413 1414 2451 antiani,
1441 2412 1610 2453 graduque
1628 2410 1783 2449 decorati,
1809 2410 1919 2442 obser-

1178 2467 1305 2500 vantiae
1345 2465 1575 2505 amantissimi,
1620 2463 1674 2507 qui
1714 2473 1772 2506 per
1808 2464 1918 2506 plures

1989 1694 1992 1697 η
2005 1669 2104 1693 patentes

1215 2540 1224 2564 l
1249 2537 1343 2563 Potius
1363 2536 1421 2571 lege
1442 2544 1475 2562 ac
1495 2538 1526 2561 ut
1545 2535 1625 2561 nullo
1646 2541 1685 2565 tn.
1703 2537 1753 2564 τ.).

1214 2583 1229 2608 ‘2
1251 2582 1318 2608 Edit.
1339 2581 1423 2608 Main.
1445 2580 1509 2614 legit
1529 2579 1633 2606 inserti
1653 2581 1689 2612 (R.
1706 2580 1758 2611 τ.).

1214 2627 1229 2654 3
1249 2626 1361 2653 Videtur
1381 2625 1475 2652 deesse
1495 2623 1608 2651 addicti
1627 2623 1667 2658 (n.
1683 2623 1733 2655 τ.).
