2182 3137
214 186 266 213 An.
287 185 316 212 c.
334 184 401 212 ¹730
444 175 463 206 ὓ

404 231 552 264 videlicet
576 237 669 262 antea
695 229 829 266 fuerant,
855 227 903 259 vel
929 235 987 268 pro
1013 224 1128 267 quibus

404 289 493 316 crant
519 283 681 319 obtentae,
699 280 801 324 quoad
828 280 890 311 boc
915 276 1059 320 plenarie
1084 285 1129 307 re-

404 337 524 373 stituit,
551 345 585 367 ac
617 333 756 366 decrevit
780 342 838 375 per
862 336 1050 363 executores
1075 338 1128 360 seu

404 389 522 420 iudices
547 387 747 430 praedictos,
773 385 821 417 vel
847 385 886 416 ab
912 383 957 415 eis
982 381 1130 414 subdele-

403 440 534 481 gandos,
554 439 590 471 ad
612 438 847 481 expeditionem
873 435 1076 476 negotiorum
1097 432 1127 464 in

402 492 446 523 cis
476 496 700 523 contentorum
726 488 856 532 procedi
891 496 984 530 posse
1014 490 1046 518 et
1077 484 1129 516 ‹le-

401 544 477 576 bere
502 544 585 575 iuxta
610 543 737 575 illarum
765 542 909 573 sormam.

443 606 510 629 xui.
537 595 623 633 Item,
650 593 894 626 rationabilibus
920 589 1127 624 suadentibus

401 648 515 685 causis,
531 648 595 690 ipse
611 647 760 679 dominus
775 650 894 682 noster,
909 653 1022 677 omnes
1039 641 1129 674 unio-

402 710 468 738 nes,
489 699 697 737 annexiones‚
726 697 1006 740 incorporationes
1021 721 1028 733 ,
1053 705 1128 737 sup-

401 753 598 796 pressiones,
625 751 858 789 extinctioneS,
894 748 1127 791 applicationes

400 812 431 838 ct
444 804 752 841 dismembrationes,
772 803 867 835 etiam
887 807 1070 844 perpetuas,
1089 801 1127 833 dc

399 857 562 899 quibusvis
579 856 826 893 cathedralibus,
845 864 970 886 necnon
989 853 1059 885 aliis
1078 863 1129 885 ec-

399 909 517 949 clesiis,
544 909 746 941 monasteriis
764 934 771 946 ,
796 907 1028 950 dignitatibus,
1055 916 1129 949 per-

399 962 574 1001 sonatibus,
598 961 708 994 officiis
734 966 763 994 et
789 960 951 993 beneficiis
976 959 1129 993 ecclesia-

399 1015 506 1055 sticis,
535 1025 687 1047 eorumve
724 1014 895 1054 domibus,
931 1013 1072 1055 praediis
1098 1018 1128 1045 et

400 1067 499 1107 locis,
526 1078 584 1110 per
619 1077 741 1100 cessum
775 1067 822 1100 vel
848 1066 1039 1104 decessum,
1074 1070 1129 1098 aut

399 1120 493 1153 aliam
518 1121 660 1164 quamvis
680 1120 896 1152 dimissionem
923 1120 970 1151 vel
988 1119 1129 1151 amissio-

399 1183 485 1212 nem,
503 1173 747 1216 qualiacumque
763 1172 889 1211 fuerint,
910 1171 1057 1212 invicem,
1078 1171 1127 1204 vel

399 1225 470 1258 aliis
496 1225 658 1264 ecclesiis,
684 1224 888 1258 monasteriis
926 1230 957 1257 et
987 1224 1126 1264 mensis,

399 1278 494 1311 etiam
519 1278 759 1321 capitularibus,
779 1278 998 1320 dignitatibus,
1017 1287 1129 1320 perso-

399 1331 546 1370 natibus,
582 1330 712 1370 officiis,
738 1330 923 1370 beneficiis,
949 1340 985 1363 ac
1009 1330 1071 1372 piis
1097 1335 1128 1362 et

398 1383 468 1417 aliis
491 1384 581 1424 locis,
598 1383 859 1416 universitatibus
884 1384 980 1417 etiam
1006 1383 1129 1416 studio-

398 1446 467 1468 rum
493 1436 708 1478 generalium,
730 1442 761 1469 et
784 1436 944 1479 collegiis,
975 1436 1070 1470 etiam
1096 1436 1126 1468 in

400 1487 538 1520 faverem
563 1488 595 1521 S.
622 1488 657 1521 R.
684 1488 717 1521 E.
738 1489 970 1526 cardinalium,
997 1499 1053 1522 seu
1079 1499 1129 1522 ec-

400 1539 516 1577 clesiis,
532 1541 737 1574 monasteriis
763 1547 794 1574 et
817 1541 980 1574 beneficiis
997 1552 1055 1585 per
1072 1552 1127 1575 eos

400 1593 558 1632 obtentis,
591 1594 836 1637 quomodolibet
866 1595 1046 1638 apostolica
1078 1596 1126 1628 vel

400 1646 460 1678 alia
485 1646 605 1689 quam,
632 1657 696 1680 non
722 1652 826 1680 tamen
843 1647 975 1680 Concilii
992 1648 1126 1681 Triden-

402 1699 468 1737 tini,
487 1700 688 1739 auctoritate,
707 1710 833 1734 necnon
858 1712 916 1744 pro
939 1701 1126 1734 fundatione

400 1761 456 1783 seu
482 1751 663 1792 dotatione,
690 1758 861 1795 augmento
887 1755 934 1787 vel
961 1764 1127 1788 conserva-

402 1803 488 1836 tione
513 1805 721 1846 collegiorum
739 1812 771 1838 et
791 1806 924 1840 aliorum
950 1807 1077 1850 piorum
1097 1814 1128 1841 et

400 1856 626 1898 religiosorum
658 1859 802 1891 locorum
827 1860 866 1892 ad
891 1859 966 1893 fidei
991 1861 1128 1894 catholi-

401 1918 457 1941 cae
482 1909 704 1943 defensionem
733 1917 764 1945 et
784 1913 1048 1956 propagationem
1073 1915 1128 1947 bo-

401 1971 581 2005 narumque
613 1963 727 1997 artium
757 1966 876 1998 cultum
909 1967 1126 2000 institutorum

402 2014 508 2054 factas,
527 2026 608 2058 quae
634 2027 724 2050 suum
751 2028 815 2051 non
840 2025 912 2052 sunt
936 2021 1066 2054 sortitae
1084 2022 1127 2055 ef-

402 2069 535 2108 fectum,
557 2079 592 2101 ac
616 2080 832 2115 quascumque
851 2074 1077 2108 concessiones
1097 2081 1129 2108 et

402 2122 548 2155 mandata
572 2133 666 2166 super
686 2124 867 2168 unionibus,
884 2128 1127 2170 annexionibus‚

399 2175 712 2217 incorporationibus
740 2184 771 2210 et
794 2179 862 2211 aliis
887 2181 1069 2222 praemissis
1089 2188 1128 2214 ta-

402 2227 473 2260 liter
487 2228 652 2269 faciendis,
671 2232 839 2271 revocarit,
858 2233 991 2266 cassavit
1011 2240 1042 2267 et
1058 2235 1128 2268 irri-

402 2280 487 2319 tavit,
507 2281 691 2324 nulliusque
712 2283 852 2316 deerevit
877 2285 1011 2319 existere
1033 2287 1129 2321 firmi-

402 2332 474 2365 tatis
494 2344 501 2372 ;
528 2343 587 2367 nec
611 2335 704 2367 alicui
731 2346 949 2381 quascumque
970 2340 1127 2374 clausulas

401 2386 450 2418 vel
475 2386 673 2420 adiectiones
698 2395 752 2421 aut
776 2389 921 2429 decreta,
950 2402 1030 2434 quae
1054 2394 1129 2427 San-

402 2437 493 2470 ctitas
511 2438 570 2471 Sua
583 2450 640 2483 pro
658 2442 817 2484 expressis
836 2442 950 2476 haberi
968 2445 1078 2485 voluit,
1096 2446 1128 2479 in

402 2490 565 2534 quibusvis
591 2494 788 2536 apostolicis,
815 2495 910 2529 ctiam
935 2507 1017 2540 quac
1041 2504 1129 2532 motu

402 2545 543 2589 proprio,
569 2551 621 2580 aut
646 2556 682 2580 cx
708 2549 794 2582 certa
819 2548 972 2591 scicntia,
999 2555 1031 2584 et
1054 2561 1129 2586 con-

976 175 1157 201 nt'LLAntUM
1181 174 1337 198 ROMANUM

1919 171 1970 199 An.
1991 171 2020 199 C.
2035 171 2106 200 1730

1172 222 1376 255 sistorialiter
1400 226 1629 264 processerunt
1654 225 1686 253 et
1706 225 1908 260 emanarunt,

1173 275 1303 313 litteris,
1329 274 1453 306 etiamsi
1479 275 1511 306 in
1538 275 1583 307 eis
1608 274 1774 307 decretum
1800 279 1908 313 esset,

1174 328 1244 360 illas
1263 337 1298 359 ex
1317 332 1393 358 tnnc
1418 325 1568 359 effectum
1593 327 1723 360 sortitas
1749 336 1834 366 esse,
1856 332 1912 359 aut

1173 381 1221 412 ius
1248 379 1431 422 quaesitum
1458 379 1538 420 fore,
1564 379 1812 423 quomodolibet
1836 389 1912 412 con·

1172 431 1312 471 tentae¹,
1341 432 1495 464 adversus
1520 431 1761 465 revocationem
1783 437 1814 465 et
1838 431 1910 464 irri-

1173 485 1327 517 tationem
1363 484 1549 517 huiusmodi
1573 485 1677 518 voluit
1706 485 1911 528 aliquatenus

1172 537 1350 580 suffragari.
1378 538 1561 572 Decernens
1586 538 1733 578 irritum,
1760 544 1820 571 ete.

1215 600 1277 623 xtv.
1305 590 1384 623 Item
1420 591 1581 624 revocavit
1617 601 1839 635 quascumque
1873 591 1912 624 fa·
1945 605 2106 629 norm-attorn-

1172 644 1307 676 cultates
1324 654 1493 677 concessas
1515 644 1683 687 quibusvis
1708 635 2106 688 patriarchis,{tl?.2¹¹'”00„3323

1173 696 1443 740 archiepiscopis,
1461 697 1635 742 episcopiS‚
1654 704 1685 731 et
1708 698 1778 731 aliis
1798 692 2000 741 perso-'‘mn''

1173 750 1221 782 nis
1246 761 1282 782 ac
1306 750 1471 793 praelatis,
1489 751 1584 784 etiam
1607 751 1777 794 utriusque
1803 751 1912 793 signa-

1174 808 1262 835 tnrae
1288 803 1531 843 referendariis,
1549 814 1678 837 necnon
1703 803 1911 847 Apostolicae

1172 855 1263 887 Sedis
1290 855 1427 895 nunciis,
1454 867 1490 889 ac
1515 856 1675 889 fructuum
1709 862 1741 889 et
1767 865 1911 899 proven-

1173 913 1261 941 tuum
1297 908 1449 941 Gamerae
1486 909 1692 952 Apostolicae
1725 909 1910 942 debitorum

1172 961 1413 1000 collectoribus,
1434 962 1473 994 de
1499 962 1721 1005 dispensando
1746 971 1816 994 cum
1842 961 1913 1005 qui-

1172 1012 1281 1045 busvis
1307 1013 1458 1056 personis
1484 1024 1585 1057 super
1607 1013 1814 1047 matrimonio
1832 1024 1912 1047 con-

1173 1071 1273 1099 tracto
1299 1067 1348 1099 vel
1375 1067 1603 1100 contrahendo
1622 1067 1654 1100 in
1673 1068 1774 1110 gradu
1799 1067 1913 1110 prohi-

1172 1118 1249 1157 bito,
1276 1129 1312 1152 ac
1336 1119 1492 1152 natalium
1519 1123 1550 1152 et
1573 1120 1687 1153 aetatis
1713 1120 1911 1159 defectibus,

1172 1176 1204 1204 et
1222 1172 1261 1204 de
1287 1171 1590 1215 incompatibilibus
1615 1171 1783 1205 beneficiis
1809 1172 1912 1204 eccle-

1173 1224 1310 1257 siasticis
1336 1224 1467 1258 insimul
1494 1225 1688 1265 retinendis,
1714 1234 1842 1257 necnon
1871 1223 1911 1256 de

1171 1277 1307 1310 notaiiis
1333 1277 1474 1320 publicis
1500 1277 1661 1317 creandis,
1679 1288 1715 1310 ac
1740 1277 1780 1310 de
1805 1276 1912 1319 dispo-

1172 1330 1281 1363 nendo
1308 1330 1559 1373 quomodolibet
1591 1330 1631 1362 de
1665 1330 1829 1373 quibusvis
1856 1329 1912 1362 bc·

1172 1383 1297 1416 neficiis
1323 1383 1561 1423 ecclesiasticis,
1580 1389 1611 1416 et
1631 1383 1708 1417 alias
1725 1394 1743 1416 a
1760 1383 1913 1427 praemis-

1171 1436 1214 1469 sis
1238 1435 1342 1469 offieia
1367 1436 1509 1479 ipsorum
1536 1436 1729 1469 nunciorum
1754 1442 1787 1469 et
1811 1437 1913 1470 colle-

1171 1495 1298 1522 ctorum
1313 1489 1433 1522 directe
1448 1499 1513 1522 non
1525 1494 1771 1529 concernentes,
1785 1489 1912 1523 etiamsi

1171 1542 1204 1575 in
1230 1543 1347 1576 litteris
1373 1543 1514 1586 desuper
1546 1543 1703 1576 confectis
1733 1543 1799 1576 sint
1822 1543 1912 1576 clau-

1172 1597 1261 1629 sulae
1293 1596 1537 1635 restitutoriae,
1565 1601 1597 1629 et
1631 1595 1910 1638 derogatoriarum

1172 1649 1407 1692 derogatoriae,
1433 1654 1465 1682 et
1489 1649 1571 1682 aliae
1597 1648 1813 1695 efficaciores,
1829 1658 1910 1691 quas

1171 1711 1229 1745 pro
1244 1701 1404 1745 expressis
1419 1701 1531 1734 baberi
1550 1702 1659 1743 voluit,
1678 1701 1785 1745 quoad
1802 1701 1911 1734 omnia

1171 1755 1204 1788 in
1222 1755 1338 1799 quibus
1365 1755 1530 1788 facultates
1555 1754 1644 1798 ipsae
1669 1765 1733 1788 non
1753 1760 1828 1788 sunt
1844 1764 1912 1787 sor-

1172 1807 1249 1841 titae
1275 1807 1422 1841 effectum
1439 1835 1446 1848 ,
1470 1807 1593 1841 etiamsi
1626 1807 1753 1840 nunciis
1787 1807 1910 1840 eisdem

1171 1860 1278 1893 dictae
1299 1859 1391 1893 Sedis
1410 1860 1524 1903 leg-atis
1546 1861 1585 1893 de
1602 1861 1705 1894 latere
1722 1865 1911 1904 competens

1171 1913 1211 1945 sit
1235 1923 1390 1946 concessa
1425 1918 1580 1956 potestas.
1621 1912 1805 1946 Decernens
1837 1912 1911 1945 irri-

1173 1972 1248 2006 tum,
1271 1972 1333 2000 etc.

1215 2031 1263 2054 xv.
1291 2021 1369 2054 Item
1393 2020 1556 2054 revocavit
1576 2029 1797 2064 quascumque
1820 2019 1912 2053 facul·
1945 2029 2106 2051 net-omunia-

1922 2057 2024 2077 cnltatuni
2034 2057 2106 2077 eonse-

1172 2080 1254 2108 tates
1281 2080 1311 2108 et
1335 2075 1459 2108 litteras
1484 2075 1626 2118 desuper
1650 2074 1823 2115 confectas,
1850 2083 2108 2123 perrea-'trutannia

1170 2139 1249 2171 quas
1276 2127 1471 2172 quicumque
1490 2127 1538 2160 sui
1557 2128 1828 2171 praedecessores
1848 2127 1910 2160 Ro·
1922 2112 2040 2130 ‘mum'

1172 2180 1255 2213 mani
1283 2180 1453 2214 Pontifices
1479 2180 1646 2223 quibusvis
1677 2180 1828 2223 personis
1859 2190 1910 2213 or-

1171 2233 1328 2267 dinariam
1353 2233 1562 2267 collationem
1591 2243 1649 2266 seu
1679 2233 1775 2266 aliam
1801 2232 1910 2276 dispo·

1171 2287 1321 2320 sitionem
1353 2286 1583 2320 beneficiorum
1617 2286 1911 2320 ecclesiasticorum

1171 2340 1210 2372 de
1229 2340 1298 2372 iure
1323 2340 1371 2372 vel
1396 2339 1634 2373 consuetudine
1654 2338 1860 2380 habentibus,
1881 2344 1913 2372 et

1171 2392 1281 2436 quavis
1306 2393 1403 2426 etiam
1432 2391 1664 2435 patriarchali,
1691 2391 1912 2436 arehiepisco-

1171 2445 1248 2488 pali,
1262 2445 1453 2489 episcopali,
1465 2446 1516 2478 vel
1530 2444 1593 2478 alia
1606 2444 1771 2488 dignitate,
1783 2445 1834 2477 vel
1847 2443 1911 2477 alio

1172 2498 1252 2541 (non
1269 2504 1377 2532 tamen
1398 2498 1627 2542 cardinalatus)
1645 2498 1771 2532 bonore
1788 2497 1912 2540 fulgen-

1210 2564 1219 2589 1
1238 2561 1333 2591 Potius
1352 2561 1411 2597 lege
1430 2564 1579 2593 contentas
1599 2561 1640 2590 vel
1657 2563 1792 2592 contenta
1807 2561 1843 2597 (n.
1860 2560 1910 2597 T.).
