2182 3137
185 204 238 230 An.
253 204 282 230 C.
304 202 372 229 1732

211 371 330 394 Clauenlao.

203 2495 360 2517 Contrariorum

174 2520 290 2547 derogatio.

420 194 485 228 326

391 251 467 284 tatio
493 251 650 294 pertinet,
675 252 846 285 reserenda
882 262 952 284 esse
977 251 1124 283 decerni-

379 314 462 336 mus.

426 358 440 400 §
467 358 497 390 (ἱ,
527 357 636 401 ltaque
661 357 770 390 omnia
794 362 827 390 et
861 357 989 401 singula
1014 357 1122 391 hacte-

379 421 440 444 nus
457 417 644 450 memorata,
659 421 787 444 necnon
800 416 1006 454 praesentes,
1024 412 1120 444 etiam

378 476 413 497 ex
443 476 481 498 eo
509 465 596 508 quod
623 475 737 497 causae
754 493 761 505 ,
788 465 830 497 ob
855 476 933 508 quas
955 475 1122 499 emanave-

382 519 459 554 rint,
485 518 727 561 comprobatae,
754 528 925 561 expressae
959 523 991 551 ct
1015 519 1120 552 verili-

379 576 480 610 catae,
508 577 562 604 aut
587 572 617 603 in
644 572 829 614 praemissis
867 572 1025 606 interesse
1062 573 1118 605 ba-

378 624 495 657 bentes
531 625 581 657 vel
624 625 744 658 babere
784 627 1039 669 praetendentes
1080 626 1118 659 ad

381 678 445 711 hoc
471 678 583 717 vocati,
611 674 700 711 c‘itati
726 684 757 711 et
777 679 874 712 auditi
900 690 967 713 non
988 680 1118 719 suerint,

379 741 485 774 neque
504 732 625 764 eisdem
648 732 890 772 consenserint,
915 734 962 766 vel
982 733 1060 766 alias
1083 744 1119 767 ex

382 795 587 828 quocumque
617 786 743 828 capite,
783 791 967 829 praetextu,
993 787 1116 826 colore,

378 838 511 880 ingenio
537 839 585 871 vel
611 841 721 878 causa,
752 839 792 871 de
817 839 1037 882 subreptionis
1068 840 1116 874 vel

380 891 593 934 obreptionis,
620 897 674 924 aut
698 893 855 924 nulliiatis
880 893 967 933 vitio,
993 893 1042 925 vel
1075 893 1117 925 in-

379 944 534 977 tentionis
559 951 692 977 nostrae
728 944 794 977 sive
835 944 898 977 alio
924 946 1038 988 quovis
1064 947 1118 979 de—

378 997 463 1029 fectu
502 997 608 1030 notari
634 1002 666 1029 et
698 997 905 1040 impugnari,
931 999 1044 1040 argui,
1070 999 1118 1030 in-

378 1050 487 1092 fringi,
513 1050 697 1089 retractari,
723 1051 755 1082 in
781 1050 829 1082 ius
858 1052 907 1083 vel
934 1057 1117 1083 controver-

376 1103 454 1134 siam
481 1104 598 1142 vocari,
632 1103 671 1136 ad
709 1103 865 1136 terminos
890 1104 968 1136 iuris
993 1105 1117 1143 reduci,

379 1162 431 1189 aut
459 1164 571 1189 contra
596 1168 648 1189 eas
674 1157 808 1199 quodvis
844 1157 966 1199 gratiae
993 1159 1041 1190 vel
1071 1158 1118 1190 iu-

379 1211 485 1243 stitiae
511 1210 691 1243 remedium
719 1210 886 1253 impetrari
905 1221 960 1243 seu
980 1211 1116 1244 concedi

379 1265 567 1296 nullatenus
593 1274 708 1307 posse;
735 1264 791 1296 sed
818 1274 870 1296 eas
896 1274 931 1296 ac
957 1264 1064 1297 omnia
1086 1270 1118 1298 et

375 1317 502 1360 singula
527 1317 560 1349 in
586 1318 632 1349 eis
658 1322 809 1350 contenta
835 1328 965 1360 semper
982 1323 1014 1350 et
1042 1329 1116 1361 per-

378 1378 477 1414 petuo
505 1371 619 1410 valida,
646 1370 737 1403 firma
762 1377 794 1403 et
817 1371 959 1404 efficacia
988 1382 1059 1404 esse
1086 1378 1117 1405 et

374 1426 464 1465 l'ore,
492 1435 633 1467 suosque
659 1424 823 1467 plenarios
848 1429 880 1457 et
904 1424 1049 1467 integros
1076 1426 1115 1458 ef-

376 1478 478 1511 feetus
504 1478 610 1510 sortiri
637 1484 669 1511 et
693 1478 851 1517 obtinere,
876 1489 912 1510 ae
937 1479 976 1511 ab
1013 1479 1113 1512 omni-

372 1532 433 1564 bus
460 1536 492 1564 et
516 1531 660 1573 singulis,
687 1532 726 1564 ad
752 1542 833 1574 quos
857 1537 981 1574 spectat
1007 1537 1038 1564 et
1055 1543 1113 1575 pro

379 1590 528 1628 tempore
554 1585 802 1628 quomodolibet
825 1585 994 1628 spectabit,
1017 1586 1114 1618 invio-

376 1638 517 1671 labiliter
543 1638 728 1677 observari,
761 1638 896 1671 omnino
930 1639 1111 1678 statuimus;

374 1694 486 1735 sicque
503 1719 510 1731 ,
539 1697 571 1724 et
594 1701 660 1723 non
687 1691 784 1731 alias,
810 1701 869 1734 per
894 1703 1113 1735 quoscumque

374 1746 498 1778 iudices
541 1744 725 1777 ordinarios
758 1750 789 1777 et
814 1745 989 1787 delegatos,
1017 1746 1112 1779 etiam

371 1809 540 1832 causarum
574 1798 686 1841 palatii
722 1798 893 1840 apostolici
935 1799 1110 1840 auditores,

371 1863 408 1885 ac
433 1851 618 1895 praedictae
643 1851 771 1884 S.R.E.
799 1851 989 1893 cardinales,
1017 1852 1112 1885 etiam

371 1907 412 1938 de
438 1907 537 1938 latere
555 1907 689 1947 legato&
710 1904 915 1947 vicelegatOS,
942 1905 1110 1949 dictaeque

370 1959 462 1992 Sedis
487 1959 634 1998 nuncios,
661 1958 770 2001 quavis
795 1958 987 1992 auctoritate
1013 1966 1045 1992 et
1068 1962 1112 1993 Γει-

371 2013 491 2045 eultate
519 2013 699 2054 fungentes,
726 2013 851 2044 sublata
876 2012 922 2044 eis
947 2019 978 2045 et
998 2024 1109 2046 eorum

371 2067 506 2099 cuilibet
542 2066 652 2109 quavis
687 2065 782 2098 aliter
810 2066 994 2107 iudicandi,
1030 2067 1110 2100 deii-

371 2120 482 2153 niendi
510 2124 541 2151 et
565 2118 801 2161 interpretandi
828 2120 979 2151 facultate
1004 2126 1035 2152 et
1056 2131 1110 2153 au-

371 2174 539 2210 ctoritate,
560 2172 694 2204 iudicari
710 2178 741 2203 et
755 2172 881 2204 deliniri
900 2179 931 2205 et
948 2173 1111 2216 interpre-

372 2227 431 2259 tari
451 2227 590 2265 debere,
616 2236 651 2257 ae
668 2225 793 2256 irritum
809 2231 840 2257 ct
857 2226 953 2258 inane
972 2227 997 2258 si
1017 2237 1109 2260 secus

371 2289 468 2323 super
503 2278 553 2311 liis
579 2290 595 2310 a
621 2289 802 2321 qucquam,
838 2279 949 2321 quavis
975 2281 1110 2313 auctori-

370 2339 444 2371 tate,
472 2333 614 2365 scienter
631 2333 681 2364 vel
699 2332 909 2373 ignoranter,
936 2333 1110 2376 eontigerit

369 2386 531 2425 attentari,
551 2385 755 2417 decernimus
770 2391 801 2417 et
818 2385 1016 2418 declaratum
1038 2397 1109 2419 esse

370 2441 530 2473 volumus.

412 2492 427 2535 ἓ
452 2492 483 2525 7.
500 2491 569 2525 Non
589 2491 793 2524 obstantibus
819 2492 1020 2535 praemissis,
1039 2503 1111 2525 nec-

368 2555 435 2577 non
462 2550 592 2578 nostrae
615 2550 645 2578 et
662 2545 882 2578 Cancellariae
902 2546 1108 2589 Apostolicae

370 2599 482 2640 regula
508 2598 548 2631 de
582 2598 650 2631 iure
677 2599 824 2642 quaesito
858 2609 924 2632 non
950 2599 1108 2640 tollendo,

971 202 1151 226 BULLARIUM
1176 203 1331 227 ROMANUM

1166 262 1295 286 necnon
1332 254 1483 287 omnibus
1519 260 1551 287 et
1574 254 1709 297 singulis
1744 256 1901 298 praedicti

1165 305 1330 340 Benedicti
1356 307 1549 347 decessoris,
1567 318 1604 341 ac
1629 309 1901 343 declarationibus

1164 369 1264 403 super
1289 360 1415 400 dubiis,
1447 361 1583 404 aliisque
1608 361 1900 396 constitutionibus

1163 418 1194 445 et
1228 413 1488 446 ordinationibus
1523 414 1732 456 apostolicis,
1773 425 1901 448 necnon

1164 467 1305 500 omnium
1332 472 1363 500 et
1387 467 1590 510 singulorum
1622 469 1778 502 Ordinum
1811 480 1901 513 prae-

1163 520 1331 560 dictorum,
1359 531 1394 553 ac
1419 531 1531 554 eorum
1550 521 1709 561 cuilibet¹‚
1729 522 1825 556 etiam
1850 523 1899 555 iu—

1162 579 1329 612 ramento,
1356 574 1603 608 confirmatione
1629 576 1830 619 apostolica,
1850 577 1903 615 vel,

1162 625 1272 669 quavis
1305 625 1458 660 firmitate
1493 628 1554 660 alia
1586 628 1774 668 roboratis,
1805 634 1898 662 statu-

1160 678 1202 710 tis
1219 684 1251 711 et
1275 680 1567 713 consuetudinibus
1584 707 1591 721 ‚
1622 681 1799 723 privilegiis
1824 691 1899 725 quo-

1161 743 1238 775 que,
1265 733 1413 773 indultis,
1436 734 1532 766 ctiam
1558 744 1647 767 nzare
1667 745 1825 777 maqmtm
1848 735 1900 768 vel

1161 786 1239 818 alias
1265 787 1509 830 quomodolibet
1533 787 1747 830 nuncupatis,
1772 788 1900 822 litteris-

1161 851 1221 883 que
1239 839 1434 883 apostolicis,
1453 840 1511 873 sub
1533 840 1792 884 quibuscumque
1811 847 1900 875 teno-

1161 893 1251 926 ribus
1277 898 1308 926 et
1332 894 1455 933 formis,
1481 904 1518 927 ac
1542 905 1614 927 cuni
1640 894 1898 938 quibuscumque

1161 947 1257 979 etiam
1276 947 1558 989 derogatoriarum
1573 947 1798 989 derogatoriis‚
1817 948 1900 981 aliis-

1160 1010 1223 1042 que
1243 999 1480 1032 efficacioribus
1505 1006 1536 1032 et
1566 1000 1703 1033 insolitis
1727 1001 1896 1042 clausulis,

1161 1053 1362 1085 irritantibus
1384 1053 1520 1096 aliisque
1538 1054 1690 1093 decretis,
1718 1053 1749 1086 in
1776 1064 1897 1096 genere

1159 1107 1208 1139 vel
1234 1107 1265 1138 in
1292 1107 1424 1149 specie,
1449 1107 1545 1139 etiam
1579 1112 1666 1140 motu
1692 1108 1842 1151 proprio,
1868 1113 1899 1141 et

1161 1160 1446 1199 consistorialiter,
1473 1170 1508 1192 ac
1541 1160 1620 1192 alias
1651 1160 1900 1202 quomodolibet

1161 1213 1191 1245 in
1219 1213 1414 1246 contrarium
1441 1212 1695 1256 praemissorum
1721 1214 1896 1254 concessis,

1160 1265 1355 1298 confirmatis
1393 1253 1425 1298 et
1458 1265 1580 1308 pluries
1606 1265 1786 1305 innovatis;
1821 1266 1896 1308 qui-

1160 1320 1219 1351 bus
1245 1319 1396 1351 omnibus
1421 1324 1452 1351 et
1476 1318 1622 1361 siiiguliS‚
1641 1319 1764 1351 etiamsi
1790 1329 1848 1362 pro
1864 1319 1898 1352 il-

1159 1374 1267 1405 lorum
1304 1372 1476 1405 sufficienti
1508 1372 1722 1414 derogatione
1759 1372 1797 1405 dc
1833 1372 1900 1405 illis

1159 1437 1334 1469 eorumque
1362 1426 1437 1458 totis
1457 1425 1624 1458 tenoribus
1642 1425 1805 1468 specialis,
1827 1435 1900 1468 spe-

1158 1480 1264 1517 cifica,
1305 1489 1460 1522 expressa
1496 1484 1528 1511 et
1566 1478 1749 1517 individua,
1784 1488 1820 1511 ac
1859 1479 1901 1511 de

1159 1535 1258 1566 verbo
1284 1533 1321 1566 ad
1348 1533 1491 1571 vorhtun,
1518 1542 1582 1564 non
1608 1537 1714 1565 autem
1740 1542 1801 1575 per
1817 1532 1900 1564 clau-

1157 1588 1244 1619 sulas
1270 1587 1442 1629 generales
1464 1586 1548 1618 idem
1567 1585 1791 1627 importanteS,
1810 1595 1895 1617 rnen·

1159 1641 1201 1673 tio
1226 1651 1280 1672 seu
1307 1639 1440 1683 quaevis
1465 1639 1528 1672 alia
1550 1639 1716 1682 expressio
1747 1638 1898 1671 habenda

1157 1699 1211 1726 aut
1236 1693 1296 1726 alia
1332 1693 1491 1736 exquisita
1528 1693 1630 1725 forma
1666 1692 1704 1724 ad
1742 1693 1806 1725 hoc
1834 1701 1898 1725 ser·

1158 1748 1260 1780 vanda
1286 1747 1384 1787 foret,
1421 1757 1535 1779 eorum
1567 1746 1712 1778 omnium
1739 1751 1770 1778 et
1794 1746 1899 1788 singu-

1157 1802 1263 1834 lorum
1291 1806 1419 1833 tenores
1446 1800 1560 1832 iisdem
1586 1799 1813 1842 praesentibus
1838 1809 1898 1842 pro

1156 1855 1254 1898 plene
1291 1859 1322 1886 et
1360 1853 1559 1886 sufficienter
1595 1852 1759 1896 expressis
1792 1858 1822 1885 et
1857 1853 1897 1885 ad

1156 1909 1291 1941 verbum
1323 1906 1454 1939 insertis
1492 1905 1673 1945 babentes,
1710 1905 1775 1938 illis
1815 1905 1896 1938 alias

1156 1961 1187 1993 in
1213 1971 1269 1994 suo
1299 1960 1417 1992 robore
1436 1959 1668 2001 permansuris,
1685 1959 1843 1992 latissime
1864 1965 1896 1991 ct

1154 2014 1342 2057 plenissime
1362 2014 1421 2044 liae
1439 2012 1506 2044 viee
1526 2012 1690 2045 dumtaxat
1707 2012 1896 2055 specialiter

1155 2073 1186 2099 ct
1208 2077 1359 2110 expresse
1377 2066 1589 2108 derogamus,
1616 2065 1799 2108 ceterisque
1820 2076 1895 2108 quo·

1154 2120 1338 2153 modolibei.
1355 2119 1527 2152 contrariis
1553 2119 1824 2162 quibuscumque.

1198 2175 1212 2217 g
1237 2174 1269 2206 ὅ.
1290 2173 1445 2206 Volumus
1468 2179 1573 2205 autem
1600 2178 1633 2203 ut
1650 2173 1783 2205 eaedem
1802 2183 1893 2215 prae-

1153 2233 1261 2259 sentes
1287 2227 1319 2258 in
1344 2226 1441 2258 valvis
1466 2226 1671 2258 basilicarum
1704 2226 1735 2258 S.
1764 2226 1892 2258 loannis

1153 2280 1185 2312 in
1201 2280 1360 2312 Laterano
1376 2284 1406 2311 et
1423 2278 1578 2321 Principis
1593 2279 1826 2321 Apostolorum
1852 2279 1891 2311 de

1153 2333 1248 2374 Urbe,
1274 2343 1310 2365 ae
1335 2332 1366 2364 in
1392 2332 1461 2364 acie
1485 2331 1710 2374 Campillorae,
1734 2336 1769 2363 ut
1792 2332 1891 2365 moris

1153 2392 1213 2426 est,
1230 2386 1349 2424 affixae,
1365 2395 1588 2427 quoscumque
1606 2384 1679 2418 illae
1697 2385 1889 2428 respiciunt,

1153 2444 1276 2472 arctent
1302 2444 1333 2471 et
1352 2438 1513 2478 afficiant,
1538 2439 1676 2481 perinde
1702 2449 1737 2471 ac
1761 2439 1785 2472 si
1820 2439 1892 2471 uni-

1153 2492 1270 2535 cuique
1295 2502 1403 2524 coram
1430 2497 1460 2524 et
1483 2491 1701 2535 personaliter
1726 2492 1891 2525 intimatae

1189 2609 1200 2634 1
1224 2607 1316 2634 Potius
1335 2607 1394 2642 lege
1412 2606 1563 2634 cuiuslibet
1582 2608 1621 2641 (n.
1643 2607 1693 2640 τ.).

1903 208 1953 234 An.
1968 207 1998 234 C.
2021 207 2079 236 173

1954 2175 2018 2196 lucos
2033 2178 2063 2195 tir.

1904 2204 2040 2229 sumptorum.
