2182 3137
860 293 954 317 innox
982 293 1182 318 ammomum
1679 283 1744 318 675

347 345 524 377 dicatorum
550 345 681 378 facultas
718 344 901 377 conceditur
924 354 998 387 pro-

346 398 484 441 ponendi
500 397 804 441 Congregationibus
821 398 850 430 S.
864 397 998 430 Sabinae
1023 430 1024 436 ἵ

346 451 526 494 provinciae
551 451 759 485 Lombardiae
783 462 819 483 ac
843 451 874 483 S.
902 450 997 482 Marci
1023 445 1025 502 't

346 504 506 536 Romanae
531 510 594 537 tres
628 503 815 547 religiosos,
843 512 860 534 e
884 502 998 545 quibus
1023 514 1025 535 t

347 557 497 590 vicarium
523 558 727 600 generalem,
752 566 845 599 quem
871 557 994 589 malue-
1023 584 1024 604 3

346 611 418 650 rint,
444 611 558 643 debent
582 611 709 653 eligere,
735 609 808 642 632.

346 727 405 759 pro
430 716 626 749 visitantibus
650 716 786 758 aliquam
805 725 841 747 ex
859 715 998 748 ecclesiis
1023 706 1024 746 i

347 771 480 802 fratrum
506 769 630 803 Ordinis
663 769 818 801 Minoruni
844 768 876 801 S.
902 769 998 801 Fran·

346 822 420 854 cisci
445 821 694 866 Capnccinorum
724 821 997 854 missionariorum
1023 813 1024 834 ³

345 876 377 908 in
401 875 544 918 partibus
564 875 738 907 infidelium
756 885 774 907 a
793 875 921 908 custode
942 886 998 908 seu

347 928 505 971 praesecto
530 927 714 960 missionum
740 928 920 961 huiusmodi
945 928 998 961 de-

346 982 532 1024 signandum
554 982 603 1014 die
622 982 699 1015 festo
725 983 821 1015 sancti
849 982 998 1016 Ludovici

348 1035 431 1078 regis
457 1035 661 1076 Francorum,
687 1035 762 1068 634.

257 1087 436 1120 cxxxvttt.
473 1087 684 1122 Confirmatur
719 1088 879 1121 decretum
906 1089 993 1132 capi-

1139 346 1192 378 tuli
1211 345 1365 387 generalis
1382 344 1507 378 Ordinis
1524 345 1656 378 fratrum
1675 346 1706 378 B.
1727 347 1789 380 Ma-

1137 399 1203 431 riae
1227 399 1265 431 de
1289 399 1391 432 Monte
1415 399 1558 432 Carmelo
1590 399 1789 433 Excalceato-

1137 461 1208 483 rum
1238 457 1490 494 nuncupatorum
1515 462 1611 495 super
1634 452 1789 486 divisione

1138 503 1321 546 provinciae
1339 504 1486 537 Poloniae
1503 515 1539 537 ac
1556 505 1714 538 erectione
1729 516 1788 539 no-

1139 566 1194 587 vae
1222 557 1402 599 provinciae
1438 557 1600 590 Lituaniac
1636 558 1711 591 dicti
1735 559 1790 592 Or-

1138 609 1230 649 dinis,
1258 609 1333 642 6:34.

260 663 427 697 cxxxvll.
454 664 649 706 Indulgentia
680 662 821 707 plenaria
846 667 998 705 perpetua
1023 674 1024 703 t
1049 661 1202 695 CXXXIX.
1230 663 1464 696 Contirmantur
1487 665 1639 697 nonnulla
1662 665 1789 699 decreta

1139 716 1169 747 in
1194 715 1332 758 capitulo
1360 716 1543 758 provinciali
1578 717 1702 751 Ordinis
1727 719 1789 750 sra-

1138 774 1222 801 trum
1247 769 1459 801 Eretnitarum
1495 771 1593 803 sancti
1625 772 1789 814 Augustini

1136 821 1219 854 edita
1243 832 1340 864 super
1364 822 1539 865 privilegiis
1554 850 1561 863 ,
1586 824 1700 867 quibus
1727 826 1788 858 srui

1137 875 1272 908 debeant
1305 876 1498 919 antiquiores
1532 877 1678 911 doctores
1709 889 1787 922 pro-

1137 928 1258 961 vinciae
1279 929 1419 962 Baeticae
1449 929 1588 963 eiusdem
1614 930 1738 964 Ordinis
1759 932 1790 964 in

1138 983 1316 1026 Hispalensi
1346 983 1550 1016 universitate
1578 985 1726 1028 promoti,
1744 986 1790 1018 vel

1137 1035 1168 1068 in
1184 1042 1346 1079 posterum
1371 1037 1591 1080 promovendi,
1617 1037 1693 1071 636.

663 1425 782 1457 FIMS
824 1425 925 1458 TOMt
973 1425 1374 1460 thESIMITEnTtt.

980 1779 1008 1808 V.
1033 1790 1067 1809 ex
1088 1780 1255 1819 delegatione
1278 1781 1312 1810 D.
1338 1782 1371 1811 D.
1396 1782 1607 1822 Archz'episcopi
1632 1784 1748 1814 Tauria.

1030 1838 1061 1868 P.
1085 1838 1277 1868 Cuonovmus
1300 1848 1316 1868 A
1339 1840 1519 1872 Cosnmoms
1542 1841 1611 1872 Ord.
1636 1842 1705 1872 Min.
