2182 3137
850 297 944 320 thEx
971 296 1169 319 RUBRICARUM

333 357 452 385 tantum
485 352 523 384 de
548 357 647 384 aetate
684 351 877 394 praescripta
913 360 983 381 cum

334 406 420 437 verbi
432 406 485 438 Dei
502 404 782 448 praedicatoribus,
797 414 856 446 pro
870 402 986 436 Ordine

333 460 465 491 fratrum
500 459 657 491 Minorum
694 456 791 489 sancti
827 455 985 487 Francisci

333 512 590 545 Conventualium
616 516 885 553 nuncupatorum,
911 507 984 540 5224.

340 565 447 598 Ordini
481 566 614 597 fratrum
643 563 897 596 Praedicatorum
922 561 986 604 pri-

333 619 481 659 vilegium
507 617 700 655 conceditur,
721 621 755 647 ut
771 614 986 647 saecularibus

332 671 584 704 adolescentibus
601 698 608 709 ,
633 669 812 710 theologiae
847 668 986 700 facultati

332 725 364 756 in
389 734 498 756 eorum
525 723 644 763 studiis,
671 721 797 759 scholis,
815 720 986 764 gymansiis

333 783 363 809 et
387 776 530 818 collegiis
554 775 738 807 triennalem
764 784 892 817 operam
911 773 987 805 dan—

333 831 426 867 tibus,
452 830 590 862 lauream
615 828 798 860 doctoratus
834 837 888 858 seu
915 836 985 858 ma-

333 882 453 924 gisterii
479 886 508 914 et
531 880 647 923 gradus
665 881 694 911 in
720 882 808 912 sacra
826 879 985 922 theologia

334 936 371 967 iis
396 945 486 978 pares
511 934 653 966 conserte
676 934 784 976 possit,
801 933 854 975 qui
873 933 903 965 in
929 943 986 976 pu-

332 988 421 1020 blicis
447 987 624 1019 studiorum
655 986 912 1019 universitatibus
935 996 986 1018 so-

332 1041 425 1073 lemni
452 1040 652 1073 caeremonia
676 1039 890 1079 conferuntur,
912 1038 985 1071 526.

243 1094 330 1126 citt.
364 1094 576 1127 Consu-matur
612 1098 641 1125 et
677 1092 855 1124 extenditur
890 1093 986 1124 Breve

332 1146 476 1188 Gregorii
502 1147 552 1179 XV
577 1157 673 1189 super
698 1145 914 1178 iurisdictione
939 1156 987 1177 re—

334 1200 461 1241 giminis
485 1199 690 1232 Bononiensis
714 1210 809 1242 super
833 1198 988 1231 universi-

338 1254 452 1286 tatibus
467 1254 583 1285 artium
598 1253 738 1285 eiusdem
757 1252 898 1291 civitatis,
914 1251 986 1284 5:30.

245 1306 345 1340 evttt.
374 1307 534 1338 Fratribus
552 1306 677 1339 Ordinis
693 1306 894 1338 eremitarum
914 1315 987 1337 san-

334 1359 373 1391 cti
399 1359 563 1401 Augustini
594 1358 792 1390 interdicitur
817 1358 986 1401 appellatio

333 1423 351 1445 a
376 1413 572 1445 correctione
598 1412 755 1453 regulari3
780 1412 921 1443 iniuncto
939 1411 986 1443 in-

334 1476 439 1510 super,
464 1472 517 1503 ut,
544 1466 574 1497 in
601 1476 672 1497 casu
699 1464 928 1507 appellationis,
955 1464 986 1496 id

333 1519 549 1551 tantummodo
586 1521 686 1551 Iacere
718 1518 851 1550 debeant
876 1518 987 1559 grada—

331 1574 386 1606 tim
412 1573 451 1605 ad
476 1572 602 1605 Ordinis
627 1572 820 1615 superiores,
846 1571 919 1603 533.

294 1627 312 1658 ’.
338 1626 483 1659 Custodia
510 1625 677 1657 Hiberniae
701 1625 826 1657 Ordinis
851 1626 985 1657 fratrum

333 1680 488 1712 Minoi-um
526 1679 623 1710 sancti
655 1678 813 1711 Francisci
838 1679 986 1722 Capucci-

332 1743 446 1765 norum
465 1738 718 1775 nuncupatorum
736 1732 765 1763 in
783 1742 894 1764 novam
911 1742 986 1775 pro-

332 1786 463 1817 vinciam
490 1785 632 1827 erigitur,
658 1784 733 1817 5:35.

244 1839 302 1872 CX.
342 1838 516 1871 Declaratio
536 1848 630 1881 super
647 1838 864 1870 iurisdictione
882 1843 987 1881 prote-

333 1898 454 1924 ctorum
467 1891 591 1923 Ordinis
605 1891 738 1923 fratrum
750 1891 904 1923 Minorum
921 1901 987 1923 san-

337 1945 377 1976 cti
403 1944 560 1976 Francisci
587 1943 625 1975 de
649 1943 853 1976 Observantia
881 1943 986 1986 quoad

333 1998 496 2039 religiosos
521 1997 686 2039 deputatos
707 2006 765 2039 pro
787 1996 940 2039 regimine
958 2000 988 2029 et

334 2053 410 2083 cura
425 2050 607 2082 monialium
622 2050 650 2081 S.
665 2050 773 2082 Clarae
787 2055 817 2081 et
833 2050 861 2082 S.
872 2050 986 2081 Mariae

333 2104 532 2146 Magdalenac
557 2103 689 2135 civitatis
714 2103 869 2146 Neapolis,
890 2103 964 2136 527.

243 2158 314 2191 CXI.
330 2158 496 2199 Indultum,
513 2163 545 2189 ut
562 2159 674 2190 fratres
690 2158 826 2189 Minores
842 2158 872 2190 S.
894 2158 987 2190 Fran-

333 2213 405 2245 cisci
432 2212 681 2255 Capuccinorum
707 2217 985 2255 nuncupatorum,

334 2266 363 2297 in
383 2265 482 2299 Callia
507 2265 684 2304 existentes,
702 2265 823 2308 possint
842 2266 986 2309 excipere

333 2320 544 2352 confessiones
581 2319 762 2352 momalium
796 2320 826 2350 in
851 2320 985 2352 claustra

333 2372 524 2413 degentium,
553 2372 627 2405 539.

244 2426 329 2458 CXII.
366 2426 477 2458 Abbati
516 2426 654 2468 generali
693 2436 729 2458 ac
765 2426 986 2458 definitoribus

333 2478 595 2521 Congregationis
615 2479 805 2521 Olivetanae,
827 2479 910 2522 quod
935 2480 985 2511 de-

335 2533 438 2575 inceps
463 2533 632 2576 capitulum
666 2534 812 2576 generale
845 2533 983 2565 eiusdem

333 2587 590 2628 Congregationis
613 2586 773 2619 dominica
799 2587 889 2620 tertia
915 2593 986 2630 post

244 566 314 598 (ΖΠ.

335 2640 450 2672 Pascha
465 2640 713 2673 Resurrectionis
730 2641 916 2679 dominicae,
930 2635 1002 2673 sic-¹

333 2703 393 2735 que
413 2698 474 2725 tres
499 2693 565 2725 dies
589 2694 690 2725 scrius
715 2704 809 2736 quam
836 2694 985 2726 hactenus

386 2755 463 2781 Ball.
480 2754 563 2781 Rom.
581 2770 612 2773 —
632 2755 691 2780 Vot.
709 2755 816 2782 XXIII.
943 2756 978 2782 85

1666 284 1731 317 673

1126 349 1194 381 fieri
1220 349 1390 388 consuevit,
1417 347 1570 381 celebrari
1595 347 1718 387 debeat,
1737 347 1780 379 fa-

1125 402 1224 434 cultas
1249 402 1443 441 conceditur,
1472 401 1546 433 540.

1036 455 1138 488 CXIII.
1167 455 1360 498 Praecipitm·
1376 465 1414 486 nc
1430 455 1499 497 quis
1517 460 1622 487 notam
1641 460 1694 486 aut
1711 463 1781 485 cen-

1126 519 1231 540 suram
1258 509 1352 540 ullam
1378 508 1587 550 theologicam
1607 507 1778 540 catholico-

1126 572 1198 593 rum
1234 561 1350 593 scholis
1385 561 1508 593 diversa
1540 561 1570 592 in
1597 560 1780 604 explicanda

1128 615 1251 647 divinae
1268 614 1385 656 gratiae
1410 614 1549 646 efficacia
1575 613 1781 645 sentientibus

1126 668 1264 707 inurere,
1284 673 1335 699 aut
1353 678 1459 700 earum
1478 668 1646 701 sententias
1671 672 1780 699 contu—

1127 721 1229 752 meliis
1248 721 1403 753 incessere
1421 721 1543 759 audeat,
1572 720 1645 753 541.

1039 773 1136 808 CXIV.
1155 774 1299 806 Generali
1317 773 1577 815 Congregationis
1594 773 1705 806 Montis
1723 772 1781 805 Oti-

1124 828 1186 859 xeti
1213 826 1337 859 Ordinis
1360 827 1458 858 sancti
1476 827 1634 859 Benedicti
1652 827 1781 859 facultas

1129 880 1312 913 conceditur
1336 880 1512 912 destinandi
1536 890 1595 922 pro
1620 880 1708 911 libito
1728 880 1782 911 ab·

1127 935 1230 966 batem
1258 935 1287 966 in
1314 934 1504 967 monasterio
1529 933 1558 966 S
1584 933 1699 966 Mariae
1723 934 1781 966 No-

1128 997 1193 1026 vae,
1218 987 1335 1030 absque
1361 987 1526 1030 regimine,
1550 997 1622 1019 cum
1647 996 1722 1018 voce
1740 991 1781 1018 ta-

1131 1050 1202 1073 men
1228 1041 1328 1072 activa
1353 1045 1382 1072 et
1409 1040 1542 1083 passiva,
1567 1039 1640 1072 5402.

1038 1094 1121 1127 CXV.
1148 1094 1310 1126 Fratribus
1335 1093 1595 1136 Congregationis
1616 1093 1780 1135 Hispania-

1128 1159 1198 1180 rum
1223 1147 1348 1179 Ordinis
1381 1148 1477 1179 sancti
1512 1147 1637 1179 Ioannis
1672 1147 1724 1178 Dei
1751 1152 1781 1178 et

1127 1201 1387 1243 Congregationis
1419 1200 1526 1233 ltaliae
1550 1200 1623 1232 dicti
1656 1199 1780 1232 Ordinis

1128 1255 1335 1298 prohibetur,
1373 1264 1412 1286 nc
1447 1253 1589 1286 alterutri
1627 1264 1662 1285 ex
1688 1252 1780 1285 dictis

1127 1307 1432 1350 Congregationibus
1467 1312 1681 1348 aggregentur
1715 1306 1781 1337 sine

1128 1371 1280 1394 consensu
1322 1370 1432 1393 eorum
1477 1359 1650 1402 respective
1689 1369 1783 1401 gene-

1128 1415 1215 1452 ralis,
1242 1414 1314 1446 544.

1038 1469 1135 1502 CXVI.
1154 1469 1363 1508 Desienantur
1379 1467 1474 1499 urbes
1488 1466 1657 1499 nonnullae
1675 1465 1781 1498 Italiae

1128 1528 1285 1563 tamquam
1323 1520 1533 1562 insigniores,
1560 1520 1590 1551 in
1621 1520 1736 1562 quibus
1760 1519 1781 1550 ii

1127 1585 1163 1606 ex
1176 1574 1293 1607 Ordine
1306 1573 1438 1605 fratrum
1455 1573 1662 1605 Ereniitarum
1678 1573 1708 1605 S.
1725 1574 1783 1605 Au-

1127 1627 1255 1669 gustini,
1281 1627 1333 1670 qui
1359 1636 1416 1668 per
1441 1626 1642 1658 decennalem
1660 1625 1782 1668 praedi-

1127 1679 1260 1712 cationis
1285 1689 1413 1710 rursum
1439 1679 1655 1720 magisterium
1678 1679 1708 1710 in
1726 1678 1782 1711 Or-

1127 1733 1198 1764 dine
1223 1731 1353 1774 adipisci
1379 1737 1556 1774 quaerunt,
1581 1731 1782 1774 quadragesi-

1128 1786 1224 1817 males
1249 1785 1418 1817 conciones
1443 1785 1492 1816 vel
1518 1784 1703 1816 decennales
1728 1785 1782 1816 ha-

1126 1839 1230 1878 beant,
1256 1838 1331 1871 545.

1037 1893 1149 1926 CXVII.
1174 1892 1387 1925 Consu-matur
1412 1891 1572 1923 decretum
1599 1891 1780 1933 Congrega-

1126 1946 1219 1979 tionis
1258 1945 1478 1988 episcoporum
1518 1950 1548 1976 et
1586 1945 1779 1986 regularium

1127 2000 1210 2032 circa
1244 1998 1426 2031 electionem
1453 1998 1497 2029 vel
1524 1997 1779 2030 substitutionem

1127 2053 1322 2084 visitatorum
1356 2051 1536 2093 provinciae
1569 2051 1779 2093 Portugalliae

1128 2105 1265 2137 eiusdem
1277 2104 1401 2137 Ordinis
1412 2103 1510 2135 sancti
1522 2104 1779 2146 Augustinsssffl.

1038 2159 1165 2192 CXVIII.
1195 2159 1289 2190 Ilreve
1314 2156 1500 2188 sanctissimi
1526 2156 1644 2189 domini
1670 2157 1779 2196 nostri,

1126 2213 1209 2244 circa
1234 2211 1457 2253 appellationes
1475 2216 1505 2242 et
1521 2220 1667 2242 recursus
1684 2221 1700 2242 a
1717 2212 1779 2243 fra-

1127 2266 1228 2298 tribus
1239 2264 1362 2297 Ordinis
1376 2263 1585 2295 Ercmitarum
1604 2263 1701 2296 sancti
1719 2265 1779 2296 Au-

1127 2318 1241 2361 gustini
1264 2317 1416 2359 gradatim
1435 2316 1472 2347 ad
1491 2316 1614 2347 Ordinis
1639 2316 1777 2348 eiusdem

1125 2372 1306 2415 superiores
1329 2370 1497 2408 faciendos,
1519 2370 1556 2401 ad
1583 2371 1693 2401 I'ratrcs
1715 2371 1780 2402 Ilis-

1126 2427 1278 2458 eaIceatos
1302 2423 1588 2465 Congregationum
1614 2423 1718 2455 Italiae
1750 2428 1779 2456 et

1126 2479 1310 2512 Germaniae
1353 2477 1426 2509 dicti
1470 2476 1594 2508 Ordinis
1634 2477 1777 2508 extendi—

1127 2539 1188 2571 tur,
1214 2531 1289 2563 542).

1037 2586 1135 2618 CXIX.
1161 2583 1364 2617 Conlirnlatio
1397 2583 1607 2626 quorumdam
1638 2582 1778 2615 decreto-

1128 2650 1196 2671 rum
1234 2644 1264 2669 et
1295 2643 1482 2669 statutorum
1519 2637 1777 2677 Congrcgationis

1127 2691 1293 2735 Hispaniae
1340 2691 1471 2722 fratrum
1513 2689 1775 2721 Iliscalceatorum
