2182 3137
210 233 259 259 An.
280 232 309 259 C.
328 231 396 259 1732

228 465 231 467 -
243 439 331 469 Abbatis
345 444 392 465 pro-

213 471 294 486 vmciae
310 471 391 487 munuS.

225 1365 283 1388 Quae
293 1366 333 1386 sint
343 1366 388 1387 eius

206 1391 317 1412 facultates
368 1394 389 1413 et

207 1418 284 1443 quibus
296 1419 388 1440 terminis

206 1444 387 1472 circumscriptae.

440 223 505 257 354

403 281 520 311 abbates
543 282 710 319 instituere,
735 281 785 312 ubi
807 283 965 313 necessarii
988 288 1079 322 sunt,
1098 283 1142 313 vel

403 329 575 368 destituere,
599 329 649 359 ubi
672 330 736 360 illos
759 340 992 371 supervacaneos
1014 341 1077 362 esse
1099 332 1143 362 iu-

401 378 552 408 dicaverit.

441 437 471 457 11.
496 428 626 466 Singulis
648 428 733 458 annis
761 428 846 458 debet
876 430 1052 460 monasteria
1076 440 1141 469 pro-

403 476 516 506 vinciae
537 486 606 506 suae
628 477 748 506 visitare
771 486 822 516 per
844 487 874 507 se
897 478 1004 516 ipsum,
1036 478 1092 517 vel,
1116 479 1140 507 si

402 525 645 564 impedimentum
678 525 839 563 legitimum
875 527 1057 565 occurrerit,
1089 537 1141 566 per

405 574 569 612 vicarium,
594 579 624 603 ut
646 583 734 613 supra
764 575 799 604 de
821 574 926 605 abbate
948 575 1077 614 generali
1099 575 1142 604 di-

404 626 481 651 ctum
498 627 552 652 est.
571 623 605 652 Et
622 623 796 652 visitationis
819 624 946 660 decreta,
964 624 1059 661 sigillo
1075 634 1138 660 suo,

401 680 563 711 manusque
585 671 801 711 subscriptione
834 674 946 702 111-11111111
962 697 969 710 ,
995 673 1029 701 ad
1052 672 1140 702 abba-

404 724 461 750 tem
479 721 645 758 generalem
670 722 877 751 transmittere.

440 778 481 798 111.
507 769 555 799 Bis
578 769 708 809 quolibet
731 780 806 800 anno
839 771 874 799 ad
897 771 1030 800 eumdem
1053 770 1140 800 abba-

401 822 460 847 tem
481 819 647 856 generalem
670 818 777 848 scribat
799 819 832 848 de
856 824 932 849 statu
949 820 1140 848 monasterio-

401 875 466 896 rum
488 876 557 896 suae
580 867 759 906 provinciae,
777 868 870 907 deque
888 878 1011 897 numero
1026 872 1054 898 et
1069 877 1139 907 qua-

400 914 481 945 litate
503 917 723 946 monachorum.

440 972 478 993 1V.
502 964 563 994 Non
584 969 679 1003 potest
695 974 757 994 esse
773 965 862 994 abbas
877 965 1043 995 ordinarius
1060 965 1139 995 illius

400 1014 582 1050 monasterii,
599 1023 693 1052 neque
709 1013 794 1043 debet
810 1014 943 1051 ingerere
967 1024 997 1043 se
1020 1014 1048 1043 in
1065 1015 1140 1052 regi-

400 1061 478 1091 mine
500 1062 667 1092 immediato
690 1062 769 1092 illius
793 1063 973 1100 monasterii,
997 1063 1046 1092 ubi
1069 1063 1140 1093 resi-

400 1110 459 1147 det,
483 1111 532 1140 sed
555 1111 626 1140 illud
645 1110 769 1141 liberum
793 1117 821 1141 et
842 1111 1006 1141 absolutum
1024 1112 1139 1151 proprio

400 1157 498 1189 abbati
532 1160 720 1199 relinquere,
745 1160 793 1198 qui
827 1165 923 1189 tamen
946 1161 975 1190 in
1003 1160 1139 1190 omnibus

400 1207 528 1246 primum
550 1208 644 1237 locum
674 1207 772 1237 abbati
806 1209 973 1247 provinciae
1002 1209 1113 1238 deserat
1130 1232 1137 1246 ,

399 1256 531 1296 nihilque
554 1258 651 1296 magni
675 1258 816 1286 momenti
838 1268 871 1287 60
894 1258 1060 1287 inconsulto
1075 1268 1139 1288 sus-

398 1306 498 1345 cipiat,
522 1311 550 1336 et
572 1307 763 1346 praecipienti
787 1312 893 1346 pareat.

440 1364 466 1384 V.
491 1355 588 1385 Potest
621 1356 780 1385 monachos
808 1357 843 1385 de
870 1366 928 1386 uno
961 1357 1138 1387 monasterio

398 1404 429 1434 in
451 1404 530 1434 aliud
553 1404 682 1434 eiusdem
705 1414 774 1434 suae
801 1406 970 1444 provinciae
992 1416 1027 1435 ex
1050 1408 1139 1436 cansa

398 1453 579 1492 rationabili,
604 1458 690 1492 prout
711 1454 740 1483 in
764 1454 884 1484 Domino
907 1455 1045 1494 expedire
1063 1455 1138 1485 iudi-

398 1502 517 1539 caverit,
535 1512 587 1542 pro
600 1502 762 1532 residentia
777 1503 892 1532 mittere
908 1504 952 1532 vol
970 1504 1138 1542 transferre,

398 1551 484 1581 etiam
508 1552 571 1583 sine
593 1561 736 1582 consensu
763 1552 874 1582 abbatis
902 1553 1055 1592 utriusque
1080 1563 1140 1583 mo-

397 1601 538 1639 nasterii,
562 1601 602 1631 ita
626 1605 722 1630 tamen
742 1605 773 1630 ut
797 1601 832 1630 de
855 1601 908 1630 hac
929 1603 1139 1632 monachornm

402 1649 540 1679 missione
574 1650 618 1679 vel
652 1650 841 1679 translatione
874 1650 985 1679 litteras
1008 1655 1139 1690 patentes

398 1708 451 1729 suo
473 1699 570 1737 sigillo
593 1709 756 1738 manusque
778 1699 993 1738 subscriptione
1012 1700 1139 1730 munitas

399 1748 544 1778 conficiat.
570 1748 631 1777 Non
654 1752 749 1787 potest
781 1753 876 1777 autem
904 1749 1061 1778 monachos
1083 1750 1138 1779 sibi

400 1797 546 1826 subiectos
569 1797 603 1826 ad
620 1797 798 1826 monasteria
817 1797 949 1827 diversae
972 1799 1138 1837 provinciae

399 1855 451 1885 pro
473 1846 635 1876 residentia
667 1846 783 1875 mittere
812 1846 855 1875 vel
879 1847 1057 1885 transferre,
1082 1847 1138 1876 nisi

399 1897 434 1926 de
457 1904 603 1925 consensu
625 1893 739 1924 abbatis
760 1895 917 1933 generalis.
941 1895 995 1925 Sed
1019 1906 1071 1935 pro
1090 1907 1140 1926 116-

399 1945 485 1982 gotiis
518 1948 569 1973 aut
596 1944 821 1974 necessitatibus
853 1944 1020 1984 provinciae
1047 1955 1136 1983 suae,

400 1993 444 2023 vel
468 1993 593 2023 alicuius
616 1992 785 2022 monasterii
808 1992 863 2022 sibi
888 1993 1023 2032 subiecti,
1044 1999 1138 2033 potest

399 2043 556 2072 monachos
572 2042 606 2072 de
622 2044 672 2071 sua
696 2042 847 2081 provincia
862 2042 896 2071 ad
913 2042 1000 2071 aliam
1023 2043 1138 2073 mittere

400 2100 465 2121 cum
488 2091 595 2121 litteris
618 2090 878 2127 testimonialibus,
896 2091 1048 2131 inquibus
1071 2101 1139 2122 cau—

399 2149 460 2170 sam
488 2139 658 2178 significet,
692 2143 866 2180 tempusque
898 2141 1077 2171 reversionis
1103 2142 1137 2171 li-

400 2189 493 2219 mitet.

441 2247 481 2268 VI.
505 2237 661 2268 Monaehos
677 2238 844 2276 provinciae
866 2248 935 2268 suae
958 2249 1053 2279 neque
1075 2249 1139 2270 sus-

401 2287 527 2325 pendere
550 2296 645 2326 neque
667 2287 925 2317 excommunicare
951 2293 1066 2327 potest,
1090 2294 1139 2319 aut

400 2346 498 2366 casnm
515 2336 642 2375 aliquem
659 2336 715 2366 sibi
731 2337 759 2365 in
777 2337 958 2367 consessione
974 2347 1137 2377 reservare,

400 2385 463 2415 sine
486 2384 598 2415 abbatis
619 2385 765 2423 generalis
786 2385 928 2424 licentia3
952 2387 1001 2416 sed
1024 2397 1072 2417 eos
1094 2397 1139 2418 re-

400 2443 469 2472 gere
491 2438 518 2464 et
539 2434 669 2464 iudicare
691 2434 776 2464 debet
791 2445 828 2464 ex
851 2436 1030 2475 praescripto
1053 2446 1139 2475 regu-

400 2481 445 2512 lae
466 2487 495 2512 et
513 2483 770 2521 constitutionum,
789 2483 819 2513 in
841 2483 948 2523 quibus
969 2484 1138 2524 dispensare

402 2532 502 2571 nequit
524 2532 625 2562 eodem
647 2531 753 2562 abbate
775 2533 904 2571 generali
926 2533 1104 2564 inconsulto.

493 2581 561 2611 CAP.
586 2580 632 2611 VI.
649 2599 688 2603 —
702 2580 742 2610 De
764 2581 856 2611 abbate
878 2583 1048 2612 monasterii.

441 2637 461 2658 1.
484 2629 581 2659 Abbas
603 2629 773 2659 monasterii
796 2629 914 2668 eligitur
932 2630 962 2660 in
980 2639 1141 2669 congrega-

982 236 1164 259 BULLARIUM
1188 236 1343 260 ROMANUM

1185 284 1264 314 tione
1288 285 1519 323 liegumenorum
1550 285 1585 316 ab
1614 286 1718 317 abbate
1741 288 1869 326 generali
1896 292 1924 317 et

1185 342 1200 361 a
1225 337 1350 372 quatuor
1371 334 1565 372 hegumenis,
1589 344 1603 364 a
1627 335 1733 374 quibus
1755 336 1842 365 etiam
1865 345 1922 366 non

1184 382 1299 421 expleto
1328 382 1454 412 triennio
1487 382 1523 412 ob
1555 383 1714 421 legitimam
1748 393 1865 414 causam
1888 384 1923 414 ab

1184 430 1278 459 osticio
1300 431 1439 469 suspendi
1461 435 1511 460 aut
1532 431 1637 471 deponi
1661 432 1777 471 poterit.

1223 487 1253 507 11.
1276 478 1442 518 Antequam
1465 480 1561 510 officio
1576 489 1627 510 suo
1643 480 1794 519 fungatur,
1811 481 1924 511 litteras

1184 527 1387 565 praefecturae
1411 528 1545 557 ostendat
1566 529 1717 558 monachis
1731 552 1739 566 ,
1764 537 1871 568 easque
1893 529 1923 558 in

1184 575 1301 614 publico
1324 576 1386 605 loco
1416 576 1472 614 legi
1495 576 1592 606 saciat.
1616 577 1671 615 Et,
1695 577 1719 606 51
1748 577 1836 606 abbas
1859 587 1924 617 pro-

1183 623 1297 653 vinciae
1320 624 1349 654 in
1372 625 1473 654 eodem
1502 626 1680 655 monasterio
1704 630 1856 664 versetur,
1880 626 1922 656 ilii

1183 682 1232 702 eas
1255 677 1437 712 praesentet,
1462 674 1507 703 vel
1531 683 1631 703 earum
1653 674 1803 713 exemplar
1826 674 1922 713 sigillo

1184 722 1356 751 monasterii
1379 722 1526 752 munitum
1548 722 1583 752 ad
1605 723 1687 752 illum
1710 723 1817 761 mittat,
1834 723 1858 752 si
1874 722 1922 752 ab·

1933 245 1980 266 An.
2002 241 2032 268 C.
2049 241 2116 271 ¹732

1183 780 1250 800 sens
1273 770 1371 800 fuerit.
1397 771 1552 810 Postquam
1574 780 1643 801 vero
1665 771 1779 801 litterae
1802 781 1922 810 congre-
1951 769 1953 771 ’

1182 819 1310 857 gationis
1332 820 1565 858 hegumenorum
1594 820 1685 850 lectae
1707 821 1837 858 suerint,
1862 830 1923 851 mo-

1183 869 1271 898 nachi
1289 878 1390 898 01111165
1412 878 1509 899 coram
1526 879 1559 899 eo
1577 869 1786 908 genuflectant,
1801 869 1922 910 eiusque

1185 922 1331 957 tamquam
1368 917 1481 947 abbatis
1517 918 1752 948 benedictionem
1790 923 1919 958 poscant.

1183 965 1246 1004 lpse
1270 976 1336 996 vero
1364 976 1379 995 a
1402 967 1625 1005 praedecessore
1653 976 1706 997 suo
1738 967 1782 996 vel
1816 967 1922 998 vicario

1183 1015 1244 1044 61115
1268 1016 1437 1045 monasterii
1473 1016 1601 1054 sigillum
1634 1021 1662 1046 et
1692 1017 1855 1047 inventaria
1878 1027 1924 1047 re-

1183 1072 1249 1092 rum
1265 1064 1395 1093 omnium
1418 1064 1552 1103 recipiat,
1576 1069 1730 1103 praesente
1752 1066 1921 1095 monasterii

1182 1112 1424 1151 congregatione,
1449 1117 1476 1142 et
1498 1113 1528 1142 in
1551 1113 1653 1142 cellam
1676 1112 1774 1143 abbati
1795 1114 1923 1143 destina-

1183 1165 1240 1190 tam
1264 1161 1389 1190 secedat.

1222 1219 1262 1239 111.
1283 1210 1446 1240 Domestica
1461 1210 1624 1240 ministeria
1641 1210 1738 1240 statim
1754 1210 1920 1248 distribuat,

1183 1257 1323 1287 officiales
1351 1258 1462 1296 eligens
1496 1259 1540 1288 vel
1570 1258 1749 1288 confirmans
1765 1282 1772 1295 ,
1796 1268 1869 1298 quos
1891 1259 1920 1289 in

1181 1306 1303 1336 Domino
1320 1307 1440 1336 idoneos
1455 1307 1629 1337 iudicaverit
1646 1307 1789 1347 (exceptis
1802 1307 1922 1347 quibus-

1181 1356 1260 1393 dam,
1278 1366 1401 1396 quorum
1425 1356 1530 1386 electio
1545 1357 1581 1386 ad
1599 1356 1732 1386 abbatem
1754 1357 1921 1395 generalem

1182 1406 1355 1445 pertinet),
1379 1410 1407 1435 et
1431 1415 1497 1435 suas
1521 1405 1627 1444 cuique
1650 1405 1767 1443 regulas
1789 1405 1919 1435 tradens.

1181 1456 1222 1485 Ac
1239 1455 1332 1494 primo
1352 1455 1494 1484 vicarium
1510 1463 1596 1483 suum
1618 1453 1797 1491 constituat,
1818 1453 1923 1484 deinde

1181 1513 1371 1533 oeconomum
1403 1513 1454 1532 seu
1485 1507 1704 1542 procuratorem
1729 1503 1920 1542 monasterii,

1182 1563 1246 1583 mox
1280 1553 1352 1582 alios
1389 1553 1529 1582 officiales
1561 1553 1642 1582 iuxta
1674 1552 1865 1590 indigentiam
1895 1557 1922 1582 et

1959 1225 2048 1256 Abbatis
2072 1231 2117 1247 mo-

1933 1255 2020 1273 nasterii
2034 1258 2118 1274 munus.

1181 1603 1422 1632 consuetudinem
1456 1601 1611 1639 coenobii3
1635 1611 1741 1641 eosque
1763 1602 1921 1632 identidem

1182 1652 1290 1690 visitet,
1309 1656 1337 1681 et
1353 1657 1439 1691 prout
1460 1652 1489 1681 in
1506 1651 1626 1681 Domino
1643 1652 1736 1681 visum
1751 1651 1840 1681 suerit
1855 1661 1923 1681 6011-

1183 1702 1303 1739 venire,
1329 1701 1373 1730 vel
1395 1701 1424 1730 in
1448 1700 1556 1730 eisdem
1589 1700 1762 1730 ministeriis
1791 1700 1921 1730 detineat

1181 1751 1226 1780 vel
1251 1751 1286 1780 ab
1308 1751 1349 1780 eis
1372 1755 1536 1780 removeat:
1560 1749 1635 1788 quod
1658 1750 1693 1779 de
1715 1749 1837 1788 reliquis
1859 1750 1922 1779 offi-

1182 1799 1307 1829 cialibus
1329 1799 1552 1837 intelligendum
1577 1804 1630 1834 est,
1648 1803 1765 1837 praeter
1780 1799 1921 1828 vicarium

1181 1853 1208 1878 et
1231 1857 1443 1885 oeconomum,
1464 1848 1516 1877 hos
1535 1847 1613 1877 enim
1636 1856 1787 1877 removere
1809 1848 1920 1887 nequit,

1181 1898 1237 1927 nisi
1254 1908 1287 1927 ex
1304 1897 1426 1927 consilio
1444 1896 1681 1935 congregationis
1697 1897 1919 1927 monachorum.

1180 1947 1252 1982 Quia
1276 1956 1344 1976 vero
1367 1946 1462 1975 officia
1489 1945 1652 1985 quaedam,
1676 1949 1708 1975 ut
1729 1945 1803 1976 bene
1825 1946 1897 1976 fiant
1912 1971 1919 1984 ,

1180 1996 1390 2035 experientiam
1414 1995 1590 2034 requirunt,
1618 2004 1677 2024 non
1706 1995 1790 2025 facile
1812 1995 1922 2025 mutari

1180 2045 1351 2075 debebunt:
1375 2048 1404 2075 et
1426 2045 1457 2074 111
1479 2045 1533 2074 1106
1562 2044 1733 2074 mutationis
1751 2044 1921 2074 officialium

1180 2094 1300 2132 negotio
1323 2093 1427 2123 vitium
1449 2093 1665 2123 inconstantiae
1687 2092 1806 2123 omnino
1827 2093 1922 2123 vitan-

1179 2143 1248 2172 dum
1270 2146 1325 2172 est.

1221 2201 1259 2221 iv.
1283 2191 1345 2221 Non
1368 2195 1463 2230 potest
1485 2191 1642 2220 monachos
1665 2190 1700 2220 de
1723 2190 1918 2228 monasterio,

1181 2241 1227 2270 cui
1251 2244 1376 2280 praeest,
1393 2240 1423 2269 in
1446 2239 1526 2269 aliud
1548 2239 1725 2276 transferre3
1747 2239 1811 2277 sed,
1832 2239 1855 2269 si
1871 2250 1922 2271 ne-

1181 2299 1261 2319 cesse
1283 2289 1383 2325 suerit,
1401 2288 1534 2318 consulat
1550 2288 1632 2327 prius
1648 2287 1782 2318 abbatem
1802 2290 1920 2327 provin-

1181 2338 1243 2367 ciae
1265 2342 1315 2367 aut
1345 2337 1477 2367 abbatem
1511 2337 1688 2375 generalem.
1713 2337 1768 2367 Pro
1794 2338 1919 2376 negotiis

1180 2395 1249 2416 vero
1278 2386 1449 2415 monasterii
1482 2386 1527 2415 sui
1560 2389 1654 2425 potest
1685 2386 1862 2415 monachum
1884 2387 1919 2416 ad

1179 2435 1259 2465 alind
1275 2434 1484 2464 monasterium
1507 2434 1625 2464 mittere
1654 2443 1720 2464 cum
1752 2434 1858 2464 litteris
1880 2439 1922 2465 te-

1179 2483 1395 2514 stimonialibus
1422 2483 1659 2521 congregationis
1687 2483 1917 2522 monachorum,

1180 2533 1210 2562 in
1233 2532 1339 2572 quibus
1362 2541 1480 2562 causam
1502 2532 1665 2570 significet,
1689 2536 1717 2562 et
1738 2536 1852 2572 tempus
1875 2541 1920 2562 re-

1181 2581 1325 2611 versionis
1337 2581 1470 2611 definiat.
1487 2580 1558 2610 Item
1577 2590 1635 2610 non
1653 2583 1746 2619 potest
1762 2580 1919 2610 monachos

1181 2630 1352 2662 monasterii
1379 2630 1425 2660 sui
1454 2629 1633 2670 suspendere
1654 2629 1699 2659 vel
1720 2629 1919 2660 excommuni—

2167 878 2178 895 ’.ι

2169 923 2182 1247 1

2169 1247 2182 1293 ξ

2168 1884 2182 1943 ...ι-Ἰ»
2171 1800 2182 1876 ⁴2..-
2168 1600 2182 1788 mina-«4
2167 1533 2182 1587 ’.ὲ-κ

2171 2039 2182 2108 ..οι-ιν.
2171 1950 2182 2029 -ιΔ-ιε.
