2182 3137
158 195 208 222 An.
228 195 256 223 c,
276 195 340 223 ¹731
389 186 452 220 ⁶208

204 264 214 275 ιι
237 259 293 276 wan
311 260 329 276 Ι.-ι

167 290 196 302 Ἧι
213 299 217 306 ,
252 290 339 309 ‹¹¹tlstlui·

159 312 254 330 matt-ria.

159 767 199 786 que
216 761 328 787 qualitate.

396 256 457 277 xix,
485 245 600 277 Cluisti
627 245 746 277 domini
764 272 771 285 ,
797 245 849 288 qui
885 245 973 277 talari
1007 255 1089 277 sem-

352 310 408 340 per
436 298 542 330 tunica
569 298 738 330 incedebat
763 298 912 337 indutus,
939 297 970 330 in
999 297 1090 330 itine-

354 351 439 383 ribus
465 354 496 384 et
520 351 677 384 cubiculis
705 352 836 384 talarem
874 361 1004 394 semper
1036 351 1090 384 dc-

354 404 457 436 t‘erant
476 411 606 443 vestem,
629 404 709 437 nibil
734 404 875 437 sericum
902 404 1088 445 habentem,

352 458 408 489 sed
434 458 522 490 omni
549 468 585 490 ex
613 463 703 500 parte
728 458 911 498 honestam,
936 457 1091 490 etEccle-

352 511 418 544 siae
446 511 571 543 statutis
597 517 628 543 et
659 511 879 544 saecularibus
915 511 1090 544 sacerdoti-

352 564 420 602 bus,
440 564 635 597 moderatius
652 564 843 603 viventibus,
860 574 996 607 prorsus
1018 573 1091 595 con-

355 617 502 657 formem·y
530 617 643 650 fratres
661 628 736 650 vero
755 617 825 650 laici
845 616 984 649 breviori
1004 622 1090 648 utan-

354 677 402 703 tur
426 671 625 704 indumento.

396 735 445 757 xx.
479 724 641 757 Christum
678 724 863 763 dominum,
897 724 950 766 qui
987 733 1089 756 exem-

352 778 439 820 plum
468 779 702 821 temperantiae
729 788 859 820 semper
886 777 954 817 suit,
983 776 1088 819 quoad

355 830 422 864 lieri
449 831 552 874 possit
577 831 746 870 imitando,
767 840 878 863 omnes
903 831 933 862 in
955 829 1091 862 semina-

353 884 400 917 rio
430 884 571 917 viventes
598 883 841 927 temperantiam
869 889 1017 915 accurate
1039 894 1091 915 cu-

353 938 503 978 stodient,
530 949 566 970 ae
592 943 700 980 potum
735 943 897 980 tamquam
929 936 1090 969 medelam

353 1002 410 1024 suo
438 997 584 1034 ternpore
609 995 746 1029 sument,
766 990 863 1022 solita
888 989 1040 1032 qualitate
1060 994 1092 1022 et

354 1044 532 1088 quantitate
557 1043 713 1082 contenti,
746 1048 818 1076 octo
844 1043 997 1076 videlicet
1032 1053 1090 1075 un-

354 1097 473 1129 ciarum
514 1095 670 1128 arietinae
711 1096 817 1128 earnis
853 1096 979 1139 pondo,
1019 1106 1090 1128 cum

354 1151 447 1183 suilla
472 1156 504 1183 et
529 1149 675 1182 oleribus
702 1149 789 1181 iuxta
823 1154 1006 1192 temporum
1041 1160 1092 1182 va-

353 1204 527 1243 rietatem,
566 1213 623 1246 pro
660 1202 842 1235 meridiana
867 1203 1066 1234 comestione
1082 1230 1089 1242 ,

354 1263 385 1290 et
410 1268 463 1290 sex
490 1267 548 1300 pro
574 1258 735 1289 nocturna
761 1256 850 1289 boris
883 1256 1001 1289 debitis
1031 1267 1091 1299 pro

355 1317 539 1354 temporum
567 1310 750 1343 diversitate
783 1309 998 1352 assignandis.
1022 1310 1093 1342 Die—

353 1364 414 1396 bus
453 1370 558 1397 autem
598 1363 792 1395 ieiuniorum
820 1363 880 1395 tria
915 1363 1020 1396 calida
1061 1363 1091 1395 in

354 1417 529 1461 prandium
544 1417 664 1450 fercula
681 1416 919 1456 ministrentur,
936 1417 1013 1449 etin
1029 1417 1092 1449 boc

355 1471 477 1515 aliquid
503 1470 622 1504 addere
656 1481 713 1504 seu
751 1476 950 1503 commutare
987 1470 1093 1514 aliqua

355 1525 395 1557 de
420 1526 532 1564 causa,
558 1524 724 1557 cuiusdam
751 1529 827 1567 puta
853 1524 1066 1557 solemnitatis
1083 1552 1091 1564 ,

355 1584 409 1611 aut
434 1578 657 1618 necessitatis,
682 1588 817 1621 praeses
843 1578 972 1610 valebit.
1000 1578 1095 1610 Ilabi-

355 1632 432 1665 tuali
459 1637 568 1665 autem
596 1631 798 1674 aegritudine
823 1632 1036 1673 {laborantes‚
1063 1631 1093 1663 ni

356 1685 561 1718 imbecillitas
586 1684 746 1724 obfuerit,
773 1684 884 1717 ieiunii
911 1684 1095 1717 custodiant

357 1739 491 1772 sormam
508 1766 515 1778 ,
548 1745 578 1771 et
603 1738 823 1781 vespertinam
855 1744 889 1770 ιιι
914 1738 1094 1771 ieiunantes

356 1797 485 1825 sumant
521 1792 811 1832 refectiunculam3
846 1791 875 1823 in
917 1792 1095 1835 quantitate

357 1852 463 1878 tamen
493 1845 705 1888 ciborumque
727 1845 934 1878 condimento
961 1845 1094 1879 omnino

356 1905 500 1932 servetur
524 1898 712 1942 aequalitas.
738 1897 919 1936 Quamlibet
943 1904 1017 1931 ante
1043 1910 1096 1932 co-

357 1952 550 1985 mestionem
588 1951 641 1984 liat
666 1962 798 1984 mensae
831 1952 1038 1993 benedictio,
1066 1959 1097 1985 et

356 2013 468 2049 postea
502 2006 678 2048 graufflum
710 2006 815 2045 actio,
843 2006 1094 2050 couffistbnrpre,

360 2060 393 2092 B.
417 2059 456 2092 M.
485 2059 623 2101 Virginis
649 2059 807 2092 canticum
840 2059 1024 2092 alternatim
1050 2060 1097 2092 di-

357 2119 491 2153 centes,
527 2112 695 2146 ecclesiam
727 2118 861 2156 petant,
892 2113 924 2145 in
957 2124 1018 2156 qua
1044 2124 1097 2156 ge-

357 2168 476 2201 nuflexi
510 2167 720 2210 antiphonam
752 2167 846 2200 Salve
874 2167 990 2210 reyz'iza
1025 2178 1096 2200 eum

357 2232 451 2253 versu
486 2226 518 2253 et
552 2221 701 2253 oratione
738 2220 877 2263 Virginis
903 2220 1096 2260 recitantes,

359 2275 534 2316 gratiarum
553 2273 672 2306 actioni
690 2273 785 2306 finem
810 2274 987 2316 imponent,
1006 2279 1038 2306 et
1057 2274 1096 2306 ad

359 2329 467 2360 locum
495 2327 705 2360 recreationis
739 2337 771 2360 se
805 2328 985 2359 conterent..
1020 2326 1095 2360 Cum

359 2381 493 2413 infirmis
520 2386 626 2413 autem
653 2380 814 2419 minister,
847 2381 885 2412 ad
911 2390 1021 2413 eornm
1048 2391 1098 2412 as-

359 2434 542 2467 sistentiam
579 2444 676 2477 snpra
710 2433 904 2473 destinatus,
934 2438 1096 2476 tamquam

359 2493 461 2519 mater
487 2498 558 2520 enm
586 2487 658 2520 tiliis
685 2497 719 2519 se
745 2492 845 2529 gerat,
867 2497 974 2519 euram
997 2486 1040 2519 ita
1059 2487 1097 2520 de

359 2540 421 2573 illis
447 2540 610 2580 habendo,
636 2545 670 2572 ut
689 2540 810 2572 nedum
831 2539 913 2572 nibil
933 2550 968 2572 ex
988 2550 1098 2573 neces-

358 2593 449 2627 sariis
474 2593 537 2627 illis
564 2593 657 2634 desit,
679 2604 790 2626 verum
810 2592 905 2627 etiam
927 2603 986 2627 nee
1007 2593 1097 2638 quid-

927 194 1107 219 BULLARIL'M
1133 194 1290 218 ROMANUM

1873 195 1924 222 An.
1946 195 1976 222 C.
1995 196 2058 224 ¹73¹

1133 254 1228 287 quam
1255 244 1341 287 quod
1379 245 1417 276 ad
1450 254 1558 276 eorum
1584 244 1735 277 solatium
1772 243 1868 288 proti-

1133 307 1205 329 cere
1233 297 1344 340 possit.

1177 361 1240 383 xm.
1269 349 1414 383 Christus
1440 350 1613 390 dominus,
1641 350 1695 393 qui
1725 350 1806 383 caeli
1838 355 1870 384 et
1894 363 2062 392 earpauperuta

1134 409 1239 436 terrae
1264 404 1406 436 babebat
1426 404 1607 446 imperium,
1630 405 1870 447 pauperrimam
1881 392 1974 416 ⁵¹”ffius'

1134 457 1348 490 nibilominus
1374 457 1469 490 vitam
1497 457 1603 497 duxit,
1635 468 1731 501 quem
1763 467 1870 501 opera-

1135 510 1170 541 rii
1193 510 1359 550 imitando,
1378 510 1509 553 spiritus
1535 516 1758 554 paupertatem
1783 521 1873 544 sum-

1134 564 1184 594 ma
1210 563 1429 605 procurabunt
1454 564 1645 607 diligentia;
1666 569 1705 604 et,
1727 563 1806 597 licet
1825 574 1873 597 re-

1135 626 1204 647 rnm
1231 616 1408 649 dominium
1436 627 1501 649 non
1528 617 1687 657 amittant,
1710 617 1749 649 ab
1775 617 1872 650 admi-

1134 668 1327 702 nistratione
1365 675 1494 710 tamen,
1533 676 1687 714 quantum
1726 671 1871 714 possint,

1134 722 1334 760 abstineant;
1356 734 1450 766 qnam
1472 724 1681 756 seminarium
1707 734 1872 768 nunquam

1135 775 1166 807 in
1192 786 1226 808 se
1253 776 1396 819 recipiat,
1422 787 1481 809 nee
1507 777 1591 810 aliud
1617 777 1761 820 inquirat
1777 788 1873 821 quam

1135 829 1223 869 illud,
1250 830 1346 873 quod,
1375 830 1462 863 iuxta
1488 835 1642 864 statutum
1663 831 1787 871 domus,
1810 831 1874 864 exi-

1135 883 1300 916 stimatum
1329 884 1432 923 suerit,
1457 895 1725 928 unumquemque
1750 885 1874 917 contri-

1134 935 1234 969 buere
1274 947 1381 980 posse.
1424 937 1534 981 ltaque
1568 948 1637 971 earn
1674 939 1770 980 plene
1808 937 1873 970 suis

1134 990 1404 1032 procuratoribus
1427 991 1626 1023 committere
1656 991 1813 1030 debeant,
1843 995 1875 1023 et

1135 1042 1280 1075 redditus
1313 1043 1356 1075 ita
1393 1043 1588 1077 distribuere
1625 1049 1657 1076 et
1688 1044 1874 1087 expendere

1135 1100 1250 1128 curent
1275 1100 1308 1127 ut
1340 1106 1377 1128 ex
1401 1095 1478 1139 ipsis
1506 1096 1733 1129 ecelesiasticis
1760 1107 1874 1130 omnes

1136 1157 1265 1180 sumere
1293 1149 1476 1192 exemplum
1501 1149 1640 1192 possint.

1179 1210 1253 1234 xxti.
1281 1201 1369 1233 Iesus
1401 1201 1547 1235 Christus
1581 1201 1731 1235 dominus
1764 1207 1876 1236 noster

1137 1264 1201 1286 non
1229 1259 1351 1287 tantum
1378 1255 1612 1298 perfectissime
1630 1256 1786 1289 illibatam
1808 1267 1876 1289 ser-

1138 1309 1219 1341 varit
1244 1309 1429 1352 puritatem,
1457 1310 1512 1342 sed
1540 1310 1583 1342 ita
1608 1310 1640 1342 in
1666 1310 1815 1342 omnibus
1840 1320 1875 1343 se

1137 1362 1243 1405 gessit,
1270 1369 1304 1394 ut
1329 1373 1434 1406 neque
1461 1363 1608 1397 inimicos
1633 1364 1722 1403 eius,
1748 1365 1804 1407 qui
1831 1368 1876 1398 tot

1137 1415 1183 1448 illi
1204 1416 1283 1448 salso
1301 1415 1478 1449 calumnias
1495 1417 1690 1460 imposuere,
1710 1417 1877 1451 minimam

1137 1469 1168 1502 in
1195 1481 1232 1503 eo
1258 1475 1365 1503 notam
1392 1472 1519 1514 legatur
1545 1472 1754 1515 exprobasse.
1776 1471 1877 1510 Quem

1138 1522 1317 1556 imitatione
1358 1525 1591 1568 prosequendo
1633 1525 1663 1557 in
1704 1525 1877 1559 seminario

1138 1583 1386 1617 commorantes,
1407 1578 1481 1610 dum
1500 1578 1682 1611 ministeria
1703 1589 1762 1611 sna
1787 1589 1878 1611 exer-

1138 1629 1258 1661 cebunt
1295 1630 1325 1662 in
1366 1630 1484 1673 quibus
1523 1631 1745 1673 proximorum
1781 1630 1877 1664 saluti

1140 1683 1328 1716 incumbere
1354 1684 1493 1724 debent,
1520 1684 1678 1728 quidquid
1704 1685 1877 1728 puritatem

1139 1737 1336 1770 obumluare
1362 1738 1471 1780 possit,
1498 1744 1645 1771 accurate
1676 1739 1786 1781 fugere
1812 1744 1879 1771 stu-

1140 1791 1282 1831 debunt;
1310 1797 1342 1824 et
1366 1791 1499 1834 insuper
1521 1793 1691 1825 mulierum
1714 1797 1880 1835 quantum-

1139 1845 1184 1877 vis
1211 1844 1424 1878 honestarum
1443 1845 1607 1878 consortia
1627 1845 1786 1887 vitabunt,
1807 1856 1881 1879 sen-

1140 1908 1192 1930 sus
1219 1903 1250 1931 et
1274 1897 1435 1941 potentias
1461 1898 1501 1931 ab
1528 1898 1715 1931 huiusmodi
1740 1898 1879 1932 obiectis

1141 1950 1234 1983 enixe
1260 1951 1483 1992 cohibebunt,
1521 1951 1622 1983 otium
1655 1951 1800 1984 totaliter
1831 1952 1879 1983 su-

1141 2004 1242 2047 giem,
1270 2004 1332 2037 cibi
1355 2009 1529 2048 potusque,
1554 2005 1691 2037 maxime
1709 2004 1785 2045 vini,
1805 2009 1882 2037 tem-

1140 2057 1321 2101 perantiam
1349 2057 1495 2100 perfecte
1520 2057 1722 2097 custodient,
1760 2067 1796 2090 ae
1827 2057 1882 2090 de-

1141 2111 1239 2154 nique
1265 2122 1281 2144 a
1307 2111 1443 2145 Domino
1481 2112 1657 2145 castitatem
1697 2111 1788 2145 enixe
1825 2111 1882 2144 de-

1142 2165 1374 2207 precalmntur.

1183 2229 1272 2252 xxm.
1300 2219 1402 2259 Iesus,
1428 2219 1533 2261 sactus
1554 2219 1697 2251 obediens
1716 2229 1815 2263 usque
1838 2219 1881 2252 acl

1141 2276 1272 2304 mortem
1289 2299 1299 2312 ,
1327 2276 1461 2305 mortem
1492 2277 1599 2305 aulem
1625 2271 1759 2313 Μυσίδ’,
1787 2272 1880 2306 huius

1141 2335 1275 2368 magnae
1309 2325 1434 2358 virtutis
1472 2325 1566 2358 nobis
1604 2325 1738 2369 reliquit
1773 2336 1882 2359 exem-

1141 2380 1252 2421 plum,
1280 2379 1364 2422 qnod
1395 2389 1508 2412 omnes
1546 2379 1595 2412 his
1632 2380 1662 2412 in
1698 2379 1880 2412 seminariis

1141 2432 1296 2474 degentes
1328 2432 1409 2464 adeo
1436 2432 1553 2465 imitari
1580 2433 1761 2473 curabunt,
1788 2437 1824 2466 ut
1848 2432 1882 2465 in

1141 2486 1314 2527 omnibus,
1343 2486 1547 2529 quantumvis
1573 2486 1805 2520 difficilioribus
1830 2496 1880 2520 re-

1939 1210 1969 1231 Do
1988 1215 2070 1231 morum

1885 1238 2008 1259 honestate.

1904 2225 1935 2247 De
1951 2224 2075 2246 obediontia

1177 2602 1186 2630 l
1209 2601 1333 2637 Philip,
1354 2607 1387 2637 ΙΙ,
1409 2601 1435 2629 7.
