2182 3137
191 171 240 196 An.
257 170 285 195 c.
309 169 376 195 1730
421 158 486 192 1692

203 861 243 884 Qui
258 861 299 881 sint
314 860 372 880 andi-

190 888 247 908 tores
261 888 373 908 admitten—

205 1102 298 1123 Persona
312 1102 373 1127 dcpuv

195 1129 276 1151 tanda.

191 1157 291 1181 strepitus
317 1160 372 1174 conv

191 1184 272 1208 ponat,
296 1187 321 1201 ac
348 1182 373 1200 ‹tt-

194 1211 373 1233 magistrisgiam-

193 1234 285 1255 maricae
309 1240 375 1260 inqui-

319 1134 359 1153 qua
363 1135 372 1147 1·

222 1646 299 1666 Cursus
314 1645 379 1665 studii

205 1672 354 1697 grammaticae
367 1687 372 1695 ,

198 1701 290 1725 quatuor
320 1704 380 1718 aunis

209 1725 352 1746 absolvendus
367 1740 372 1748 ,

196 1758 238 1778 quo
251 1751 382 1777 1115110111ἀο-

198 1779 249 1800 beat
259 1779 340 1799 01111110.

381 216 463 246 ribus
485 217 645 245 doceantur
655 226 667 252 ·„
683 215 733 254 qui
756 215 857 245 sedulo
880 215 1064 252 incumbant,
1088 224 1123 244 ne

381 265 448 305 quid
473 265 502 293 in
526 264 571 293 his
594 263 773 303 primoribus
795 264 962 293 litterarum
982 263 1125 292 exercita-

382 313 509 343 tionibus
531 317 558 342 et
582 313 719 342 teneriori
744 312 934 342 scientiarum
960 312 1121 351 tyrocinio,

380 362 457 401 quod
480 361 550 391 utile
580 361 682 397 suerit,
708 362 960 400 praetermittant3
985 365 1071 400 atque
1094 365 1125 390 ut

381 411 411 439 in
434 410 564 439 docendo
581 419 636 439 non
656 414 861 449 praeposterus
884 410 972 446 ordo,
996 410 1046 439 sed
1063 419 1126 439 cer-

382 463 409 488 ta
433 459 532 497 regula
550 458 735 494 adhibeatur,
760 468 859 488 norma
883 459 1050 487 scholarum
1074 458 1126 488 So-

382 508 497 537 cietatis
510 507 575 537 lesu
588 508 764 537 adamussim
782 508 921 537 servanda
940 507 1123 546 praefigitur.

423 556 558 594 Plerique
581 565 615 585 ex
639 556 719 585 hisce
742 556 882 585 felicioris
915 560 943 585 et
975 560 1126 594 praestan-

383 604 466 634 tioris
499 604 608 642 ingenii
641 605 759 641 linguae
795 604 882 633 etiam
920 613 1042 642 graecae
1079 613 1127 633 ru—

383 653 522 682 dimentis
555 653 747 691 imbuantur,
783 653 831 691 qui
866 653 972 683 ceteris
995 653 1124 682 eiusdem

382 702 483 731 classis
507 702 730 741 condiscipulis,
754 702 868 732 litteras
891 702 1045 731 dumtaxat
1062 702 1127 732 lati-

383 760 435 780 nas
468 751 693 788 excolentibus,
724 761 863 781 consessu
896 752 926 780 in
959 751 1126 781 academiae

382 799 582 829 functionibus
605 800 791 839 praecedant.

425 849 479 878 Eos
516 849 670 878 dumtaxat
702 849 852 878 auditores
882 849 997 878 admitti
1028 849 1125 885 liceat,

384 897 434 936 qui
459 897 563 936 primis
586 897 749 926 litterarum
773 897 945 933 clementis,
980 901 1059 926 recte
1086 898 1127 926 le-

384 946 470 982 gendi
493 946 605 975 scilicet
627 946 835 984 scribendique
858 946 967 984 regulis
984 946 1042 975 siut
1060 946 1127 975 edo-

386 994 436 1031 cti,
454 999 481 1023 et
498 994 677 1023 christianae
693 994 759 1023 fidei
776 995 951 1023 rudimentis
964 1004 1128 1031 congruen-

385 1047 428 1072 ter
453 1042 599 1071 instructi.

426 1090 617 1119 Desinitorum
641 1090 797 1120 concilium
823 1100 976 1129 personam
1000 1091 1127 1129 aliquam

386 1140 522 1170 idoneam
542 1139 707 1178 deputabit,
728 1140 811 1168 cuins
835 1149 940 1169 munus
963 1140 1000 1169 sit
1023 1149 1129 1178 pueros

385 1189 515 1218 nondum
538 1188 653 1217 scholas
676 1188 824 1226 ingressos
840 1197 927 1226 saepe
942 1188 1129 1218 investibulo

386 1238 491 1275 iurgiis
514 1241 732 1276 perstrepentes
755 1246 944 1275 componere,
963 1241 990 1266 et
1005 1237 1130 1275 diligen-

387 1286 446 1315 tins
469 1286 621 1324 inquirere
644 1295 680 1314 an
705 1285 837 1323 magistri
862 1286 1070 1323 grammatices
1093 1296 1129 1315 ex

388 1335 572 1374 praescripto
595 1334 761 1363 academiae
785 1334 919 1368 doceant,
944 1335 1070 1364 servatis
1092 1335 1130 1364 ri-

388 1388 416 1414 te
439 1389 602 1422 temporum
632 1383 812 1419 intervallis3
839 1383 975 1412 mulctam
999 1383 1129 1422 alioquin

389 1432 537 1469 subituri,
566 1436 597 1461 ut
619 1432 725 1470 reliqui
749 1432 914 1461 academiae
939 1432 1129 1470 professores.

388 1480 533 1519 Quidquid
557 1490 625 1509 vero
648 1481 774 1509 mulctae
802 1481 919 1509 nomine
943 1480 1042 1510 deberi
1065 1490 1133 1510 con-

389 1530 502 1567 tigerit,
522 1539 560 1559 ex
576 1529 644 1558 anni
662 1530 768 1558 salario
785 1530 961 1559 detrahatur
978 1530 1132 1559 Societatis

388 1578 453 1608 Iesu
474 1569 578 1608 rectori
596 1579 797 1618 persolvendo.

430 1628 527 1657 Primo
550 1636 626 1656 anno
649 1627 789 1665 magister
813 1627 962 1656 auditores
981 1637 1048 1657 suos
1067 1628 1131 1657 dili—

392 1681 493 1714 genter
515 1678 635 1706 edoceat
658 1686 695 1705 ex
717 1680 780 1705 arte
809 1676 981 1705 Nebrisensi
1004 1677 1133 1706 declina-

392 1725 505 1754 tionum
538 1724 837 1763 coniugationumque
871 1724 1004 1762 regulas,
1039 1725 1133 1764 iisque

392 1783 551 1811 congruam
568 1773 810 1802 exercitationem
828 1772 1005 1810 subiungat3
1029 1774 1136 1810 graeca

393 1832 461 1852 vero
484 1822 678 1861 grammatica
701 1821 880 1859 imbuendis,
910 1822 1024 1860 legendi
1047 1822 1136 1852 ratio-

393 1881 459 1901 nem
475 1871 659 1910 praescribat
682 1875 710 1900 et
730 1871 786 1900 vim
804 1871 1037 1909 divisionemque
1053 1880 1135 1908 grae-

394 1921 563 1950 canicarum
587 1920 765 1956 litterarum,
792 1929 860 1949 mox
876 1920 1068 1949 articulorum
1088 1921 1138 1950 de-

395 1970 592 2006 clinationes,
616 1974 644 1998 et
676 1970 828 2008 plerasque
861 1969 933 1998 alias
965 1970 1137 2008 praesertim

397 2018 544 2047 faciliores
578 2017 783 2055 demonstret,
808 2027 901 2056 usque
924 2018 959 2047 ad
982 2027 1031 2047 eas
1066 2028 1138 2058 quas

397 2066 496 2104 graeci
518 2070 682 2095 contractas
704 2066 862 2104 appellant.

439 2115 523 2144 Anno
545 2115 672 2144 secundo
696 2114 837 2144 crebriori
873 2115 1021 2153 praeludio
1054 2116 1139 2145 disci-

400 2164 494 2203 patos,
528 2164 559 2193 in
592 2173 622 2193 re
654 2163 817 2202 superioris
846 2164 914 2192 anui
938 2169 1081 2201 versatos,
1105 2164 1163 2193 ad·

398 2213 551 2242 nominum
588 2221 695 2250 genera
734 2212 946 2252 verborumque
981 2213 1140 2251 praeterita

399 2261 522 2290 solerter
543 2261 718 2290 addiscenda
743 2266 930 2299 promoveat,
965 2266 994 2290 et
1024 2262 1164 2300 regulas¹

400 2310 488 2348 ipsas,
513 2319 585 2348 quas
609 2310 779 2339 memoriter
801 2310 908 2339 callere
931 2309 1060 2346 debent,
1086 2311 1143 2340 sre-

401 2363 526 2396 queuter
548 2363 719 2388 construere
741 2357 851 2387 iubeat.
885 2358 1012 2388 Graecae
1045 2363 1141 2388 autem

402 2407 519 2444 linguae
552 2407 691 2437 studiosis
724 2407 934 2437 declinationes
965 2413 1141 2445 contractas,

403 2455 574 2485 heteroclita
588 2480 595 2493 ,
621 2456 792 2495 pronomina
807 2480 814 2493 ,
843 2460 872 2486 et
894 2456 1003 2495 primas
1025 2456 1145 2495 beryto-

403 2513 508 2533 norum
532 2504 687 2534 verborum
710 2505 932 2543 coniugationes
954 2515 1010 2544 qua
1033 2515 1085 2545 par
1107 2506 1144 2535 sit

405 2553 612 2592 perspicuitate
635 2553 807 2592 explicabit.

967 167 1146 190 BULLARtUM
1171 167 1325 191 ROMANUM

1207 215 1277 244 Tam
1300 215 1395 254 primo
1418 219 1515 244 autem
1539 223 1625 253 quam
1650 214 1741 243 altero
1757 222 1910 243 3111101113-

1167 263 1252 300 gistri
1275 263 1425 293 auditores
1447 272 1514 293 suos
1537 262 1706 291 utilioribus
1728 266 1786 291 tam
1802 261 1911 291 latinae

1168 321 1255 351 quam
1290 322 1414 350 graecae
1447 313 1565 350 linguae
1594 310 1833 341 exercitamentis
1855 310 1913 340 sre-

1168 365 1293 399 quenter
1316 365 1434 398 acuant,
1458 365 1486 390 et
1508 360 1665 398 diligenter
1688 360 1859 388 informent.

1208 409 1292 439 Anno
1306 410 1392 439 tertio
1407 410 1572 439 universam
1586 408 1791 438 Nebrisensem
1805 412 1909 444 artem,

1169 466 1244 496 quae
1269 458 1410 487 orationis
1427 462 1525 497 partes
1541 457 1740 496 amplectitur,
1757 457 1912 494 diligenter

1170 511 1343 545 praeceptor
1361 511 1563 545 persequatur,
1579 510 1666 544 atque
1683 506 1825 545 perficiat,
1843 515 1912 535 mox

1169 554 1302 584 'sorellae
1333 556 1477 594 syntaxim
1502 564 1714 592 aggressurus3
1744 554 1912 584 selectiores

1170 608 1266 634 autem
1290 604 1335 633 vel
1358 604 1447 633 Tullii
1473 604 1517 633 vel
1541 604 1570 633 S.
1589 604 1758 643 Hieronymi
1775 604 1913 642 epistolas

1170 653 1342 691 quotidiana
1366 653 1576 683 exercitatione
1590 653 1756 682 tractandas
1770 653 1914 692 interpre-

1171 701 1298 740 tabitur,
1323 702 1512 740 manebitque
1534 701 1693 731 identidem
1720 711 1775 740 qua
1799 702 1914 732 ratione

1170 761 1218 780 eas
1251 760 1323 790 quas
1355 751 1512 780 didicerint
1541 750 1674 787 regulas,
1704 755 1850 790 tamquam
1883 752 1914 782 in

1170 799 1350 838 archetypo,
1375 799 1511 838 discipuli
1534 799 1649 829 facilius
1681 799 1913 838 deprehendant.

1170 847 1312 878 Absolvat
1336 858 1453 886 quoque
1477 857 1529 886 pro
1551 847 1666 885 graecis
1693 848 1914 886 coniugationes

1170 897 1342 935 barb-iones.
1368 897 1490 936 Insuper
1512 897 1649 935 explanet
1676 896 1762 926 verba
1790 897 1916 927 circum-

1170 946 1243 974 flexa
1267 950 1294 974 et
1316 945 1480 975 desinentia
1504 945 1532 974 in
1553 945 1631 983 ue(t)
1648 946 1666 982 ¹,
1687 945 1785 975 addita
1799 956 1915 986 quoque

1171 995 1296 1023 alicuius
1310 994 1405 1032 graeci
1421 994 1574 1032 scriptoris
1590 994 1787 1032 praelectione
1803 999 1831 1023 et
1846 1004 1915 1024 con-

1172 1042 1349 1079 structione,
1374 1046 1405 1071 nt
1428 1042 1543 1071 facilius
1566 1046 1788 1080 praeceptorum
1816 1052 1914 1082 usum,

1173 1100 1246 1129 quac
1270 1089 1326 1119 sihi
1350 1090 1455 1118 tradita
1479 1094 1548 1119 sunt
1563 1114 1570 1126 ,
1594 1090 1729 1128 discipuli
1752 1090 1915 1121 addiscant.

1213 1139 1321 1174 Quarto
1344 1139 1471 1177 denique
1493 1148 1591 1176 anno,
1622 1139 1724 1168 maiori
1746 1139 1916 1170 auditorum

1173 1187 1296 1218 utilitati
1318 1192 1346 1217 et
1369 1187 1528 1226 profectui,
1552 1187 1689 1217 omnibus
1715 1188 1847 1218 numeris
1868 1198 1918 1219 ex-

1174 1237 1281 1276 pletam
1296 1236 1405 1265 latinae
1418 1240 1573 1274 syntaxeos
1588 1237 1693 1266 seriem
1709 1242 1852 1276 exponat:
1866 1239 1917 1277 qui

1174 1284 1287 1314 crebris
1311 1284 1485 1324 praeludant
1512 1285 1793 1315 declamationibus:
1823 1291 1918 1316 orato-

1174 1343 1221 1363 res
1244 1343 1360 1372 quoque
1382 1337 1410 1363 et
1433 1334 1590 1363 historicos
1610 1334 1748 1373 probatae
1764 1335 1918 1366 latinitatis

1176 1392 1244 1421 prae
1268 1383 1403 1412 manibus
1426 1382 1554 1412 habeant
1577 1383 1776 1413 continenter.
1803 1384 1919 1414 Extem-

1176 1432 1291 1471 porales
1324 1432 1411 1462 etiam
1446 1431 1666 1462 lucubrationes
1699 1438 1743 1462 ter
1764 1433 1867 1463 saltem
1888 1434 1919 1464 in

1176 1480 1390 1509 hebdomadam
1415 1481 1553 1519 magistro
1577 1481 1797 1520 praescribente
1822 1486 1921 1512 conte-

1176 1533 1260 1558 xant:
1285 1539 1359 1568 quae
1383 1529 1503 1568 pariter,
1521 1534 1552 1559 ut
1575 1530 1609 1559 ad
1632 1530 1860 1570 orthographiae
1875 1541 1922 1561 re-

1175 1578 1258 1615 gulas
1281 1583 1400 1607 exactae
1423 1578 1494 1615 sint,
1519 1578 1620 1608 sedulo
1642 1579 1829 1608 curandum2
1851 1580 1918 1610 erit.

1178 1626 1252 1656 Usus
1275 1631 1370 1655 autem
1395 1626 1486 1656 latino
1509 1636 1644 1657 sermone
1676 1628 1861 1667 colloquendi
1883 1629 1922 1658 sit

1176 1674 1256 1704 inter
1288 1675 1448 1714 discipulos
1476 1680 1505 1705 et
1541 1681 1748 1715 praeceptores
1784 1677 1814 1706 in
1848 1677 1921 1717 ipsis

1176 1725 1337 1763 gymnasiis
1356 1725 1502 1755 assiduus.
1516 1725 1577 1755 Non
1595 1726 1706 1764 dispari
1725 1726 1822 1756 studio
1839 1736 1923 1765 grae-

1178 1782 1228 1802 cae
1251 1773 1339 1802 etiam
1363 1774 1481 1811 linguae
1503 1774 1627 1804 studiosi
1650 1779 1783 1804 auctores
1808 1775 1922 1815 aliquos

1179 1827 1354 1861 percurrant
1377 1822 1560 1860 diligentiuS,
1584 1823 1612 1852 in
1636 1823 1744 1862 quibus
1756 1824 1922 1862 graecanici

1180 1871 1325 1901 sermonis
1347 1876 1525 1901 structuram
1549 1872 1801 1910 animadvertant3
1825 1877 1853 1903 et
1875 1883 1924 1903 va-

1180 1919 1264 1957 rias,
1288 1929 1361 1958 quas
1392 1920 1571 1958 insigniores
1603 1921 1776 1959 pracsertim
1805 1921 1924 1960 scriptis

1181 1968 1243 1997 suis
1265 1968 1405 1997 dialectos
1428 1968 1621 2007 inseruerint,
1645 1969 1775 1998 doricam
1799 1969 1923 2007 scilicet,

1182 2017 1318 2053 eolicam,
1332 2018 1458 2047 ionicam
1477 2023 1506 2048 et.
1521 2019 1652 2055 atticam,
1674 2019 1814 2056 magistro
1831 2020 1925 2049 facem

1184 2067 1381 2105 praeferente,
1401 2067 1634 2106 deprehendant.
1652 2068 1778 2097 Pensum
1794 2068 1924 2107 aliquod,

1184 2115 1274 2144 veluti
1298 2125 1422 2154 preceS,
1447 2125 1521 2155 quae
1544 2126 1600 2146 usu
1621 2120 1690 2146 sunt
1718 2117 1749 2146 111
1771 2117 1923 2156 Ecclesia,

1184 2164 1404 2193 exercitationis
1417 2164 1524 2202 gratia,
1538 2174 1642 2202 graeco
1653 2165 1763 2194 donent
1774 2165 1925 2204 idiomate,

1184 2217 1233 2242 aut
1246 2213 1363 2242 easdem
1380 2213 1600 2251 paraphrastice
1612 2213 1642 2243 in
1655 2213 1778 2243 latinum
1796 2218 1925 2252 vertant,

1185 2266 1212 2292 et
1234 2262 1354 2292 Luciani
1377 2261 1518 2299 dialogOS,
1542 2262 1588 2291 vel
1611 2266 1779 2292 sanctorum
1806 2263 1928 2303 Chryso-

1185 2311 1272 2340 stomi
1294 2315 1323 2340 et
1343 2310 1443 2340 Basilii
1468 2311 1630 2349 fragmenta
1654 2312 1798 2350 quaedam
1816 2312 1850 2342 ad
1864 2312 1928 2342 libi-

1187 2363 1248 2388 tum
1271 2359 1482 2398 praeceptoris

1226 2407 1306 2438 Libri
1339 2408 1428 2437 semel
1461 2408 1496 2437 ad
1528 2408 1688 2438 docendam
1722 2413 1780 2438 tam
1804 2408 1926 2439 latinam
1973 2426 2033 2447 Libri
2059 2426 2124 2449 „ml
2150 2403 2151 2406 ¹

1939 2453 2068 2483 praescripti
2081 2458 2126 2475 non

1939 2479 2072 2501 immutandi.

1187 2465 1274 2496 quam
1296 2466 1428 2495 graecam
1451 2457 1583 2495 linguam
1606 2457 1780 2497 praescripti
1800 2466 1859 2487 non
1874 2457 1929 2487 im-

1211 2515 1233 2543 ,1
1258 2513 1418 2548 Legendum
1438 2514 1469 2540 in
1489 2514 1532 2541 mi
1551 2522 1593 2548 gr.
1612 2525 1640 2546 μι
1658 2515 1699 2548 (R.
1714 2515 1764 2548 T.).

1222 2560 1238 2585 2
1259 2558 1330 2585 Edit.
1352 2558 1430 2585 Main-
1451 2558 1516 2594 legit
1535 2559 1698 2587 curandam
1719 2560 1756 2594 (n.
1773 2559 1822 2593 T.).

1913 165 1964 192 An.
1981 165 2011 191 C.
2035 164 2105 192 1⁷30
