2182 3137
66 234 117 259 An.
132 233 161 259 C.
185 232 252 259 1732

95 491 168 515 Quoad
190 491 251 516 spiri-

68 519 132 539 tualia
143 518 252 538 exercitia,

67 546 94 566 ad
104 544 178 564 eadem
195 546 251 563 tene-

68 575 131 592 antur
141 571 251 591 moniale<⁴

67 598 94 618 ad
110 603 164 623 quae
177 602 250 617 mona-

68 624 109 645 chi.

219 1495 223 1499 ¹
262 1500 452 1539 completorio
474 1499 508 1528 ad
529 1500 644 1528 tertiani
662 1498 760 1528 horam
778 1498 835 1527 diei
852 1498 1003 1536 sequentis
1023 1501 1024 1537 ξ

881 229 1023 252 CLEMENS

263 285 382 310 servent
396 304 403 318 ,
440 279 520 309 omni
555 279 626 309 vitio
664 277 850 317 proprietatis
887 276 1004 315 penitus

263 329 370 359 ablato.
388 329 476 359 Curet
491 327 614 367 proinde
637 326 796 363 abbatissa,
815 329 846 355 ut
869 324 1005 354 omnibus

263 379 297 408 de
320 377 487 408 necessario
510 377 600 413 victu,
624 375 748 413 vestitu,
772 374 936 413 ceterisque
958 383 1006 402 ae-

263 427 388 466 qualiter
404 430 432 456 et
448 426 510 455 sine
526 425 584 454 ulla
600 424 788 454 distinctione
805 422 1004 461 provideatur.

305 485 344 505 1x.
356 475 454 510 Quoad
466 473 627 504 orationem
646 473 773 502 vocalem
790 475 818 501 et
833 471 1002 508 mentalem,

262 527 291 553 et
313 526 496 552 sacramenta
520 521 713 551 consessionis
729 525 757 550 et
773 518 1002 554 communionis,

262 576 290 601 et
311 571 406 610 quoad
430 570 547 599 missam
571 569 758 606 audiendam,
778 568 924 598 rationem
940 567 1005 596 red-

262 619 374 649 dendae
406 619 604 649 conscientiae
619 643 626 656 ,
651 618 823 654 silentium,
847 616 1003 646 lectionem

263 669 296 698 ad
319 678 467 706 mensam,
491 673 518 697 et
540 672 652 697 ceteras
674 667 791 705 regulas
813 665 874 694 sive
897 665 1004 694 consti-

263 718 402 753 tutiones,
426 717 524 747 onmia
547 716 742 746 observentur
769 725 784 744 a
813 714 1002 751 monialibus,

262 776 335 806 quae
357 766 508 796 monachis
542 765 720 804 praescripta
755 768 845 793 sunt:
880 763 1004 792 debeant

261 815 339 845 enim
363 815 393 844 in
416 815 504 844 choro
527 813 708 853 temporibus
731 813 792 842 suis
808 813 894 842 horas
918 821 1005 841 cano-
1024 824 1026 838 r

262 864 342 894 nicas
362 869 491 901 cantare,
515 863 664 892 abbatissa
685 872 735 891 seu
761 862 870 891 vicaria
894 859 1005 900 praesi-

262 913 370 948 dente;
405 912 530 942 orationi
554 912 675 941 mentali
698 920 749 950 per
772 910 948 940 semihoram
973 910 1003 939 in

261 961 307 991 die
332 971 432 991 vacare
447 972 454 997 ;
472 965 588 1000 peccata
612 970 662 989 sua
686 959 829 990 sacerdoti
852 959 1004 997 designato

262 1010 351 1040 semel
374 1011 477 1049 quavis
503 1009 688 1039 hebdomada
709 1009 865 1043 confiteri3
892 1008 1005 1037 Eucha-

262 1060 375 1089 ristiam
399 1059 501 1089 diebus
523 1059 679 1089 dominicis
695 1063 722 1088 et
739 1059 819 1088 sestis
835 1058 1001 1096 suscipere;

262 1109 378 1138 missam
415 1108 545 1148 quotidie
581 1108 682 1137 audire
703 1117 709 1143 ς
748 1107 823 1136 seria
858 1107 938 1136 sexta
976 1110 1004 1135 et

262 1159 366 1196 quarta
388 1162 451 1196 post
474 1156 672 1196 vespertinum
696 1157 823 1186 osticium
848 1155 876 1184 in
900 1155 1002 1184 cellam

262 1215 343 1235 suam
365 1206 545 1241 secedentes,
567 1205 702 1235 manibus
719 1206 747 1234 in
766 1205 862 1233 crucis
879 1204 1002 1241 figuram

261 1255 401 1292 extensis,
426 1255 571 1294 psalmum
597 1254 727 1283 illiserere
749 1252 906 1292 quinquies
928 1252 1003 1281 reci·
1023 1248 1025 1286 ζ

263 1309 347 1341 tare,
378 1314 433 1334 non
469 1309 566 1333 tamen
585 1303 761 1339 abbatissae,
786 1302 835 1331 sed
857 1302 1003 1331 sacerdoti
1023 1335 1025 1346 ,

261 1353 440 1383 confessario
464 1353 608 1382 rationem
626 1351 825 1381 conscientiae
847 1360 916 1380 suae
939 1350 1003 1379 red-
1023 1350 1024 1394 ζ

261 1403 340 1439 dere,
357 1402 444 1441 idque
460 1402 531 1430 satis
547 1401 602 1430 erit
618 1401 642 1430 si
658 1401 747 1430 semel
768 1401 795 1429 in
822 1400 1002 1429 liel)«l‹.=1uad;i
1023 1398 1024 1455 ¹

262 1451 330 1485 fiat,
356 1451 504 1480 silentium
528 1450 558 1479 in
581 1450 717 1487 ecclesi-21,
742 1450 769 1478 iu
795 1451 911 1485 mensa,
936 1453 964 1478 et
987 1460 1002 1479 a
1023 1470 1024 1499 t

1023 1582 1024 1597 l

261 1549 419 1587 diligenter
447 1548 626 1584 observare,
657 1547 685 1576 in
719 1548 867 1578 communi
902 1541 1024 1579 mensa}

261 1598 416 1627 lectionem
445 1596 513 1626 libri
544 1596 708 1635 spiritualis
732 1596 876 1631 recitare,
901 1605 1003 1625 omnes
1023 1602 1024 1630 1

260 1647 387 1685 denique
410 1646 525 1684 regulas
541 1649 569 1674 et
586 1645 810 1674 constitutiones
832 1645 1001 1681 observare,
1023 1636 1024 1674 ¹

260 1705 333 1734 quae
356 1704 456 1725 earum
480 1694 562 1724 sexui
586 1699 613 1723 et
635 1695 721 1723 statui
747 1705 802 1723 non
827 1700 1002 1733 repugnant.
1023 1682 1024 1698 ¹

301 1754 326 1773 x.
355 1743 440 1783 Operi
477 1752 595 1782 quoque
632 1752 769 1772 manuum
810 1748 1024 1788 assuescant„

1049 229 1095 252 XII
1120 231 1168 252 PP.

1048 276 1114 306 deat
1126 277 1239 316 ingredi
1252 287 1353 308 earum
1366 278 1589 314 monasterium,
1600 278 1655 308 nisi
1669 281 1789 315 urgente

1048 326 1239 364 necessitate,
1264 331 1291 356 et
1313 327 1349 356 ob
1372 337 1488 365 gravem
1512 327 1637 357 alicuius
1667 327 1790 357 infirmi-¹

1048 378 1148 411 tatem,
1179 380 1207 405 et
1230 384 1381 415 nunquam
1403 377 1501 414 solus,
1525 376 1575 406 sed
1598 385 1663 406 cum
1685 376 1765 406 'socio
1779 399 1786 413 ‚

1048 423 1110 452 viro
1133 415 1222 462 probo
1244 428 1273 454 et
1295 430 1428 454 maturae
1457 426 1570 460 aetatis
1595 425 1703 464 qui'ab
1725 425 1790 455 eius

1047 471 1138 501 latere
1162 481 1220 501 non
1242 473 1362 502 recedat
1377 497 1384 509 ,
1407 474 1480 502 itaut
1514 483 1628 512 semper
1657 474 1730 503 alter
1751 473 1787 503 ab

1047 519 1137 549 altero
1160 520 1315 557 videatur,
1339 530 1394 550 nec
1416 522 1617 559 ingrediatur,
1642 522 1697 551 nisi
1721 532 1787 551 cum

1047 568 1118 598 stola
1149 578 1237 606 super
1269 568 1398 598 habitum
1429 571 1634 607 monasticum,
1659 580 1712 600 nec
1734 571 1787 600 ali-

1047 627 1133 656 quam
1158 617 1315 646 monialem
1338 618 1434 647 visitet
1457 624 1506 649 aut
1528 619 1691 658 alloquatur
1707 644 1714 657 ,
1738 620 1787 649 sed

1047 665 1082 694 ah
1105 665 1256 695 abbatissa,
1278 666 1320 695 vel
1341 666 1403 695 eius
1427 667 1547 705 vicaria⁷
1565 678 1620 697 una
1638 678 1703 697 cum
1720 669 1788 697 dua-

1047 713 1102 743 bus
1124 714 1189 743 aliis
1213 713 1402 752 monialibus,
1420 715 1545 745 ducatur
1568 726 1632 745 cum
1653 717 1731 746 socio
1753 717 1787 745 ad

1047 764 1150 793 cellam
1173 764 1246 799 eius,
1271 773 1345 802 quae
1368 769 1485 802 peccata
1511 774 1561 793 sua
1585 765 1716 794 confiteri
1741 766 1787 794 vel

1047 817 1230 842 sacramenta
1254 813 1446 842 eucharistiae
1463 817 1491 842 et
1506 817 1653 843 extremae
1676 814 1789 843 unctio-

1046 863 1092 891 nis
1121 862 1252 901 recipere
1286 861 1380 891 debet.
1414 862 1537 901 [leliqua
1567 867 1748 892 sacramenta
1773 872 1787 892 a

1047 912 1166 951 proprio
1203 911 1380 941 confessario
1419 911 1564 950 recipiant
1601 911 1629 940 iu
1663 912 1788 940 ecclesia

1047 960 1240 997 monasterii3
1264 960 1496 998 curandumque,
1514 964 1546 989 ut
1567 960 1723 989 inducatur
1744 969 1790 989 re-

1047 1015 1151 1049 ceptus
1184 1018 1262 1045 mos,
1286 1008 1336 1038 uhi
1368 1010 1492 1038 necdum
1517 1009 1652 1038 inductus
1675 1014 1733 1046 est,
1758 1014 1787 1038 ut

1047 1059 1185 1088 nimirum
1204 1058 1346 1088 moniales
1362 1068 1397 1087 ex
1413 1062 1530 1097 patente
1553 1059 1588 1087 ad
1606 1058 1683 1087 hunc
1706 1059 1790 1087 duin-

1048 1112 1127 1137 taxat
1151 1108 1237 1136 finem
1260 1107 1428 1136 fenestrella
1451 1107 1681 1143 communicent,
1698 1116 1785 1145 quae,

1047 1158 1167 1195 peracta
1186 1156 1406 1191 communione,
1423 1156 1582 1185 claudenda
1601 1156 1666 1192 erit,
1685 1156 1789 1184 clavis-

1023 1218 1025 1247 j
1046 1216 1101 1245 que
1125 1205 1159 1235 ab
1183 1205 1331 1235 abbatissa
1354 1206 1555 1235 custodienda.
1590 1205 1789 1235 Confiteantur

1045 1260 1143 1284 autem
1167 1264 1217 1294 per
1239 1254 1427 1293 interpositas
1457 1259 1573 1289 crates3
1608 1254 1695 1283 horas
1719 1263 1787 1283 vero

1045 1305 1202 1333 canonicas
1225 1313 1258 1333 ex
1281 1304 1370 1333 choro
1392 1304 1547 1333 decantent
1571 1303 1702 1333 cratibus
1725 1313 1788 1333 mu-

1045 1354 1118 1382 nito.

1085 1402 1283 1432 x11.‹‘:urahit
1315 1401 1404 1431 abbas
1438 1402 1595 1439 generalis,
1620 1407 1651 1431 ut
1684 1401 1787 1440 quovis

1046 1452 1173 1482 triennio
1197 1452 1392 1481 confessarius
1418 1451 1584 1480 ordinarius
1600 1455 1739 1486 mutetur,
1759 1455 1787 1480 et

1045 1501 1118 1530 alter
1140 1501 1169 1530 in
1193 1501 1255 1529 eius
1277 1500 1372 1529 locum
1396 1500 1541 1529 succedat.
1574 1499 1709 1534 Quolibet
1737 1508 1789 1527 au-

1045 1554 1102 1579 tem
1126 1559 1202 1578 anuo
1225 1549 1297 1588 ipsis
1325 1548 1504 1578 monialibus
1537 1548 1788 1577 extraordinarius

1045 1599 1241 1629 confessarius
1258 1602 1360 1637 quater
1376 1598 1560 1634 exhibeatur,
1584 1598 1634 1637 qui
1657 1597 1787 1626 omnium
1814 1614 1817 1619 ·

1045 1648 1245 1683 confessiones
1268 1647 1369 1677 audire
1393 1647 1494 1686 possit.

1086 1706 1146 1726 x111.
1170 1696 1232 1726 Nisi
1255 1696 1284 1725 in
1307 1696 1485 1725 monasterio
1510 1695 1585 1731 sint,
1609 1704 1684 1735 quae
1717 1694 1789 1724 alias

1046 1745 1188 1775 moniales
1211 1746 1326 1783 legere,
1351 1745 1481 1774 scribere
1504 1750 1532 1774 et
1554 1745 1641 1774 horas
1671 1743 1789 1773 canoni-

1693 218 1756 252 347
1803 230 1851 253 An.
1869 227 1897 254 c.
1920 227 1990 254 1732

261 1794 336 1834 quod
354 1794 491 1823 nimirum
509 1793 686 1822 monasterio
709 1798 737 1822 et
759 1792 909 1822 sororibus
932 1793 1003 1823 utile
1023 1789 1024 1835 ζ
1045 1805 1093 1824 cas
1116 1799 1244 1830 cantare,
1269 1794 1372 1823 docere
1403 1794 1535 1833 possint,
1560 1794 1622 1833 ipse
1645 1794 1789 1823 confessa-

259 1844 319 1880 sit',
349 1843 444 1873 officia
476 1848 574 1872 autem
610 1852 661 1881 pro
696 1842 866 1872 monialium
890 1842 1003 1872 viribus
1023 1838 1024 1871 ἶ
1046 1843 1128 1881 rius,
1153 1847 1233 1872 extra
1266 1843 1373 1872 ostium
1409 1843 1580 1871 monasterii
1603 1842 1728 1878 sedens,
1759 1841 1788 1870 id

261 1892 405 1921 abbatissa
430 1896 457 1921 et
480 1901 596 1921 sorores
619 1891 647 1920 in
671 1892 813 1921 electione
832 1892 1001 1921 officialium
1023 1891 1024 1908 ¹
1046 1896 1195 1930 praestare
1214 1891 1331 1930 poterit,
1349 1896 1474 1930 quatuor
1492 1891 1594 1920 saltem
1613 1889 1789 1919 monialibus

263 1941 310 1979 sic,
333 1940 524 1976 distribuant,
549 1945 580 1970 ut
602 1950 677 1979 quac
699 1941 824 1970 nimium
858 1941 1002 1970 laboriosa
1046 1940 1259 1980 praesentibus.

260 1994 339 2026 sunt,
364 1994 406 2019 ter
429 1990 474 2019 vel
497 1994 598 2028 quater
631 1989 659 2019 in
694 1999 769 2019 anuo
803 1994 915 2019 mutare
939 1980 1024 2028 pos-⁴1
1088 1999 1146 2018 xiv.
1171 1989 1234 2018 Etsi
1257 1988 1419 2018 curandum
1449 1988 1486 2017 sit
1513 1991 1544 2016 ut
1574 1987 1714 2016 moniales
1741 1996 1791 2016 ex-
1827 2001 1908 2024 Quibus
1932 2001 1986 2022 mi.

261 2039 318 2069 sint
340 2044 368 2068 et
389 2038 535 2075 debeant,
559 2038 687 2077 alioquin
720 2038 809 2068 abbas
842 2039 1000 2076 generalis,
1023 2027 1024 2049 ¹
1046 2043 1088 2067 tra
1113 2042 1191 2077 septa
1217 2037 1386 2067 monasterii
1411 2046 1562 2076 nunquam
1586 2037 1787 2075 egrediantur,
1800 2027 1986 2080 ,[ζξξιρξξοῆῦρζῌξζ

260 2090 282 2117 si
307 2098 381 2127 quae
404 2088 537 2118 oriantur
553 2088 754 2117 contentiones
777 2088 820 2117 vel
838 2098 1003 2117 murmura·
1045 2088 1112 2126 quia
1147 2092 1242 2116 tamen
1273 2086 1301 2116 id
1335 2086 1444 2125 ubique
1478 2086 1629 2115 conmiode
1662 2085 1788 2115 obtineri
1799 2081 1983 2130 ffiffifflhpsssfflst·

66 2543 97 2564 De
112 2545 247 2566 confessario.

261 2137 354 2166 tiones
387 2137 464 2165 inter
495 2145 610 2165 sorores
632 2136 667 2165 de
689 2136 907 2174 gravaminilms
940 2134 1023 2166 osti-¹

260 2185 392 2221 ciorum,
417 2185 591 2215 auctoritate
613 2186 667 2213 sua¹
690 2185 843 2223 providere
873 2185 1000 2224 poterit,

260 2235 417 2274 omniaque
449 2234 543 2264 officia
579 2238 695 2273 praeter
722 2233 889 2263 abbatissae
911 2234 1023 2264 solius}

259 2284 429 2323 dignitatem
452 2290 588 2320 mutare;
622 2283 799 2313 abbatissam
831 2288 928 2314 autem
951 2294 1001 2314 ne—
1021 2314 1022 2318 ,

259 2342 316 2372 que
338 2342 456 2363 sorores
478 2342 578 2363 omnes
593 2357 600 2371 ,
624 2342 719 2372 neque
741 2332 831 2362 abbas
855 2334 1001 2371 generalis
1021 2324 1022 2360 ἶ

259 2385 326 2411 ante
348 2382 495 2421 expletum
518 2381 679 2411 triennium
712 2381 858 2420 deponere
894 2383 1000 2421 poterit

259 2430 368 2470 absque
397 2431 526 2470 episcopi
548 2434 598 2461 aut
620 2431 860 2461 reverendissimi
889 2431 999 2461 domini
1020 2426 1021 2449 ¹

261 2480 444 2519 patriarchae
467 2480 598 2510 licentia.
888 2503 890 2505 >

300 2538 337 2558 xi.
369 2528 570 2559 Confessarius
603 2529 776 2558 monialium
808 2529 932 2567 eligatur
964 2529 999 2559 ab

258 2577 360 2608 abbate
396 2578 547 2616 generali,
571 2577 620 2616 qui
653 2578 691 2608 sit
723 2578 858 2608 sacerdos
880 2578 998 2616 gravis,

258 2627 350 2657 bonae
382 2628 475 2657 famae
499 2631 526 2657 et
549 2631 702 2666 provectae
725 2627 839 2664 aetatiS,
865 2636 917 2657 nec
950 2636 1000 2656 au-

1045 2146 1102 2165 non
1127 2140 1242 2175 potest,
1266 2140 1371 2164 curent
1395 2135 1496 2164 saltem
1521 2139 1551 2164 ut
1574 2135 1608 2163 ad
1633 2135 1788 2173 possessio-

1044 2194 1096 2214 nes
1119 2185 1298 2214 monasterio
1323 2184 1488 2222 contiguas,
1509 2184 1543 2213 ad
1567 2194 1639 2222 quas
1663 2194 1713 2223 pro
1736 2193 1786 2213 ne-

1045 2233 1231 2264 cessitatibus
1255 2233 1425 2262 monasterii
1448 2233 1528 2262 exire
1551 2236 1705 2270 coguntur,
1729 2232 1786 2265 nisi

1044 2283 1141 2321 binae,
1166 2288 1267 2313 ternae
1284 2287 1333 2312 aut
1349 2286 1509 2321 quaternae
1532 2291 1589 2311 non
1614 2282 1784 2320 procedant,

1043 2343 1097 2363 nec
1120 2333 1213 2362 ullum
1236 2332 1331 2361 virum
1355 2331 1459 2371 quovis
1483 2335 1633 2369 praetextu
1658 2330 1698 2360 ibi
1723 2340 1785 2360 ver-

1042 2381 1113 2420 sari,
1139 2381 1249 2419 vagari,
1269 2385 1318 2410 aut
1341 2380 1422 2409 illinc
1444 2379 1570 2409 transire
1595 2379 1784 2418 perinittant3

1042 2431 1130 2470 idque
1163 2429 1253 2459 abbas
1285 2429 1430 2467 generalis
1462 2432 1490 2458 et
1519 2427 1718 2457 confessarius
1749 2427 1785 2458 ab

1042 2480 1106 2519 ipso
1129 2480 1307 2518 deputatus,
1332 2478 1381 2517 qui
1411 2478 1439 2507 in
1464 2477 1526 2507 loco
1560 2487 1574 2506 a
1607 2477 1785 2508 monialibus

1043 2538 1163 2568 prorsus
1195 2531 1330 2567 separato
1362 2531 1390 2556 et
1420 2526 1634 2566 aliquantulum
1672 2531 1784 2556 remoto

1043 2577 1224 2608 domicilium
1258 2586 1324 2606 cum
1357 2576 1435 2606 socio
1469 2575 1599 2613 habebit,
1623 2576 1699 2615 apud
1722 2576 1784 2616 epi-

1043 2635 1162 2667 scopum
1186 2630 1213 2656 et
1240 2624 1518 2655 reverendissimum
1551 2625 1701 2655 dominum
1735 2634 1785 2664 pa-
