2182 3137
205 289 388 316 An.C.173t
436 281 498 314 588

399 338 553 381 fulgenti,
576 349 630 371 seu
657 338 744 372 illius
770 339 1046 381 consanguineis.
1073 340 1135 371 atli-

398 393 504 431 11111115,
521 392 732 425 familiaribus
750 399 805 424 aut
822 392 977 424 ministris
997 392 1134 431 niittere,

401 446 524 477 tradere
543 451 598 478 aut
615 445 739 487 largiri,
761 445 860 478 autin
880 445 1015 477 alicuius
1041 445 1136 477 etiam

399 498 507 540 legati,
525 497 700 540 rie-elegati,
716 498 952 539 gubernatoris,
968 497 1136 540 praesidis,

399 550 616 582 benefactoris
648 556 701 582 aut
737 551 929 594 protectoris
956 551 1134 589 honorem,

400 603 496 635 etiam
534 603 704 635 occasione
743 603 873 646 hospitii
900 609 953 635 aut
986 604 1137 636 transitus

401 656 447 688 vel
468 656 562 699 primi
581 657 758 699 ingressus,
776 664 831 689 aut
848 657 885 689 ad
905 656 1135 689 beneficiorum

399 714 604 752 acceptorum
631 710 821 742 memoriam
854 710 1001 754 gratique
1038 710 1136 743 animi

401 762 671 800 testificationem,
685 773 744 805 pro
763 763 1003 802 construendis,
1020 773 1138 795 ornan-

401 815 448 846 dis
471 820 525 846 aut
548 815 710 857 erigendis
735 821 895 858 perpetuo
920 817 969 848 vel
995 816 1033 847 ad
1060 821 1136 847 tem-

400 878 460 910 pus
487 867 600 910 portis,
627 868 777 907 arcubus,
803 868 981 910 trophaeis,
1007 867 1138 910 portici-

399 920 478 960 bus,
504 921 700 959 moenibus,
726 926 779 953 aut
804 921 874 953 aliis
904 920 1136 959 monumentis,

401 984 458 1005 seu
485 984 543 1016 pro
569 974 743 1016 praedictis
769 974 936 1016 personis,
965 973 1074 1016 quavis
1096 973 1138 1005 di-

401 1026 522 1068 gnitate
548 1027 596 1058 vel
622 1027 808 1059 auctoritate
835 1027 1051 1070 fungentibus,
1080 1026 1138 1058 ho-

401 1078 533 1110 norifice
571 1079 657 1111 laute
695 1084 725 1110 et
754 1079 890 1122 opipare
916 1078 1137 1121 excipiendis,

400 1142 454 1164 seu
474 1142 531 1174 pro
550 1132 716 1174 quibusvis
742 1131 897 1164 conviviis
915 1137 967 1164 aut
987 1130 1137 1174 hospitiis

401 1185 495 1217 etiam
524 1184 718 1224 modeiatiS,
745 1185 864 1217 eisdem
890 1190 943 1217 aut
974 1184 1071 1216 cuivis
1096 1185 1140 1217 al-

401 1237 459 1269 teri
499 1248 699 1281 quacumque
743 1239 912 1271 occasione
955 1239 1004 1270 vel
1045 1239 1139 1270 causa

401 1290 613 1331 exhibendis,
633 1296 686 1323 aut
711 1301 769 1334 pro
795 1291 945 1334 personis
965 1301 1047 1334 quae
1067 1291 1139 1323 illos

401 1343 604 1382 comitentur,
630 1348 684 1375 aut
710 1344 773 1376 illis
800 1344 984 1376 ministrent
1010 1345 1058 1376 vel
1083 1344 1140 1376 ob-

400 1396 481 1428 viam
513 1397 709 1439 procedant,
736 1397 889 1439 preti0sis
926 1397 1067 1430 vestibus
1094 1397 1140 1429 in-

401 1449 561 1489 duendis,
593 1450 674 1481 ullas
712 1450 866 1492 pecunias
900 1460 1062 1492 erogare;
1088 1451 1138 1482 vel

400 1512 459 1545 pro
496 1501 693 1544 congiariis,
724 1502 903 1535 missilibus
940 1508 992 1535 aut
1027 1513 1140 1535 mune-

400 1555 488 1588 ribus
522 1555 684 1598 publieiS,
712 1565 768 1587 seu
805 1556 899 1588 etiam
937 1556 1084 1595 cibariis,
1112 1566 1140 1588 e-

401 1608 555 1641 sculentis
581 1614 612 1641 et
637 1609 840 1651 poculentis,
867 1609 991 1652 epulis,
1016 1620 1140 1642 comes-

402 1661 580 1694 sationibus
605 1666 658 1693 aut
687 1662 991 1704 compotationibus,
1019 1664 1140 1705 populo

402 1721 456 1748 aut
481 1715 721 1758 magistratibus
746 1716 795 1748 vel
822 1716 1029 1756 officialibus,
1056 1717 1141 1749 ultra

403 1778 516 1801 eorum
543 1768 660 1801 salaria
686 1774 717 1801 et
741 1770 962 1802 emolumenta
996 1769 1035 1801 de
1073 1769 1140 1802 iure

402 1823 451 1854 vcl
489 1832 526 1855 ex
562 1822 718 1855 laudabili
756 1824 994 1856 consuetudine
1031 1824 1141 1856 debita

402 1876 580 1918 largiendis
597 1903 604 1916 ,
642 1887 696 1909 seu
718 1887 776 1919 pro
798 1877 1004 1919 praestandis
1030 1878 1139 1920 pueris

402 1930 450 1961 vel
477 1929 740 1961 adolescentibus
767 1930 946 1962 studiorum
971 1933 1065 1962 causa
1089 1931 1142 1963 ali-

403 1982 542 2022 mcntiS,
576 1983 623 2014 vel
651 1982 782 2015 dotibus
808 1983 992 2025 puellarum
1019 1993 1085 2016 non
1111 1994 1143 2016 e—

404 2034 547 2077 gentium
573 2035 730 2077 augendis
750 2062 757 2075 ‚
785 2040 838 2067 aut
861 2046 921 2079 pro
948 2035 1141 2069 exhibendis

404 2088 611 2131 spectaculis,
628 2087 724 2121 etiam
743 2088 814 2131 piis,
835 2094 866 2121 et
884 2088 969 2122 intra
987 2090 1142 2123 ecelesias

405 2141 455 2173 vel
481 2146 569 2173 extra
595 2151 657 2180 caS,
679 2141 710 2173 in
738 2141 901 2184 quibusvis
927 2141 1065 2185 publicis
1091 2148 1144 2175 aut

404 2193 548 2236 privatis,
566 2194 664 2226 sacris
690 2199 744 2226 11111
770 2194 912 2237 profanis
939 2195 1027 2235 locis,
1047 2196 1142 2228 etiam

405 2246 459 2278 ubi
483 2252 665 2279 sanctorum
693 2252 917 2280 sanctarumve
943 2249 1005 2280 vita
1023 2253 1144 2281 autres

405 2299 457 2341 pie
483 2304 592 2341 gestae
627 2299 755 2342 populis
793 2301 988 2343 spectandae
1024 2312 1146 2344 propo-

405 2358 547 2391 nuntur3
582 2354 646 2385 sive
678 2352 772 2384 etiam
798 2352 926 2396 piorum
952 2364 1086 2396 operum
1113 2360 1145 2386 et

406 2405 571 2437 charitatis
588 2415 644 2437 seu
662 2406 883 2449 eleemosynae
898 2412 1078 2449 praetextu,
1093 2413 1146 2440 aut

407 2457 484 2490 alias
510 2458 543 2490 in
567 2458 742 2501 praedictis
779 2469 833 2491 seu
871 2459 941 2491 aliis
974 2460 1072 2492 rebus
1096 2471 1146 2492 su-

406 2511 625 2553 pervacaneis,
645 2511 675 2543 in
702 2511 788 2544 dicto
806 2512 919 2544 libello
947 2523 1002 2545 seu
1029 2512 1145 2545 tabella

407 2572 472 2595 non
510 2564 688 2605 contentis,
716 2565 773 2597 sed
799 2565 837 2597 ad
863 2575 1014 2608 pompam
1040 2571 1072 2598 et
1096 2576 1146 2599 os·

982 290 1083 314 BULLA
1090 289 1171 314 mum
1195 289 1354 314 ROMANUM

1180 339 1429 382 quomodolibet
1444 338 1692 382 pertinentibus,
1706 341 1850 382 sumptus
1863 341 1920 371 aut

1180 391 1339 434 impensas
1377 391 1501 434 aliquas
1540 392 1663 432 facere,
1693 391 1756 424 nisi
1793 401 1828 424 re
1850 390 1920 434 ipsa

1179 455 1238 487 pro
1265 445 1371 477 divino
1393 445 1479 477 cultu
1502 450 1534 478 01
1558 445 1642 478 veris
1659 444 1779 478 Christi
1798 454 1921 487 paupe-

1181 508 1249 530 rum
1278 498 1468 540 indigentiis
1495 499 1534 531 de
1556 498 1691 532 consitio
1711 503 1742 531 et
1758 507 1920 531 consensu

1180 551 1240 583 loci
1273 551 1431 583 Ordiuarii
1458 551 1688 591 sublevandis;
1716 556 1770 583 aut
1794 560 1854 594 pro
1880 550 1920 583 iis

1183 610 1305 636 tantum
1332 604 1392 647 piis
1409 605 1494 636 ludis
1521 604 1669 647 publicis,
1691 604 1745 648 qui
1772 614 1807 636 ex
1833 604 1922 636 inve-

1182 662 1282 688 terato
1301 667 1360 689 usu
1383 657 1628 699 permittuntur,
1647 662 1677 689 et
1697 656 1728 689 in
1754 656 1922 699 praedicta

1183 711 1299 742 tabella
1325 720 1380 742 5011
1407 709 1518 743 libello
1543 709 1789 753 exprimentur,
1817 714 1922 742 taxam

1181 773 1197 794 a
1215 762 1432 804 gubernatore
1451 773 1506 795 seu
1526 762 1674 805 praeside
1692 768 1746 794 aut
1763 765 1921 805 potestate

1181 815 1280 857 ipsius
1306 815 1510 858 provinciae,
1535 815 1671 848 civitatis
1696 821 1750 848 aut
1783 814 1846 848 loci
1871 815 1921 848 cui

1182 868 1328 907 subsunt,
1355 867 1614 911 praefigendam,
1641 878 1724 911 quae
1749 867 1782 900 in
1808 878 1923 911 supra-

1182 920 1266 953 dicto
1293 921 1406 954 libello
1442 932 1499 954 seu
1536 921 1653 954 tabella
1683 921 1923 965 comprehensa

1182 974 1251 1013 erit,
1277 983 1342 1005 non
1370 974 1612 1014 excedentibus,
1639 979 1786 1018 sumptus
1812 973 1924 1006 huius·

1183 1027 1269 1059 modi
1296 1025 1385 1059 fiant.

1226 1078 1443 1112 Prohibemus
1468 1080 1611 1123 insuper,
1646 1090 1687 1113 ne
1725 1080 1922 1124 quicumque

1182 1131 1290 1171 cives,
1315 1132 1471 1175 oppidani
1508 1138 1561 1165 11111
1597 1132 1740 1174 111001110,
1766 1133 1820 1177 qui
1846 1143 1922 1166 suae

1182 1185 1419 1218 communitatis
1445 1191 1500 1218 11111
1524 1185 1744 1219 universitatis
1761 1187 1923 1220 honorum

1183 1238 1375 1271 detentores
1392 1265 1399 1277 ,
1439 1245 1670 1282 usurpatores,
1710 1246 1924 1284 occupatores

1184 1292 1313 1331 fuerint,
1340 1292 1432 1335 quive
1459 1298 1571 1325 eontra
1595 1293 1682 1336 ipsas
1712 1294 1925 1327 communita-

1184 1350 1229 1377 tes
1264 1345 1355 1378 litem
1396 1345 1535 1388 aliquam
1574 1356 1630 1379 seu
1667 1347 1924 1380 controversiam

1184 1398 1379 1438 habuerint,
1405 1409 1486 1442 quae
1513 1399 1550 1431 ad
1578 1399 1666 1432 hunc
1695 1399 1845 1432 effectum
1865 1411 1924 1443 per

1184 1452 1284 1483 solam
1309 1451 1438 1483 unicam
1464 1451 1648 1485 citationem
1676 1458 1791 1496 coepta
1817 1458 1849 1486 et
1873 1453 1924 1486 in-

1184 1504 1302 1536 choata
1328 1510 1503 1544 censeatur,
1531 1505 1644 1538 eadem
1676 1505 1732 1539 lite
1766 1516 1821 1539 seu
1847 1516 1925 1539 con-

1185 1557 1339 1589 troversia
1365 1557 1517 1597 durante,
1544 1568 1671 1591 necnon
1697 1559 1751 1602 qui
1779 1558 1924 1592 eiusdem

1184 1621 1259 1643 suae
1285 1611 1527 1643 communitatis
1544 1611 1608 1644 sive
1624 1611 1845 1645 universitatis
1871 1612 1925 1645 de-

1184 1663 1306 1696 bitores
1333 1675 1369 1696 ex
1396 1675 1601 1707 quacumque
1627 1667 1723 1698 causa
1745 1665 1923 1705 extiterint,

1184 1727 1334 1749 earumve
1351 1717 1437 1749 bona
1461 1722 1514 1749 aut
1538 1718 1693 1760 pecunias
1718 1718 1926 1751 administra-

1184 1770 1297 1809 verint,
1325 1776 1507 1813 antequam,
1530 1771 1618 1814 quod
1645 1771 1777 1812 debent,
1796 1772 1924 1814 integre

1184 1823 1409 1865 persolverint,
1435 1834 1490 1856 seu
1516 1823 1657 1857 rationes
1674 1824 1926 1858 administratio-

1185 1875 1233 1908 nis
1252 1875 1465 1915 reddiderint,
1485 1886 1555 1908 eum
1576 1876 1643 1908 eius
1661 1876 1792 1917 residui,
1810 1877 1842 1909 in
1861 1887 1926 1920 quo

1185 1929 1350 1962 debitores
1369 1929 1597 1969 remanserint,
1612 1929 1691 1963 reali
1709 1930 1927 1971 restitutione,

1186 1982 1225 2016 ad
1252 1982 1457 2023 obtinendos,
1474 1983 1636 2025 gerendos
1654 1988 1708 2015 aut
1724 1983 1926 2016 exercendos

1186 2035 1311 2079 aliquos
1329 2036 1362 2068 in
1381 2038 1418 2069 ea
1435 2035 1572 2075 civitate,
1591 2036 1767 2079 provincia,
1793 2036 1925 2079 oppido,

1188 2091 1283 2130 terra,
1308 2095 1414 2122 castro
1440 2095 1495 2122 aut
1518 2091 1601 2131 loco,
1627 2090 1845 2132 magistratus,
1873 2095 1928 2123 11111

1187 2152 1321 2175 munera
1346 2152 1582 2185 quaecumque,
1602 2143 1649 2175 vel
1669 2142 1772 2175 officia
1788 2142 1926 2186 publica,

1187 2195 1254 2227 ullo
1290 2195 1387 2228 modo
1424 2195 1587 2237 eligantur
1619 2196 1668 2228 vel
1694 2195 1925 2236 admittantur·‚

1187 2253 1237 2288 et,
1264 2248 1288 2281 si
1311 2248 1350 2281 de
1374 2248 1457 2280 sacto
1483 2248 1576 2281 electi
1602 2247 1771 2281 admissive
1795 2248 1926 2289 suerint,

1188 2301 1302 2334 electio
1329 2306 1361 2334 et
1385 2301 1538 2334 admissio
1571 2301 1663 2334 irrita
1694 2301 1736 2334 sit
1761 2306 1792 2335 et
1816 2302 1925 2343 nulla;

1188 2359 1219 2387 et
1244 2359 1307 2386 tam
1333 2353 1394 2397 ipsi
1422 2364 1516 2397 quam
1536 2354 1708 2396 eligentes,
1728 2355 1795 2387 sive
1816 2355 1928 2388 admit-

1189 2413 1302 2447 tentes,
1327 2417 1454 2440 necnon
1480 2407 1736 2449 gubernatores,
1759 2408 1927 2451 praesides

1188 2465 1219 2492 et
1242 2465 1421 2503 potestates
1458 2459 1510 2503 qui
1549 2459 1578 2492 id
1617 2460 1848 2503 permiserint,
1877 2461 1926 2493 vel

1189 2513 1284 2545 etiam
1310 2517 1454 2545 exactam
1479 2522 1577 2555 super
1598 2512 1648 2545 his
1666 2513 1871 2556 inquirendis
1896 2517 1929 2546 et

1188 2565 1402 2608 prohibendis
1428 2565 1648 2608 diligentiam,
1674 2571 1772 2609 prout
1802 2575 1858 2600 eos
1882 2570 1928 2599 10-

409 2616 619 2649 tentationem
645 2622 699 2650 aut
722 2618 983 2658 oblectationem,
1002 2619 1047 2651 vel
1067 2629 1146 2661 pan-
1189 2618 1256 2651 neri
1284 2619 1429 2651 volumus
1455 2624 1487 2651 et
1512 2619 1728 2660 decernimus,
1747 2630 1810 2653 non
1836 2620 1928 2653 adhi-

409 2679 519 2723 coruxm
560 2671 681 2703 luermn
724 2676 755 2704 01
794 2671 917 2715 privata
954 2673 1144 2713 commoda,
1189 2672 1335 2713 buerint,
1362 2672 1494 2716 poenis,
1532 2672 1563 2705 in
1602 2672 1661 2706 hac
1692 2672 1926 2709 constitutione

1929 287 1977 313 An.
1993 287 2022 313 C.
2040 286 2111 316 1732
