2182 3137
198 240 248 266 An.
266 238 293 266 C.
318 239 379 266 1731

237 1311 265 1332 oo
281 1312 327 1332 aliis
343 1311 383 1338 piis

201 1339 309 1365 operibus.

430 229 494 263 aot

389 290 457 322 lesu
484 287 604 321 Christi
629 287 785 330 sanguine
804 286 1005 330 redemptos,
1028 287 1130 330 respi-

390 342 533 381 cientes,
559 348 590 374 et
615 341 653 374 ad
679 341 866 383 generalem
892 340 1129 373 confessionem

389 400 664 438 Icieceatornnique
701 393 825 426 radices
862 393 1056 436 aperiendas
1085 394 1130 426 le-

390 448 474 480 niter
499 453 531 479 et
567 446 756 479 charitative
783 446 959 489 disponent
991 452 1022 478 et
1046 446 1131 478 iuva—

389 501 480 539 bunt,
507 506 538 533 et
563 505 692 543 praeter
712 498 943 532 satisfactorias
960 499 1131 542 poeniten-

391 554 461 593 tias,
488 564 547 595 pro
573 552 811 596 poenitentium
834 558 927 595 captu
965 558 995 584 et
1021 562 1132 585 neces-

391 607 504 647 sitate,
532 606 740 639 medicinales
769 605 865 638 etiam
899 605 1130 646 adhibebunt3

391 666 423 694 et
447 660 478 692 in
504 660 650 693 oratione
668 659 800 691 mentali
819 669 883 699 eos,
905 669 986 702 quos
1004 664 1132 702 paratos

392 713 586 753 invenerint,
613 712 710 745 etiam
737 711 908 752 instruent,
928 712 1132 754 maximeque

392 778 462 800 eam
487 766 636 800 omnibus
663 764 955 805 commendabunt3
991 769 1023 797 et
1047 763 1133 796 debi-

393 827 460 854 tum
486 821 616 854 modum
634 819 755 853 vocalis
779 819 992 858 exercendae,
1013 828 1052 850 nc
1070 818 1133 850 fru-

392 879 478 906 ctum
504 873 573 906 eius
599 874 758 917 perdant,
785 871 984 905 edocebunt:
1009 870 1133 903 unicui-

391 939 453 972 que
480 938 539 971 pro
565 938 621 960 suo
647 933 741 970 captu
769 932 799 959 et
820 931 906 958 statu
923 930 1009 958 recte
1026 925 1057 957 in
1075 936 1134 968 po-

391 986 515 1014 sterum
540 980 667 1013 vivendi
694 979 827 1012 formam
851 978 1000 1010 tradent:
1035 989 1075 1010 an
1100 978 1133 1010 in

391 1033 568 1069 christiana
605 1032 752 1065 doctrina
788 1032 852 1064 siut
877 1031 961 1064 bene
986 1031 1133 1063 instructi

392 1098 452 1131 pro
478 1087 632 1130 qualitate
659 1085 879 1119 confitentium
918 1094 1050 1127 semper
1082 1095 1135 1116 ex-

392 1142 594 1185 plorabant,
621 1146 652 1172 et
688 1141 729 1172 ob
766 1140 834 1172 eius
871 1138 1067 1182 imperitiam
1103 1148 1135 1170 a-

394 1195 508 1229 liamve
527 1204 657 1228 causam
676 1193 878 1237 indispositis
896 1192 1134 1226 absolutionem

394 1247 554 1282 different.

438 1311 510 1335 ην.
548 1301 746 1345 populorum
777 1300 955 1333 discordias
984 1299 1137 1333 concilia-

395 1366 449 1396 re,
482 1356 624 1398 litesque
658 1364 875 1397 componere,
907 1353 958 1386 vel
991 1353 1029 1386 ad
1056 1352 1138 1385 arbi-

396 1415 462 1443 tros
487 1409 610 1442 iudices
635 1409 791 1441 reducere
809 1408 923 1440 sedulo
941 1407 1135 1448 studebunt3

396 1469 427 1497 at
452 1474 488 1497 ex
514 1462 672 1507 operariis
698 1473 795 1495 nemo
821 1462 875 1495 {iat
910 1462 1013 1495 litium
1053 1461 1138 1494 arbi-

395 1523 452 1557 1er,
479 1516 594 1550 Christi
622 1517 795 1549 verborum
820 1526 964 1549 memor:
993 1515 1073 1555 Quis
1089 1525 1139 1547 me

395 1570 564 1603 constituit
589 1570 725 1602 iudicem
745 1570 829 1602 inlcr
848 1569 944 1602 vos'?
969 1569 1138 1602 Praeterea

397 1625 546 1658 scholam
565 1623 694 1664 Christi,
713 1635 831 1667 nempe
850 1623 1138 1666 congregationem

397 1679 449 1721 (ex
476 1688 539 1721 qua
563 1677 682 1710 uberes
709 1678 829 1710 fructus
850 1678 889 1710 ab
915 1677 953 1709 iis
979 1677 1140 1719 colligun-

398 1737 450 1764 tur
474 1731 526 1775 qui
552 1741 622 1764 eam
660 1731 879 1774 frequentant)
913 1730 944 1762 in
972 1730 1139 1773 populosis

397 1785 489 1825 locis,
515 1784 569 1817 ubi
596 1784 741 1817 nondum
766 1784 898 1817 fundata
924 1784 1041 1824 fuerit,
1069 1784 1140 1816 fun-

398 1839 467 1871 dari
493 1838 671 1871 curabunt:
711 1843 742 1870 et
777 1837 930 1881 parochis
964 1837 1141 1880 persuade-

397 1892 479 1924 bunt
502 1896 537 1924 ut
562 1891 706 1935 qnalibet
737 1891 770 1924 in
797 1891 953 1934 parochia
981 1891 1139 1924 rosarium

398 1945 433 1978 B.
461 1944 500 1977 M.
529 1944 563 1977 V.
601 1944 804 1977 recitandum
829 1944 1017 1985 stabiliant,
1043 1949 1088 1985 et,
1114 1944 1138 1976 si

398 1998 468 2032 fieri
486 1998 589 2041 possit
605 2008 664 2041 pro
684 1998 839 2041 qualitate
858 1999 1015 2038 locorum,
1035 1998 1140 2031 oratio

398 2051 549 2085 mentalis
586 2062 645 2094 per
681 2052 783 2084 horae
822 2051 990 2084 dimidium
1016 2051 1082 2084 fiat.
1109 2052 1139 2085 Si

400 2115 482 2148 quac
508 2109 613 2137 autem
639 2104 703 2136 sint
727 2104 929 2147 parochiae,
955 2105 987 2136 in
1025 2104 1141 2148 quibus

400 2158 567 2192 doctrinae
604 2157 804 2191 christianae
830 2164 861 2191 et
886 2158 985 2192 sancti
1007 2168 1142 2201 evange-

400 2212 434 2244 lii
472 2211 725 2245 declarationem
764 2211 852 2244 iuxta
888 2211 970 2245 sacri
1007 2211 1140 2244 Concilii

400 2265 579 2298 Tridentini
606 2265 735 2298 decreta
760 2265 863 2298 omitti
896 2266 978 2298 forte
1010 2265 1142 2298 invene-

400 2320 474 2359 rint,
502 2319 691 2352 charitative
728 2324 759 2351 et
794 2319 933 2352 discrete
959 2319 1141 2362 parochum

401 2373 600 2406 admoneant
645 2378 680 2406 ut
715 2372 793 2404 tanti
829 2373 973 2405 muneris
1005 2383 1071 2406 non
1102 2373 1142 2405 sit

400 2428 585 2461 immemor.
622 2426 777 2460 Rectores
802 2437 931 2470 quoque
968 2431 1000 2459 et
1023 2426 1142 2469 prima-

400 2481 467 2513 rios
502 2481 698 2524 populorum
734 2485 906 2520 accurate,
938 2480 994 2513 sed
1020 2482 1142 2513 summa

401 2544 471 2567 cum
498 2534 692 2568 discretione
730 2539 760 2568 et
793 2533 1006 2577 dexteritate,
1032 2534 1142 2568 horta-

438 2650 449 2677 1
471 2648 545 2685 tue„
567 2655 621 2685 xu,
644 2650 688 2678 14.

972 237 1152 262 BULLARlUM
1178 237 1331 262 ROMANL'M

1172 280 1299 319 bunturv
1324 292 1360 319 ut
1384 287 1543 320 scandalis
1574 288 1613 320 ab
1646 287 1771 331 origine
1807 288 1911 321 extin-

1173 340 1311 383 guendis
1344 340 1533 382 invigilent,
1560 341 1720 384 bonisque
1756 341 1911 384 operibus

1173 394 1322 427 stabilitis
1365 393 1570 437 perficiendis
1613 394 1747 438 ipsimet
1788 396 1912 439 populo

1175 447 1303 490 praeire
1322 447 1487 480 studeant.

1217 510 1299 533 xnvr.
1333 500 1479 543 Operarii
1512 511 1710 544 unoquoque
1736 502 1767 534 in
1793 502 1913 545 oppido

1176 558 1263 586 tanto
1290 553 1447 595 temporis
1472 553 1577 595 spatio
1604 554 1791 593 consistent,
1818 565 1915 597 quan-

1177 611 1240 638 tum
1281 606 1320 638 ad
1360 606 1600 649 oppidanorum
1640 607 1887 640 instructionem
1905 633 1913 647 ,

1175 659 1397 692 confessiones
1433 659 1633 700 audiendas,
1664 666 1696 693 et
1728 660 1836 694 omnia
1859 672 1916 694 ne·

1175 712 1313 745 cessaria
1340 713 1500 755 explenda
1525 713 1746 746 necessarium
1769 723 1842 746 esse
1867 725 1916 747 co-

1176 766 1369 809 gnoverint:
1396 772 1426 798 et
1451 766 1680 800 communione
1700 767 1844 809 generali
1861 778 1916 811 pe-

1177 821 1277 858 racta,
1303 821 1493 862 semotaque
1512 819 1597 852 omni
1618 819 1800 852 visitatione
1822 830 1917 863 prae-

1178 877 1322 915 terquam
1348 872 1556 912 infirmorum,
1575 873 1639 905 alio
1665 883 1699 905 se
1725 873 1914 914 conferent;

1178 925 1258 958 nihil
1277 926 1469 969 temporale,
1490 932 1619 969 praeter
1639 925 1856 959 necessarium
1876 927 1917 960 ad

1177 989 1383 1011 communem
1405 979 1631 1022 frugalemque
1651 979 1778 1019 victum,
1792 979 1917 1013 etiamsi

1177 1037 1294 1075 sponte
1312 1032 1455 1065 oblatum
1478 1032 1660 1075 accipient;
1683 1043 1744 1066 nec
1764 1034 1916 1077 precibus

1178 1084 1424 1128 acquiescentes
1451 1085 1535 1118 ultra
1556 1086 1774 1119 necessarium
1794 1090 1917 1130 tempus

1178 1138 1210 1170 in
1234 1138 1355 1181 oppido
1380 1145 1632 1180 commorentur,
1652 1149 1811 1173 memores
1827 1140 1918 1174 Chri-

1179 1197 1263 1223 stum
1282 1192 1379 1225 simili
1399 1192 1570 1225 occasione
1589 1193 1812 1236 respondisse:
1829 1193 1919 1227 Aliis

1179 1245 1363 1278 civitatibus
1394 1250 1516 1289 oportet
1551 1256 1600 1279 me
1624 1247 1848 1290 evanqelizare
1871 1258 1919 1280 re-

1178 1309 1281 1342 ynum
1306 1299 1378 1340 Dei,
1402 1300 1483 1343 quia
1507 1300 1577 1333 ideo
1601 1301 1719 1334 missus
1743 1301 1849 1336 sum¹.

1222 1363 1319 1387 xtvn.
1346 1353 1434 1386 Iesus
1460 1353 1606 1387 Christus
1635 1354 1784 1389 Iudaeam
1803 1361 1832 1389 et
1850 1356 1918 1390 eius

1181 1407 1315 1440 finitima
1340 1407 1481 1450 primum
1506 1408 1655 1441 lustravit
1679 1409 1778 1442 verbo
1810 1415 1842 1443 et
1866 1421 1920 1443 ex-

1182 1462 1289 1504 emplo
1310 1472 1317 1501 ;
1355 1461 1413 1493 sed
1453 1472 1554 1504 quum
1594 1463 1661 1495 eius
1699 1462 1840 1496 charitas
1880 1463 1921 1497 ad

1182 1525 1295 1547 omnes
1333 1514 1581 1555 extenderetur,
1623 1515 1702 1548 dixit
1739 1517 1918 1559 apostolis:

1180 1569 1300 1601 Eunias
1323 1569 1360 1601 in
1384 1568 1545 1601 mundum
1570 1569 1771 1610 mziversum,
1794 1570 1923 1614 praedi-

1182 1627 1249 1656 cate
1266 1622 1470 1666 evanqelium
1488 1623 1578 1656 omni
1595 1624 1791 1657 ereaturae².
1815 1625 1920 1663 Quare

1183 1677 1203 1709 ii
1229 1677 1386 1709 mundum
1411 1681 1621 1719 peragrantes
1638 1677 1855 1711 fundaverunt
1875 1690 1921 1712 ec-

1183 1730 1308 1770 clesias,
1333 1740 1474 1773 suosque
1500 1730 1533 1762 in
1554 1730 1617 1763 illis
1637 1736 1781 1764 rectores
1802 1732 1923 1765 consti-

1184 1788 1323 1824 tuerunt,
1351 1793 1490 1827 quorum
1515 1783 1675 1817 adiutorio
1701 1784 1852 1827 regiones
1880 1785 1923 1818 fe-

1184 1837 1339 1877 cundari,
1378 1843 1409 1870 et
1445 1837 1476 1870 in
1514 1837 1594 1870 viam
1631 1838 1742 1871 salutis
1770 1844 1922 1872 aeternae

1184 1892 1280 1934 dirigi
1305 1891 1420 1925 melius
1446 1896 1591 1935 possent.
1622 1891 1726 1925 Sacris
1751 1891 1849 1936 igitur
1872 1892 1923 1926 his

1183 1944 1328 1987 vestigiis
1365 1944 1576 1977 inhaerentes
1611 1945 1752 1988 operarii
1783 1947 1924 1990 primum

1186 1998 1358 2031 fecundare
1383 1998 1559 2030 studebunt
1585 1997 1770 2039 exercitiis,
1801 1999 1925 2033 missio-

1185 2052 1295 2091 nibus,
1322 2051 1581 2095 clericorumque
1607 2051 1800 2085 formatione
1825 2057 1856 2085 et
1880 2052 1925 2085 di-

1185 2105 1328 2139 rectione
1355 2105 1521 2149 propriam
1551 2105 1727 2139 dioecesim
1765 2111 1797 2138 et
1833 2106 1925 2139 terri-

1185 2159 1268 2192 toria
1293 2158 1447 2199 finitima,
1475 2158 1539 2198 sed,
1566 2158 1634 2191 sine
1660 2169 1772 2191 eorum
1797 2158 1925 2202 praeiu-

1185 2212 1280 2253 dicio,
1298 2213 1337 2245 de
1364 2212 1488 2245 domini
1515 2211 1659 2255 episcopi
1678 2212 1820 2252 licentia,
1845 2212 1924 2245 alias

1185 2276 1315 2309 quoque
1342 2265 1532 2306 dioeceses,
1559 2265 1749 2308 praesertim
1775 2265 1799 2297 si
1831 2275 1848 2298 a
1873 2265 1926 2299 do-

1184 2320 1280 2353 minis
1306 2319 1470 2363 episcopis
1496 2319 1560 2352 sint
1592 2319 1720 2359 vocati,
1748 2320 1926 2362 perlustra-

1184 2374 1272 2413 bunt,
1299 2372 1484 2416 spiritualia
1509 2373 1624 2405 decem
1651 2372 1777 2405 dierum
1803 2372 1926 2405 exerci-

1186 2427 1227 2459 tia
1264 2425 1478 2459 ministrando
1517 2425 1667 2458 omnibus
1699 2425 1924 2459 sacerdotibus

1184 2490 1255 2513 cum
1293 2481 1371 2512 cura
1408 2484 1439 2511 et
1477 2478 1547 2511 sine
1584 2479 1660 2511 cura
1684 2477 1867 2511 animarum
1892 2477 1925 2511 in

1185 2532 1329 2577 qnalibet
1353 2532 1487 2575 regione
1513 2532 1621 2576 aliquo
1638 2531 1671 2565 in
1689 2536 1850 2566 conventu
1867 2541 1926 2565 seu

1219 2605 1231 2632 1
1254 2603 1330 2635 Luc„
1349 2610 1394 2638 tv,
1414 2604 1459 2631 46.

1216 2649 1232 2678 2
1251 2648 1350 2685 Mane,
1370 2656 1415 2677 xv1
1428 2670 1436 2685 ,
1460 2649 1505 2678 15.

1918 238 1971 264 An.
1988 237 2017 265 C.
2041 237 2102 265 ¹73¹

1961 512 1990 532 Da
2014 513 2072 533 φοι-Δ
2089 513 2108 533 in

1926 541 2018 564 oppam.

1956 1362 1987 1383 Do
2007 1361 2114 1383 exercitiis

1931 1391 1951 1410 et
1979 1388 2114 1409 missionibus

1931 1417 1995 1437 etiam
2020 1416 2040 1436 in
2066 1415 2115 1435 aliis

1931 1442 2080 1464 dioecesum&
