2182 3137
45 190 97 216 ssn.
116 187 145 212 C.
165 185 233 212 ¹730
859 185 1000 208 CLEMENS

81 247 223 275 iuramentum
273 232 425 263 Candidati
447 233 502 262 rite
524 232 694 270 examinati,
720 232 890 271 priusquam
914 232 981 261 bac-

39 273 420 328 gl’mfflffiffijmcalaureatus
441 281 556 311 honore
578 281 766 318 decorentur,
792 280 868 319 quod
891 280 979 309 etiam

59 2254 104 2279 Qua
114 2257 218 2278 conditio-

36 2286 63 2301 ne
88 2282 175 2304 licentia
201 2284 220 2304 iu

35 2307 117 2330 artibus
128 2309 205 2331 danda.

235 330 264 359 in
288 330 417 360 licentiis
440 334 468 359 et
492 329 671 367 magisteriis
694 328 863 365 obtinebit,
889 328 956 357 fidei
971 352 978 365 ,

235 382 268 408 ut
283 378 372 408 moris
388 382 442 415 est,
457 378 638 417 professione
655 377 827 416 praemissa,
845 376 875 405 in
892 376 978 406 verba

234 437 269 456 ex
291 427 458 456 academiae
480 426 606 455 formula
625 426 806 464 praescripta
824 424 977 462 iurabunt,

233 485 264 505 se
287 475 507 505 immaculatam
530 475 562 504 B.
586 474 620 504 V.
645 475 732 504 huius
749 474 915 504 academiae
933 484 980 512 pa-

234 530 336 554 tronae
351 524 579 562 Conceptionem
602 528 630 553 et
653 524 894 553 constitutionem
913 524 979 553 [jai-

230 574 340 611 gyem'tus
362 577 479 601 sanctae
496 573 656 602 memoriae
679 572 836 602 Clementis
852 572 888 601 XI
905 576 980 601 stre-

233 631 291 651 nue
305 625 559 660 propugnaturos,
578 621 733 660 privilegia
746 621 880 660 insuper,
895 630 979 660 prae-

233 671 380 709 rogativas
413 674 441 699 et
467 671 703 700 iurisdictionem
727 670 890 709 praesentis
914 670 978 699 uni-

233 720 383 749 versitatis
406 728 557 757 nunquam
581 729 595 748 a
612 728 643 748 se
659 722 860 757 oppugnatum
877 719 933 754 iri3
951 724 979 748 et

233 777 291 798 non
315 768 409 797 solum
432 767 577 797 eiusmodi
600 768 724 806 gradum
746 767 776 796 in
799 768 859 796 alia
877 767 978 796 acade-

233 817 290 846 mia
313 827 372 846 non
394 821 583 855 suscepturos
598 839 605 853 ,
637 816 687 845 sed
711 825 806 855 neque
828 815 977 845 subituros

232 875 368 895 examen.

271 914 315 944 Ad
332 914 574 943 baccalaureatus
590 913 765 950 medicinae,
783 913 855 943 iuris
872 913 977 943 utrius-

232 972 289 1001 que
308 967 336 992 et
355 963 518 1000 theologiae
532 971 654 992 examen
670 962 865 991 cancellarius
877 966 976 1000 aptum

231 1016 261 1041 et
283 1016 395 1041 certum
419 1012 560 1050 temporis
582 1011 709 1050 spatium
735 1010 936 1049 praescribet,
962 1021 975 1040 a

232 1060 404 1089 Pentecoste
427 1060 462 1089 ad
486 1060 591 1089 festum
615 1060 643 1089 S.
669 1059 787 1088 Ioannis
815 1059 850 1088 de
878 1068 977 1089 mense

231 1109 318 1138 iunii.
353 1109 424 1138 Tres
447 1109 674 1145 examinatores,
699 1113 851 1147 postquam
875 1108 976 1137 unius-

230 1159 374 1198 cuiusque
390 1158 535 1187 facultatis
552 1158 723 1187 candidatos
739 1157 795 1187 rite
812 1157 975 1196 probarint,

232 1207 355 1236 seorsim
378 1211 527 1245 praeterea
552 1206 617 1235 illos
640 1206 820 1244 diligentiori
843 1206 977 1235 examine

232 1256 396 1294 explorent,
421 1265 454 1285 ac
477 1256 639 1294 praemisso
655 1255 690 1284 de
707 1254 817 1284 iustitia
835 1259 863 1284 et
880 1254 978 1293 aequi-

232 1308 290 1333 tate
313 1304 465 1334 retinenda
498 1304 689 1333 iureiurando
704 1328 711 1341 ,
735 1304 814 1333 inter
846 1304 978 1341 singulos

231 1353 310 1383 iuxta
334 1354 507 1382 eorumdem
530 1354 624 1382 maius
648 1353 692 1382 vel
716 1353 814 1382 minus
840 1353 977 1382 meritum

231 1406 260 1432 et
279 1402 414 1441 peritiam
429 1402 619 1441 praelationis
635 1402 767 1432 ordinem
784 1402 974 1431 constituent.

232 1451 414 1480 Secretarius
446 1461 507 1481 rem
541 1452 570 1480 in
604 1455 668 1480 acta
692 1452 810 1486 referet,
841 1455 868 1480 et
891 1460 977 1489 quem

231 1500 339 1538 cuique
362 1499 500 1537 obtigerit
523 1499 714 1538 praelationis
736 1500 845 1537 locum,
866 1499 895 1528 in
912 1499 978 1528 bac-

232 1549 419 1578 calaureatus
436 1549 593 1588 diplomate
609 1548 771 1585 adscribet3
797 1549 873 1588 quod
891 1548 915 1577 si
931 1549 976 1578 vel

234 1597 289 1627 hoc
311 1597 557 1636 praetermiserit,
583 1597 627 1626 vel
655 1598 846 1636 praelationis
869 1597 976 1627 seriem

231 1649 260 1675 et
282 1645 415 1675 ordinem
439 1645 604 1681 inverterit,
629 1645 725 1675 officio
750 1646 893 1684 privetur.

271 1694 363 1723 Porro
387 1694 493 1731 singuli
519 1699 583 1732 post
606 1695 734 1733 primum
751 1694 891 1733 deinceps
910 1695 977 1724 bac-

230 1743 380 1780 calaurei,
407 1746 521 1781 praetor
544 1743 690 1781 stipendia
714 1743 770 1772 iam
795 1744 975 1782 praescripta

232 1801 285 1831 pro
308 1792 433 1829 singulis
456 1791 621 1830 quibusque
656 1792 806 1830 gradibus,
832 1793 939 1832 quibus
961 1804 975 1823 a

231 1841 326 1880 primo
350 1841 543 1871 baccalaureo
566 1842 689 1879 distant,
707 1841 775 1871 bina
794 1843 917 1881 insuper
933 1852 978 1872 re-

230 1890 305 1928 galia
331 1891 477 1929 pendent:
502 1890 639 1920 videlicet
662 1891 811 1920 secundus
829 1892 857 1920 in
875 1892 978 1922 ordine

231 1940 340 1977 regalia
363 1940 432 1977 duo,
451 1940 554 1969 tertius
572 1944 708 1979 quatuor,
726 1945 848 1978 quartus
871 1952 932 1979 sex,
951 1947 978 1971 et

230 1988 273 2017 sic
297 1988 446 2026 deinceps.
472 1988 502 2018 ln
526 1989 652 2027 publicis
668 1989 834 2019 academiae
853 1991 979 2020 functio-

230 2037 318 2066 nibus
341 2037 502 2076 unicuique
526 2037 606 2067 iuxta
631 2038 821 2077 praelationis
843 2039 976 2068 ordinem

230 2085 301 2125 ipsis
324 2085 517 2115 constitutum
542 2087 623 2115 locus
653 2091 702 2116 aut
733 2087 839 2124 gradus
862 2088 923 2117 sive
947 2088 976 2117 in

230 2134 347 2163 incessu
370 2135 432 2164 sive
453 2135 483 2164 in
506 2135 688 2165 sessionibus
707 2140 756 2165 aut
782 2136 897 2174 dignior
927 2141 976 2166 aut

230 2182 353 2212 inferior
375 2183 587 2221 assignabitur.

270 2232 312 2261 Ad
337 2231 485 2261 licentiam
510 2233 538 2262 in
562 2233 674 2263 artibus
698 2233 884 2263 obtinendam
909 2245 977 2264 can-

230 2280 345 2310 didatus
369 2281 571 2320 philosophiae
595 2282 696 2311 morali
733 2283 761 2311 in
797 2292 873 2312 anno
907 2284 976 2314 dare

229 2339 360 2369 operam,
383 2335 469 2369 atque
499 2331 537 2359 ita
567 2341 597 2360 se
620 2332 649 2360 in
674 2332 732 2361 illis
755 2332 827 2370 ipsis
850 2333 973 2366 artibus,

229 2387 302 2417 quas
326 2378 452 2407 triennio
476 2379 611 2416 addiscit,
636 2389 773 2409 exercere
796 2380 926 2419 debebit,
945 2385 976 2411 ut

229 2427 276 2457 bis
300 2427 429 2457 thesibus
452 2429 671 2466 propugnandis
703 2430 822 2468 praesit,
847 2435 976 2460 extraor-

229 2475 360 2505 dinarias
375 2475 517 2505 lectiones
533 2486 584 2515 per
604 2481 663 2506 tres
679 2487 794 2507 menses
811 2478 930 2517 habeat,
948 2484 975 2509 et

230 2524 504 2563 interpretationem
521 2529 690 2564 extempore
713 2527 789 2557 inter
804 2529 975 2566 competito-

231 2581 278 2603 res
290 2573 325 2603 ad
347 2574 516 2604 cathedram
533 2574 638 2604 artium
657 2580 806 2605 vacantem
825 2577 972 2607 instituat.
993 2607 997 2616 ,

1027 186 1072 208 xn
1098 187 1146 210 rr.
1666 179 1725 212 181

1064 234 1105 263 Ad
1137 235 1286 265 licentiam
1322 236 1485 267 medicinae
1520 246 1616 267 annus
1649 237 1769 276 quintus

1024 283 1237 320 experimentis
1261 285 1398 322 practicis
1430 286 1589 323 diligenter
1618 286 1771 324 impensus

1024 331 1169 369 exigitur,
1194 336 1226 361 ut
1248 333 1415 363 academiae
1437 335 1605 364 sanctiones
1628 334 1773 373 praescri-

1024 378 1109 408 bunt.

1064 426 1106 456 Ad
1130 427 1203 456 iuris
1226 428 1380 467 utriusque
1397 429 1546 460 licentiam
1563 431 1682 461 biennio
1701 441 1771 461 can-

1023 474 1139 504 didatus
1170 476 1391 515 exercitationi,
1416 488 1503 517 quam
1533 479 1620 517 vulgo
1650 490 1769 518 passam-

1023 524 1090 552 liam
1113 523 1226 561 dicunt,
1253 534 1369 555 vacasse
1385 527 1540 565 oportebit,
1565 533 1667 557 exacto
1685 529 1768 567 prius

1023 571 1153 609 legitime
1170 573 1378 611 quadriennio:
1403 575 1437 603 ad
1461 575 1700 606 baccalaureatus
1722 578 1771 606 iu-

1023 621 1063 650 ris
1079 621 1174 650 civilis
1191 621 1320 651 cultores
1336 623 1484 661 explicent
1506 634 1582 653 anno
1606 626 1701 664 primo
1724 627 1769 655 in-

1023 670 1209 699 stitutionum
1233 670 1388 700 Iustiniani
1412 671 1502 701 libros
1525 673 1652 711 primum
1675 679 1704 704 et
1725 685 1769 704 se-

1023 719 1162 752 cundum,
1188 719 1308 748 tertium
1332 723 1359 748 et
1376 724 1513 758 quartum
1530 730 1606 750 anno
1625 723 1766 752 secundo.

1022 766 1167 797 Thesibus
1190 772 1342 806 praeterea
1377 778 1411 798 ex
1446 770 1572 798 materia
1603 771 1681 800 civili
1716 781 1769 810 pro

1022 816 1143 845 arbitrio
1166 816 1322 854 deligenda
1344 826 1396 855 pro
1419 821 1558 855 suggestu
1575 818 1768 850 defendendis

1023 875 1200 904 unoquoque
1223 875 1300 894 anno
1323 866 1522 904 praesideant,
1557 867 1664 906 quibus
1695 869 1770 898 iuris

1023 915 1178 953 utriusque
1200 915 1380 953 professores
1411 915 1560 945 intersint.
1587 917 1766 954 Argumenta

1022 964 1170 993 scholares
1194 969 1371 1002 proponant,
1395 974 1520 1003 quorum
1552 965 1679 1004 primum
1703 967 1768 1005 qui-

1022 1013 1087 1041 dem
1105 1012 1292 1042 confirmabit
1309 1016 1337 1042 et
1353 1012 1568 1043 corroborabit!
1585 1013 1766 1051 licentiatus3

1022 1061 1134 1099 reliqua
1158 1060 1354 1090 baccalaurei.
1379 1061 1453 1091 luris
1482 1061 1616 1091 canonici
1645 1062 1767 1092 studiosi

1022 1110 1222 1139 institutiones
1244 1110 1411 1147 Iustiniani,
1436 1115 1467 1139 ut
1489 1110 1602 1140 iuristis
1625 1112 1769 1149 praescri-

1022 1158 1112 1197 bitur,
1131 1159 1331 1197 explicabunt,
1349 1163 1377 1188 et
1399 1168 1457 1188 non
1480 1169 1564 1189 secus
1582 1169 1768 1199 propugnan-

1022 1208 1066 1237 dis
1091 1208 1223 1237 thesibus
1247 1212 1416 1247 praeerunt,
1440 1217 1513 1246 quae
1537 1213 1632 1237 tamen
1648 1219 1681 1238 ex
1700 1218 1768 1238 con·

1024 1258 1172 1286 troversiis
1195 1267 1340 1286 canonum
1363 1257 1585 1296 depromantur.
1603 1257 1767 1288 Decretales

1022 1306 1109 1334 etiam
1133 1305 1199 1335 libri
1224 1305 1317 1344 quinti
1341 1315 1418 1335 anno
1442 1306 1535 1345 primo
1557 1306 1685 1335 audient.

1063 1354 1102 1384 Ita
1124 1355 1233 1393 pariter
1257 1355 1330 1383 iuris
1366 1355 1521 1393 utriusque
1556 1355 1703 1384 candidati
1737 1355 1765 1385 in

1022 1404 1190 1433 academiae
1213 1403 1372 1441 gymnasiis
1395 1413 1485 1442 super
1517 1403 1620 1443 hisque
1648 1405 1767 1434 institu-

1023 1452 1164 1490 tionibus,
1188 1462 1262 1492 quae
1285 1452 1403 1481 biennio
1420 1452 1616 1491 explicantur,
1634 1462 1664 1482 se
1683 1463 1765 1483 exer-

1022 1506 1118 1539 ceant,
1140 1511 1249 1541 easque
1272 1502 1421 1531 dumtaxat
1443 1502 1610 1531 vacationes
1628 1502 1765 1539 habeant,

1022 1560 1096 1590 quae
1119 1560 1134 1579 a
1164 1551 1341 1580 cancellario
1374 1550 1555 1580 solemnibus
1592 1552 1765 1590 praesertim

1022 1600 1124 1630 diebus
1157 1600 1340 1629 indicuntur.
1369 1599 1635 1629 Coiiiineiitationes
1668 1605 1765 1630 autem

1022 1649 1190 1679 huiusmodi
1213 1649 1241 1678 in
1267 1649 1389 1688 privatis
1423 1659 1539 1688 quoque
1572 1649 1693 1679 aedibus
1716 1650 1767 1678 ha·

1022 1698 1083 1728 beri
1108 1701 1257 1737 poterunt,
1283 1701 1368 1736 prout
1391 1697 1565 1727 cancellario
1590 1698 1683 1727 visum
1705 1699 1766 1728 fue-

1022 1748 1070 1783 rit,
1095 1748 1143 1786 qui
1167 1757 1220 1786 pro
1242 1748 1296 1776 susi
1315 1747 1478 1785 prudendiz‘t
1494 1752 1521 1777 et
1537 1747 1658 1777 arbitrio
1675 1749 1766 1787 aptio-

1022 1806 1083 1826 rem
1106 1801 1133 1826 et
1147 1796 1293 1825 utiliorem
1311 1796 1414 1825 haruin
1433 1795 1507 1825 iuris
1524 1796 1765 1826 exercitationum

1022 1845 1271 1883 distributionem,
1295 1845 1427 1875 ordinem
1452 1849 1480 1874 et
1502 1846 1623 1874 sormam
1647 1846 1766 1884 dispen-

1022 1894 1108 1924 sabit.

1062 1943 1104 1972 Ad
1143 1943 1291 1972 licentiam
1324 1942 1487 1980 theologiae
1515 1943 1765 1982 consequendam,

1022 2001 1141 2021 emenso
1165 1991 1247 2029 prius
1270 1991 1401 2029 legitime
1424 1991 1631 2029 quadriennio,
1655 1992 1765 2030 singuli

1022 2041 1170 2070 candidati
1194 2051 1228 2070 ex
1252 2041 1447 2077 tractatibus,
1472 2050 1544 2079 quos
1572 2051 1587 2070 a
1622 2043 1768 2080 professo-

1022 2090 1104 2120 ribus
1127 2090 1317 2129 exceperint,
1341 2089 1427 2119 binos
1461 2089 1577 2129 publice
1611 2090 1764 2128 tyronibus

1021 2139 1050 2168 in
1075 2148 1185 2169 annum
1201 2142 1361 2178 exponant,
1379 2143 1408 2168 et
1423 2139 1560 2178 decerpta
1577 2149 1610 2168 ex
1628 2140 1686 2169 illis
1703 2140 1767 2169 the-

1021 2192 1096 2217 mata
1120 2197 1172 2227 pro
1195 2192 1333 2225 suggestu
1357 2187 1566 2226 propugnanda
1590 2188 1764 2226 suscipiant.

1060 2237 1101 2266 Ad
1115 2236 1306 2266 obtinendum
1320 2236 1475 2265 cuiuslibet
1492 2237 1624 2265 licentiae
1640 2237 1762 2275 gradum

1021 2286 1178 2324 praelectio
1212 2286 1241 2314 in
1266 2285 1367 2314 horam
1401 2285 1545 2322 integram
1578 2285 1762 2315 instituatur.

1019 2334 1081 2363 Mox
1107 2343 1157 2373 per
1180 2338 1238 2363 tres
1261 2334 1347 2363 horas
1370 2338 1540 2370 argumenta
1560 2342 1573 2361 a
1599 2333 1692 2363 tribus
1715 2334 1765 2364 do-

1019 2382 1150 2412 ctoribus
1172 2392 1224 2411 seu
1248 2382 1397 2420 magistris
1425 2381 1638 2412 recentioribus
1661 2387 1763 2412 contra

1019 2432 1181 2470 expositam
1205 2431 1368 2461 doctrinam
1393 2431 1542 2469 proposita
1565 2431 1763 2461 licentiandus

1020 2480 1170 2510 refutabit.
1205 2480 1268 2515 Quo
1299 2479 1416 2509 ‹lemum
1452 2483 1578 2517 peracto,
1616 2480 1765 2520 doctores,

1057 2585 1065 2606 t
1092 2581 1161 2608 Edit.
1184 2582 1267 2608 Main.
1291 2581 1356 2615 legit
1375 2581 1573 2609 corroboravit
1591 2582 1692 2616 (thr.)-

1776 2276 1796 2296 in
1820 2276 1902 2300 singula

1775 2302 1864 2323 coitate.

1777 189 1832 216 An.
1852 190 1882 216 C.
1901 190 1971 218 1730

1807 251 1853 274 Qua
1877 252 1968 273 medici—

1781 283 1829 298 nae.

1808 450 1853 473 Qua
1877 451 1927 471 iuris
1944 458 1967 472 u-

1781 477 1885 502 tritisque.

1794 1956 1851 1984 ,Qua
1883 1956 1964 1976 theolo-

1778 1987 1835 2006 gia?-

1803 2250 1849 2272 Qua
1877 2249 1961 2270 ‹lornuin

1932 2276 1960 2296 fa-
