2182 3137
35 234 88 261 Au.
107 235 139 261 G.
160 235 224 262 173³

77 821 159 841 Solitas
174 828 222 842 con-

36 848 151 868 cinximus.

856 234 998 257 CLEMENS
1025 234 1071 257 ΧΠ
1095 236 1145 258 ΡΡ.

234 285 404 327 exemptis,
431 284 525 317 etiam
552 284 635 327 typis
673 282 853 326 impressis,
880 291 974 315 manu

234 337 370 370 alicuius
407 337 523 370 notarii
559 336 679 380 publici
705 335 918 378 subscriptis,
946 341 977 367 et

234 390 340 432 sigillo
367 401 529 432 personae
554 391 586 422 in
620 389 838 422 ecetesiastica
871 388 977 430 digni—

236 449 300 476 tate
333 444 531 476 constitutae
564 444 613 475 vel

236 507 304 527 rum
339 496 538 537 regularium
566 506 746 538 pauperum
772 495 880 527 Matris
906 495 973 534 Dei,

235 549 289 590 qui
316 560 331 580 a
357 548 484 581 Scliolss
504 548 579 580 Piis
597 548 858 586 denominantur,
886 558 976 590 prae-

234 602 330 645 positi
360 601 520 643 generalis
542 602 684 639 munitis,
703 602 816 633 cadem
843 611 976 642 prorsus

234 654 315 687 fides
355 656 383 686 in
418 655 537 686 iudicio
575 660 606 686 et
643 660 731 687 extra
770 654 975 693 adhibeatur,

234 718 315 749 quae
334 707 448 739 iisdem
476 707 721 750 praesentibus,
745 706 768 737 si
796 707 903 739 forent
924 716 976 738 ex-

234 760 359 792 liibitae
385 761 432 792 vel
459 766 629 796 ostensae,
655 759 881 791 adhiberetur.

279 812 370 856 §10
398 812 480 845 Nulli
520 823 597 854 ergo
633 813 768 844 omnino
808 811 974 844 hominum

233 866 327 898 liceat
356 866 438 897 lianc
464 866 615 908 paginam
643 871 772 897 nostrae
800 865 977 897 absolutio-

232 919 291 957 nis,
320 918 577 960 approbationis,
599 917 863 956 confirmationis,
883 918 977 950 robo-

232 972 275 1002 ris
303 971 506 1010 adiectionis,
533 971 716 1003 defectuum
739 971 976 1014 suppletionis,

233 1024 367 1061 decreti,
394 1023 633 1061 declarationis,
660 1024 892 1063 concessionis,
921 1024 977 1055 im-

232 1076 432 1118 partitionis,
472 1077 694 1119 derogationis
731 1083 762 1109 et
802 1077 976 1109 voluntatis

232 1129 433 1170 infringere,
462 1130 510 1161 vel
537 1130 563 1161 ei
590 1140 669 1161 ausu
703 1130 877 1162 temerario
903 1140 976 1162 con-

233 1173 349 1211 traire,
369 1174 393 1204 si
411 1174 482 1215 quis
501 1179 607 1205 autem
628 1174 689 1205 lioc
707 1179 864 1205 attentare
880 1184 975 1216 prae-

232 1227 427 1269 sumpserit,
454 1227 715 1268 indignationem
741 1227 975 1269 omnipotentis

230 1278 287 1310 Dei
314 1290 350 1310 ac
375 1280 543 1311 beatorum
564 1279 647 1310 Petri
675 1285 706 1311 et
733 1279 821 1311 Pauli
847 1285 976 1322 aposto-

231 1332 337 1364 lorum
364 1332 431 1363 eius
457 1343 491 1364 se
518 1333 647 1364 noverit
672 1334 890 1365 incursurum.

275 1384 388 1417 Datum
416 1385 550 1422 Romae,
578 1386 663 1428 apud
689 1386 719 1418 S.
744 1386 876 1418 Mariam
912 1385 975 1418 Ma-

231 1437 347 1475 iorem,
384 1449 469 1470 anno
515 1438 749 1471 lncaruationis
793 1438 973 1471 dominicae

231 1500 413 1530 nnccxxxr,
446 1491 592 1523 kalendis
629 1492 727 1531 maii,
763 1491 973 1534 pontificatus

230 1544 335 1574 nostri
358 1554 445 1576 anno
466 1554 485 1577 1.

265 1604 325 1630 Dat.
348 1605 392 1631 die
415 1608 424 1631 1
449 1606 511 1632 maii
536 1607 618 1639 1731,
641 1606 742 1641 pontif.
763 1614 836 1633 anne
854 1614 871 1633 t.

499 1661 534 1691 Λ.
563 1661 716 1692 datarius.

498 1712 532 1744 F.
561 1712 649 1745 card.
677 1712 862 1746 Otltvtziuus.

340 1775 407 1801 Visa
428 1775 460 1800 (Ie
481 1774 571 1800 Curia

496 1828 519 1860 l.
543 1828 690 1871 archiep.
716 1829 916 1871 Ancyranus.

520 1881 622 1914 Lucas
647 1881 886 1914 ulimmerius.

301 1941 367 1975 neg.
389 1943 414 1967 in
437 1946 534 1968 secret.
553 1942 686 1968 Brevium.

542 2067 664 2100 XXXII.

228 2137 398 2170 Benedicti
412 2138 504 2170 XIII
518 2138 644 2169 lillerae
658 2138 885 2180 infirmantur,
903 2139 972 2181 qui-

274 2190 331 2222 bus
360 2195 532 2222 conventus
559 2191 828 2233 Conqreqalionis
856 2191 890 2223 S.
918 2191 973 2224 Sa-

275 2243 371 2275 binae
405 2244 593 2285 provinciae
625 2244 841 2276 Lomburtlv'ue
877 2244 973 2277 Ordi-

274 2297 327 2328 nis
347 2296 617 2328 praedicatorum
643 2297 751 2338 priori
774 2297 974 2339 provinciali

272 2349 538 2389 subiiciebanlur,
562 2349 638 2381 data
662 2359 790 2392 quoque
813 2350 973 2392 fratribus

273 2401 430 2443 facultate
469 2402 511 2433 ad
551 2402 634 2433 alios
671 2402 858 2444 provinciae
892 2402 973 2434 eius-

274 2453 346 2485 dem
361 2459 532 2486 conventus
548 2454 729 2487 studiorum.
750 2456 846 2487 causa
867 2459 972 2487 trans-

275 2505 408 2539 eundi&

267 2579 276 2603 1
302 2576 476 2603 Innocentius
497 2575 541 2602 XlI
563 2576 671 2602 constit.
700 2576 755 2602 dat.
784 2575 828 2602 die
856 2578 886 2602 14
906 2577 971 2603 iunii

229 2628 347 2655 uncxcv,
375 2622 402 2647 in
431 2620 551 2647 Bullario
572 2629 645 2647 num.
666 2627 708 2652 cv,
728 2621 972 2656 Cougregationem

648 443 807 475 dictorum
841 442 977 474 clerico·
998 465 999 474 t

1656 225 1715 258 ⁶251

1229 284 1365 311 Clemens
1387 286 1467 318 Papa
1485 285 1536 312 ΧΠ
1549 306 1555 316 ,

1135 329 1171 353 ad
1192 332 1377 362 perpetuam
1396 329 1442 356 rei
1462 329 1650 356 memoriam.

1066 387 1230 420 Romanus
1257 389 1414 430 Pontifex,
1443 391 1482 423 ad
1509 401 1672 422 sacrarum
1691 390 1766 423 reli·
1804 400 1927 420 Exordium.

1021 439 1153 481 gionum
1185 446 1217 472 et
1255 443 1574 484 congregationnm²
1598 443 1763 475 salubrem

1022 492 1238 525 directionem
1264 505 1300 526 ac
1326 496 1453 528 felicem
1489 506 1698 538 progressum
1726 507 1762 528 ex

1021 544 1167 577 iniuncto
1193 546 1254 578 sibi
1280 548 1478 589 apostolicae
1505 549 1671 581 servitutis
1697 560 1764 581 mu-

1021 609 1101 631 nere
1127 599 1247 641 iugiter
1271 599 1456 639 intendens,
1485 613 1532 640 ea,
1561 612 1643 644 quae
1669 602 1765 635 certis

1023 651 1271 684 rationabilibus
1289 663 1325 684 ex
1352 653 1457 685 causis
1475 654 1615 696 desuper
1632 666 1649 686 a
1670 665 1764 697 prae-

1022 704 1249 737 decessoribus
1276 705 1342 737 suis
1363 711 1480 738 statuta
1500 707 1668 749 comperit,
1694 707 1764 749 ipsa

1021 757 1158 790 subinde
1184 759 1387 801 experientia
1423 759 1577 791 suadente
1603 770 1639 791 ac
1665 760 1765 792 maio-

1022 810 1110 841 ribus
1148 811 1187 843 de
1219 811 1323 843 causis
1360 811 1526 844 interdum
1558 811 1707 844 immutat
1733 817 1765 843 et

1022 869 1168 901 revocat,
1197 864 1339 906 aliasque
1359 864 1389 895 in
1409 864 1454 896 eis
1471 864 1567 896 officii
1587 864 1635 896 sui
1657 870 1764 906 partes

1022 916 1210 958 interponit,
1237 923 1344 959 prout„
1368 927 1477 949 rerum
1509 927 1546 949 ac
1583 922 1764 959 temporum

1022 968 1232 1010 qualitatibus
1259 969 1367 1001 debite
1393 970 1548 1013 pensatis,
1570 970 1601 1001 in
1628 969 1764 1001 Domino

1023 1021 1178 1062 expedire
1205 1022 1413 1054 arbitramur.

1065 1074 1079 1115 ξ
1105 1074 1137 1106 1.
1164 1074 1289 1106 Dudum
1316 1075 1476 1118 siquidem
1516 1075 1618 1108 felicis
1656 1087 1766 1109 recor-

1021 1190 1074 1212 sor
1109 1186 1225 1213 noster
1260 1182 1445 1223 regularem
1487 1182 1696 1225 disciplinam
1733 1183 1764 1214 iu

1021 1233 1197 1275 provinciis
1224 1233 1437 1266 Lombardiae
1457 1240 1489 1266 et
1509 1235 1653 1267 Romana
1676 1235 1766 1268 Ordi-

1022 1285 1070 1317 nis
1095 1286 1228 1318 fratrum
1256 1286 1521 1319 Praedicatorum
1548 1298 1761 1330 promovere,

1021 1344 1119 1382 utque
1145 1339 1184 1371 ad
1210 1340 1387 1382 perfectam
1408 1341 1603 1373 maturitatis
1626 1341 1763 1383 frugem,

1020 1392 1205 1434 adspirante
1232 1393 1365 1435 superni
1392 1393 1508 1425 favoris
1533 1394 1666 1433 auxilio,
1693 1405 1764 1436 pro<

1019 1451 1116 1483 vecta,
1142 1445 1320 1477 Ecclesiam
1348 1446 1474 1478 Domini
1502 1447 1708 1479 uberioribus
1730 1448 1763 1479 in

1020 1497 1088 1529 dies
1114 1499 1274 1530 bonorum
1301 1509 1437 1541 operum
1464 1499 1621 1531 fructibus
1648 1500 1764 1532 laetifi-

1020 1556 1118 1589 caret,
1151 1551 1334 1593 apostolica
1370 1551 1575 1593 benignitate
1613 1554 1762 1585 excolere

1020 1604 1164 1646 cupiens,
1191 1604 1230 1636 de
1258 1609 1333 1636 tunc
1359 1604 1566 1637 existentium
1604 1606 1636 1637 S.
1664 1605 1698 1637 R.
1725 1606 1760 1638 E.

1019 1656 1234 1688 cardinalium
1261 1662 1292 1689 et
1323 1657 1486 1689 Romanae
1518 1658 1631 1691 Curiae
1669 1670 1764 1701 prae-

1020 1710 1157 1741 latorum
1185 1720 1284 1752 super
1309 1710 1483 1753 dIsciplina
1509 1712 1652 1753 regulari
1678 1713 1763 1745 eius-

1020 1763 1104 1795 modi
1131 1763 1357 1805 deputatorum
1385 1765 1531 1803 consilio,
1558 1775 1616 1807 per
1636 1776 1710 1798 suas
1728 1766 1761 1798 in

1019 1816 1114 1848 simili
1142 1816 1243 1848 forma
1270 1817 1378 1849 Brevis
1405 1817 1455 1849 dio
1473 1828 1524 1850 x1v
1543 1818 1663 1850 mensis
1680 1819 1759 1850 iunii

1018 1879 1147 1902 nocxcv
1181 1870 1349 1912 expeditas
1383 1871 1529 1909 litteras,
1558 1871 1702 1904 diversos
1728 1872 1760 1904 in

1018 1923 1141 1955 eisdem
1168 1923 1281 1955 litteris
1308 1934 1482 1966 expressos
1519 1930 1699 1957 conventus
1725 1936 1763 1956 u-

1020 1976 1165 2018 triusque
1192 1976 1377 2018 provinciae
1404 1977 1601 2019 praedictae,
1621 1978 1763 2010 illorum—

1017 2039 1079 2071 que
1105 2029 1222 2060 fratres
1250 2035 1280 2061 ct
1305 2039 1482 2071 personas,
1509 2041 1579 2061 cum
1609 2031 1760 2063 omnibus

1017 2087 1048 2113 et
1073 2081 1209 2123 singulis
1235 2092 1347 2114 eorum
1386 2082 1522 2121 iuribus,
1550 2083 1704 2115 membris
1730 2090 1763 2115 et

1016 2134 1225 2177 pertinentiis
1251 2135 1422 2173 universis,
1450 2136 1489 2168 ab
1516 2136 1602 2168 omni
1626 2141 1656 2168 et
1683 2147 1761 2179 qua-

1017 2197 1155 2229 cumque
1175 2187 1410 2227 iurisdictione,
1430 2189 1673 2231 superioritate,
1694 2199 1761 2221 cor-

1018 2242 1174 2280 rectione,
1203 2241 1398 2281 visitatioue,
1424 2241 1592 2283 regimine,
1628 2244 1701 2273 cura
1729 2247 1760 2273 et

1018 2295 1178 2336 gubernio
1198 2305 1256 2337 pro
1277 2300 1423 2337 tempore
1446 2294 1654 2326 existentium
1676 2294 1760 2337 prio-

1018 2400 1086 2426 hanc
1107 2400 1235 2433 erigens,
1257 2408 1317 2426 eam
1349 2399 1480 2430 magistro
1508 2399 1630 2433 generali
1662 2399 1759 2425 imme-

1016 2444 1088 2471 diate
1108 2445 1258 2471 subiectam
1276 2444 1369 2477 votuit,
1387 2444 1505 2470 melioris
1521 2443 1681 2478 discipliuae
1701 2453 1760 2470 ser-

1017 2490 1121 2515 vandae
1143 2491 1233 2521 causa,
1255 2497 1286 2515 ac
1306 2488 1489 2514 omnimodam
1509 2487 1639 2514 fratribus
1658 2489 1760 2514 ademit

1015 2532 1169 2559 facultatem
1190 2533 1223 2558 ad
1244 2532 1311 2558 alios
1331 2532 1488 2558 transeundi
1505 2537 1663 2566 conventus,
1679 2536 1761 2567 prout

1015 2577 1096 2603 infra.

1050 2622 1066 2647 9.
1087 2621 1157 2647 Edit.
1180 2621 1260 2647 Maia.
1283 2620 1349 2654 legit
1368 2621 1625 2656 conyreyationem
1644 2622 1683 2655 (n.
1707 2622 1759 2655 τ.).

1768 236 1818 259 An.
1840 234 1870 258 C.
1891 233 1956 260 173¹

1857 1085 1961 1105 Innocen-

1022 1127 1162 1159 dationis
1187 1127 1396 1159 Innocentius
1415 1128 1473 1160 Pt‘.
1497 1128 1550 1160 Xll
1576 1130 1766 1172 praedeces-
1777 1111 1964 1158 fiss'vti‘fxfifissfist'ss‘.

1778 1170 1811 1184 rae
1828 1164 1954 1184 referuntur.
