2182 3137
505 269 568 301 672

547 331 586 363 cti
608 331 764 364 Francisci
783 331 820 364 de
837 331 1041 365 Observantia
1059 331 1090 364 in
1110 331 1195 371 duas,

549 389 641 427 atque
667 384 784 418 erectio
810 395 907 417 novae
941 384 1123 428 provinciae
1147 385 1197 418 Li-

547 437 671 477 ciensis‚
697 437 772 471 500.

460 491 542 524 XCV.
568 490 724 524 Statutum
742 491 825 524 circa
845 491 947 524 officia
972 492 1130 536 generalia
1146 492 1199 525 Or-

547 544 628 577 dinis
653 545 785 577 fratrum
811 544 966 578 Minorum
992 545 1089 578 sancti
1107 545 1199 578 Fran-

547 598 619 631 cisei
645 597 683 631 de
719 598 925 631 Observantia
940 625 947 639 ,
976 604 1009 631 ut
1032 599 1119 632 nulla
1142 599 1198 631 im-

546 656 708 695 posterum
748 651 926 684 necessaria
970 651 1008 684 sit
1047 652 1198 696 temporis

548 705 667 738 vacatio
693 704 724 737 in
748 715 881 738 ascensu
913 705 952 738 ab
990 705 1132 738 inferiori
1161 705 1197 738 ad

545 758 740 802 superiorem
780 757 935 800 gradum3
980 758 1010 791 in
1045 758 1197 791 descensu

545 822 620 845 vero
650 822 666 844 a
691 811 847 855 superiori
872 811 910 843 ad
937 811 1128 852 inferiorem,
1152 812 1197 844 vel

549 864 682 898 transitu
703 864 739 897 ad
758 864 932 908 aequalem,
950 865 1071 897 vacatio
1096 864 1199 907 requi-

544 923 631 951 ratur
658 928 715 962 per
747 922 869 961 tempus
889 917 1024 950 duorum
1048 917 1198 960 capitulo-

544 981 614 1004 rum
633 970 827 1013 generalium
842 970 906 1003 sive
924 969 1090 1003 duodecim
1106 980 1200 1003 anno-

545 1034 628 1064 rum,
656 1023 729 1057 502.

457 1077 559 1112 XCVI.
586 1077 785 1121 ludulgentia
810 1076 952 1121 plenaria
970 1081 1121 1121 perpetua
1144 1087 1201 1121 pro

549 1130 747 1164 visitantibus
783 1130 931 1164 ecclesias
970 1130 1200 1164 monachorum

547 1189 577 1217 et
602 1183 798 1225 monialium,
817 1189 879 1216 tam
906 1184 1057 1217 hactenus
1082 1190 1202 1218 erectas

546 1247 640 1280 quam
678 1237 709 1270 in
745 1240 906 1281 posterum
938 1237 1202 1281 quandocumque

546 1290 725 1333 erigendas,
739 1290 1000 1333 Congregationis
1021 1290 1050 1324 S.
1075 1289 1202 1323 Benedi-

547 1344 598 1383 cti,
625 1344 653 1376 in
680 1344 758 1376 festo
783 1344 811 1377 S.
837 1343 977 1376 Silvestri
1003 1343 1125 1376 abbatis
1149 1343 1198 1376 di-

547 1402 614 1430 etae
635 1396 895 1440 Congregationis
916 1396 1114 1437 institutoris,
1129 1396 1200 1429 503.

459 1451 569 1485 XCVII.
607 1449 812 1484 Confirmatio
851 1449 1025 1482 sententiae
1068 1449 1201 1482 ministri

547 1503 703 1547 generalis
728 1503 852 1536 Ordinis
883 1503 1014 1536 fratrum
1044 1503 1201 1536 Minorum

549 1556 646 1589 saneti
668 1556 825 1589 Francisei
843 1555 881 1589 de
898 1555 1103 1589 Observantia
1120 1556 1202 1589 circa

550 1609 644 1643 dubia
669 1609 771 1654 quoad
790 1619 957 1642 numerum
980 1610 1134 1642 vocalium
1155 1610 1203 1643 de-

548 1663 676 1697 linitorii
692 1663 872 1707 provinciae
890 1662 1109 1705 Lugdunensis
1125 1663 1202 1697 Con-

549 1716 745 1759 greg-ationis
765 1715 941 1748 Gallicanae
958 1715 1090 1748 fratrum
1107 1716 1200 1749 Tertii

548 1770 672 1803 Ordinis
701 1770 799 1802 saneti
832 1769 991 1803 Francisci
1025 1769 1063 1802 de
1096 1770 1202 1803 Poeni-

548 1822 661 1864 tentia,
687 1833 758 1855 cum
785 1821 1031 1865 reintegratione
1061 1822 1200 1855 eiusdem

549 1876 719 1911 delinitorii
751 1876 788 1909 ad
814 1886 981 1909 numerum
1007 1880 1125 1920 septem
1151 1888 1202 1910 vo-

548 1930 660 1964 calium
698 1929 828 1973 aliisque
858 1929 1111 1962 ordinationibus
1143 1941 1201 1973 pro

548 1983 691 2017 facienda
720 1983 944 2027 subrogatione
974 1983 1108 2016 aliorum
1130 1984 1202 2017 reli-

549 2037 710 2081 giosorum
732 2037 762 2069 in
788 2041 899 2070 eventu
920 2047 983 2080 quo
1001 2036 1126 2070 deficiat
1148 2038 1203 2070 ali-

549 2090 619 2134 quis
658 2102 695 2123 ex
734 2095 853 2134 septem
892 2089 1053 2123 vocalibus
1094 2091 1202 2124 huius-

549 2143 652 2183 modi,
679 2143 752 2177 504.

460 2196 585 2231 XCVIII.
612 2196 660 2229 Lis
685 2196 797 2237 omnis,
819 2195 899 2229 inter
924 2196 1056 2230 clericos
1081 2197 1205 2240 regula-

550 2261 600 2283 res
625 2249 788 2283 Societatis
813 2250 883 2282 Iesu
908 2255 938 2283 et
963 2261 1119 2294 pauperes
1147 2252 1205 2284 Ma-

553 2303 608 2336 tris
633 2302 686 2336 Dei
711 2313 728 2335 a
752 2302 874 2336 Scholis
899 2303 960 2336 Piis
985 2303 1205 2338 denominatos

550 2356 588 2389 de
614 2355 814 2399 gravioribus
851 2355 991 2389 scientiis
1028 2356 1134 2389 Vilnae
1167 2357 1205 2389 ab

551 2410 691 2453 utrisque
722 2408 848 2453 publice
884 2408 1042 2442 tradendis
1072 2410 1204 2453 oborta,

552 2462 589 2494 ad
615 2462 726 2495 Sedem
760 2462 972 2506 Apostolicam
1004 2468 1151 2496 avocatur
1176 2470 1205 2496 et

553 2515 756 2557 extinguitur,
774 2526 809 2547 ac
833 2515 892 2547 alia
913 2515 971 2548 hac
996 2515 1035 2548 de
1050 2525 1085 2549 re
1104 2526 1121 2548 a
1138 2526 1204 2549 san-

553 2567 692 2600 ctissimo
717 2567 846 2601 domino
878 2573 987 2601 nostro
1019 2568 1101 2601 edita
1125 2579 1202 2602 con-

552 2621 671 2654 stitutio
696 2622 912 2664 confirmatur,
938 2621 1011 2656 506.

464 2672 564 2708 XCIX.
589 2674 714 2708 Fratres
739 2675 1000 2718 Congregationis
1029 2675 1067 2708 de
1091 2675 1206 2710 Carbo-

1049 278 1229 304 BULLARIUM
1254 279 1404 305 noMANUM

1339 334 1417 365 nara
1453 333 1577 367 Ordinis
1614 335 1746 367 fratrum
1787 337 1990 369 cremitarum

1339 385 1436 418 sancti
1451 386 1617 428 Augustini
1636 392 1706 430 post
1723 387 1899 421 studiorum
1920 400 1992 422 cur-

1338 449 1406 472 sum
1432 440 1635 484 completum,
1653 446 1684 474 et
1705 441 1881 484 theologiae
1900 443 1993 476 lectu·

1337 503 1403 525 ram
1430 493 1648 537 quinquennio
1673 500 1851 538 peractam,
1876 495 1995 529 habiles

1337 545 1537 579 declarantur
1564 547 1602 580 ad
1627 547 1729 580 officia
1763 548 1937 581 assistentis
1962 554 1993 582 et

1338 600 1554 642 procuratoris
1578 600 1785 642 generalium,
1811 601 1887 634 514.

1250 650 1281 685 C.
1309 651 1521 685 Confirmatur
1540 652 1701 686 decretum
1721 664 1828 687 sacrae
1853 654 1994 698 Congre-

1340 704 1476 746 gationis
1511 705 1548 738 de
1574 706 1779 749 Propaganda
1804 706 1878 739 Fide
1896 734 1904 747 ,
1931 718 1995 751 quo

1340 763 1516 790 conventus
1540 758 1572 791 in
1597 759 1761 802 provincia
1787 759 1817 793 S.
1837 760 1995 794 Francisci

1340 809 1378 843 de
1402 811 1541 844 l‘acheca
1573 811 1604 844 in
1629 812 1747 845 Mexico
1777 812 1903 846 Ordinis
1926 813 1996 846 fra-

1343 868 1426 896 trum
1451 864 1607 897 Minorum
1625 864 1766 898 eiusdem
1785 866 1883 899 sancti
1900 866 1996 900 Fran-

1341 916 1416 950 cisci
1441 917 1705 951 Discalceatorum
1737 918 1906 962 deputatur
1936 931 1995 963 pro

1341 969 1511 1004 seminario
1548 971 1734 1004 missionum
1771 972 1802 1005 in
1836 973 1996 1007 montibus

1341 1021 1380 1055 de
1404 1022 1565 1067 Cimapan,
1591 1023 1664 1057 5115.

1253 1074 1298 1109 CI.
1324 1075 1501 1117 Decretum,
1518 1082 1551 1109 ut
1567 1076 1714 1122 deinceps
1739 1083 1928 1122 procurator
1947 1090 1996 1123 ge-

1341 1129 1458 1163 neralis
1480 1140 1539 1174 pro
1571 1135 1714 1175 tempore
1737 1131 1996 1175 Congregationis

1343 1182 1456 1216 Montis
1481 1183 1590 1217 Oliveti
1612 1184 1739 1217 insimul
1757 1184 1852 1218 abbas
1875 1186 1915 1220 sit
1934 1197 1997 1220 mo-

1342 1237 1470 1271 nasterii
1483 1238 1510 1271 S.
1526 1238 1639 1271 Mariae
1648 1239 1754 1272 Novae
1767 1239 1805 1272 de
1815 1238 1907 1280 Urbe,
1921 1239 1995 1273 517.

1255 1290 1311 1324 Cll.
1328 1290 1458 1324 Vicat-iis
1472 1291 1754 1334 congregationum
1769 1292 1894 1326 Ordinis
1908 1293 1998 1327 Prae-

1252 1558 1326 1592 Clll.

1254 2089 1323 2123 CIV.

1256 2570 1312 2604 CV.

1343 1343 1529 1384 dicatorum,
1551 1355 1587 1377 ac
1603 1344 1725 1378 duobus
1749 1344 1817 1377 aliis
1838 1345 1996 1386 fratribus,

1343 1408 1458 1442 nempe
1493 1397 1652 1432 definitori
1688 1404 1718 1431 et
1741 1399 1827 1432 socio
1856 1409 1910 1432 seu
1935 1400 1997 1433 ele-

1343 1451 1421 1484 ctori
1446 1452 1655 1494 nuncupatis,
1679 1452 1711 1484 in
1734 1452 1878 1496 capitulis
1903 1463 1996 1495 gene-

1341 1504 1460 1538 ralibus
1484 1504 1669 1549 suffragium
1696 1505 1892 1547 conceditur,
1917 1505 1993 1539 518.

1355 1558 1567 1592 Confirmatur
1591 1559 1752 1592 decretum
1774 1559 1996 1603 Congregatio-

1341 1611 1389 1644 nis
1413 1611 1637 1656 episcoporum
1664 1617 1694 1645 et
1718 1612 1924 1656 regularium,
1954 1623 1994 1647 ne

1340 1665 1547 1698 commissarii
1563 1666 1737 1709 generales,
1750 1677 1808 1699 nec
1821 1666 1913 1699 etiam
1929 1666 1997 1711 ipse

1341 1716 1486 1750 minister
1509 1716 1666 1759 generalis
1702 1717 1827 1751 Ordinis
1862 1718 1996 1751 fratrum

1340 1770 1495 1802 Minorum
1521 1769 1620 1802 sancti
1645 1769 1803 1802 Francisci
1828 1770 1866 1803 de
1887 1770 1997 1804 Obser-

1341 1822 1446 1855 vantia
1462 1822 1740 1863 Discalceatorum,
1759 1823 1896 1866 aliquem
1921 1823 1996 1856 reli-

1339 1875 1464 1918 giosum
1499 1885 1535 1908 ex
1573 1875 1738 1919 provincia
1766 1876 1795 1910 S.
1826 1875 1934 1909 Didaci
1964 1876 1997 1910 in

1340 1928 1458 1961 Mexieo
1494 1928 1659 1961 extrahere
1696 1929 1841 1972 possint,
1866 1929 1926 1962 nisi
1958 1929 1997 1963 de

1340 1992 1495 2015 consensu
1515 1981 1643 2025 capituli
1661 1982 1863 2026 provincialis
1880 1983 1928 2016 vel
1945 1982 1998 2016 de·

1341 2035 1483 2075 finitorii,
1509 2035 1582 2068 522).

1351 2088 1547 2131 Indulgentia
1582 2089 1724 2132 plenaria
1759 2094 1914 2133 perpetua
1938 2099 1996 2134 pro

1342 2141 1489 2175 omnibus
1521 2147 1550 2175 et
1574 2142 1706 2185 singulis
1737 2142 1997 2177 christifidelibus

1343 2205 1416 2228 vere
1453 2195 1688 2239 poenitentibus
1724 2200 1754 2229 et
1789 2196 1938 2230 confessis
1961 2207 1998 2230 ae

1343 2250 1432 2282 sacra
1458 2249 1683 2283 communione
1708 2249 1840 2292 resectis,
1864 2249 1918 2293 qui
1942 2249 1998 2283 ali-

1344 2313 1437 2346 quam
1470 2313 1506 2336 ex
1530 2303 1671 2336 eeclesiis
1708 2303 1831 2337 Ordinis
1865 2303 1997 2338 fratrum

1345 2356 1499 2390 Minorum
1526 2356 1623 2389 sancti
1658 2356 1818 2390 Francisei
1849 2356 1998 2391 Conven-

1343 2410 1474 2443 tualium
1499 2410 1530 2443 in
1567 2411 1596 2444 S.
1620 2411 1727 2444 Didaei
1753 2411 1943 2445 confessoris
1967 2415 1998 2444 et

1344 2464 1372 2497 S.
1398 2463 1506 2498 Clarae
1530 2463 1667 2507 Virginis
1696 2464 1876 2498 Assisiensis
1911 2465 1998 2498 festis

1345 2516 1454 2549 diebus
1479 2515 1693 2557 visitaverint,
1718 2516 1792 2550 523.

1338 2570 1548 2605 Confirmatur
1578 2569 1738 2603 decretum
1764 2580 1860 2614 super
1884 2569 1999 2604 habili-

1347 2624 1463 2658 tatione
1488 2623 1583 2656 trium
1608 2623 1824 2667 regentiarum
1849 2623 1993 2666 collegii,

1345 2681 1375 2710 et
1398 2676 1631 2721 dispensatione
1655 2686 1750 2721 super
1766 2676 1888 2710 duobus
1906 2675 1997 2709 annis
