2182 3137
229 261 275 286 Αη.
292 259 320 286 c.
344 259 411 287 1733
457 249 521 284 530

254 745 375 767 Exordium.

246 1542 340 1562 Litterae
357 1542 409 1564 Gre-

225 1570 277 1594 giuti
294 1569 338 1590 XV.

747 308 832 343 CVIl.

422 380 644 422 Confirmatur
668 385 696 413 et
721 380 909 413 extenditur
934 381 1034 413 Breve
1049 380 1163 424 Greyo-

464 433 510 465 rii
534 433 597 466 XV
618 443 715 476 super
739 433 968 466 iurisdictione
992 434 1163 476 reqiminis

464 486 679 519 Bononiensis
703 497 800 530 super
819 487 1090 519 universitatibus
1115 498 1162 520 ar-

467 539 549 572 tium
575 539 718 573 eiusdem
743 540 896 573 civitatis.

633 620 765 647 clemens
786 620 864 654 Papa
883 620 947 653 xit,

534 667 570 692 ad
592 667 774 699 perpetuam
796 666 843 692 rei
864 664 1051 692 memoriam.

465 735 613 777 Paterna,
639 746 737 778 quam
764 735 803 769 de
827 735 948 769 nostris
973 741 1004 769 et
1028 736 1059 768 S.
1076 736 1159 769 [LE.

421 789 518 822 etiam
544 789 651 832 quoad
686 789 880 833 temporalia
910 789 1050 822 subditis
1080 789 1164 832 geri-

420 853 503 883 mus,
526 853 603 876 cura
629 852 687 875 nos
712 847 807 884 urget
824 848 921 885 atque
948 842 1096 885 impellit,
1118 847 1160 882 ut,

420 906 532 929 eorum
557 896 688 929 utilitati
714 896 780 938 iugi
800 896 964 938 vigilantia
983 897 1159 935 studentes,

421 960 469 989 ea,
495 960 577 992 quae
602 960 619 982 a
645 949 799 982 Romanis
823 949 1034 983 Pontificibus
1068 960 1161 993 prae-

420 1002 652 1035 decessoribus
677 1003 796 1035 nostris
821 1013 881 1046 pro
907 1002 991 1035 felici
1017 1013 1158 1046 prospe-

419 1065 524 1097 roque
550 1054 669 1087 artium
694 1055 799 1087 Status
821 1055 922 1087 nostri
944 1055 1160 1088 Ecclesiastici

420 1107 601 1140 directione
626 1107 761 1150 provide
786 1107 964 1140 constituta
988 1113 1084 1151 atque
1110 1118 1162 1141 or-

420 1160 528 1193 dinata
553 1171 626 1194 esse
653 1166 852 1202 noscuntur,
875 1172 939 1204 quo
965 1161 1054 1194 firma
1079 1172 1161 1194 sem-

418 1224 479 1257 per
497 1219 528 1247 et
553 1215 754 1248 inviolabilia
779 1215 970 1258 persistant,
990 1214 1159 1258 apostolici

418 1267 608 1300 muniminis
628 1267 727 1300 nostri
749 1267 915 1311 praesidio
935 1267 1074 1301 libenter
1091 1279 1160 1302 con-

418 1319 640 1361 stabiliamus,
675 1321 819 1364 aliasque
851 1320 1080 1354 sollicitudinis
1106 1332 1162 1355 no-

418 1377 505 1406 strae
532 1379 642 1417 partes
669 1374 810 1417 desuper
833 1373 1098 1418 interponamus,
1121 1376 1162 1408 si-

418 1426 481 1460 cuti
508 1426 685 1460 salubriter
711 1426 866 1471 expedire
892 1426 924 1460 in
949 1427 1086 1461 Domino
1112 1439 1162 1462 ar-

417 1479 588 1514 bitramur.

463 1534 534 1578 gl.
561 1534 685 1567 Dudum
721 1534 884 1578 siquidem
919 1541 1112 1569 emanarunt
1145 1547 1161 1569 a

419 1586 524 1620 felicis
562 1587 798 1621 recordationis
832 1587 990 1631 Gregorio
1024 1589 1082 1622 ΡΡ.
1111 1590 1161 1622 XV

420 1640 674 1683 praedecessore
700 1646 834 1682 nostro,
859 1641 943 1675 circa
968 1642 1159 1684 societates,

419 1693 485 1727 sive
512 1693 658 1737 collegia,
677 1698 709 1726 et
729 1694 955 1728 universitates
981 1695 1096 1728 artium
1115 1696 1160 1729 ci-

418 1747 523 1780 vitatis
548 1753 689 1789 nostrae,
716 1752 790 1781 tunc
816 1757 910 1788 suae,
930 1748 1158 1790 Bononiensis,

418 1801 545 1834 litterae
571 1801 602 1833 in
628 1800 723 1834 simili
750 1800 852 1834 forma
878 1801 1007 1842 Brevis,
1038 1803 1158 1836 tenoris

419 1854 471 1898 qui
499 1854 658 1897 sequitur,
687 1854 853 1887 videlicet:

467 1919 480 1938 ι(
500 1907 676 1950 Greqorius
700 1907 771 1940 ΡΡ.
794 1907 825 1940 Χ
838 1906 868 1948 V,
889 1907 931 1940 ad
947 1908 1096 1950 suturam
1114 1910 1161 1942 rei

416 1961 619 1992 memoriam.
646 1959 725 1994 Cum
750 1960 782 1993 in
809 1960 936 1994 civitate
961 1963 1073 1994 nostra
1100 1962 1159 1995 Bo—

415 2013 568 2047 noniensi
593 2014 633 2047 ad
659 2014 876 2047 vexilliferum
914 2014 1058 2049 iustitiae
1095 2019 1159 2050 una

416 2078 487 2100 eum
514 2072 626 2100 senatu
652 2072 778 2111 spectet
800 2073 831 2101 et
856 2068 1021 2112 pertineat
1041 2074 1159 2103 statuta

415 2131 452 2153 ac
476 2121 679 2164 provisiones
716 2126 748 2154 et
772 2121 996 2154 ordinationes
1022 2123 1159 2156 societa-

415 2180 480 2207 tum
507 2174 573 2207 sive
598 2173 812 2216 collegiorum
837 2175 1086 2209 universitatum
1108 2187 1158 2209 ar-

416 2227 495 2260 tium
522 2227 658 2261 civitatis
685 2227 851 2261 Bononiae
877 2228 1071 2270 admittere,
1107 2240 1158 2262 re-

415 2282 554 2314 formare
573 2287 604 2314 et
620 2281 795 2322 corrigere,
813 2291 884 2314 cum
904 2281 1157 2325 participatione

416 2345 474 2376 pro
502 2339 648 2378 tempore
674 2334 841 2367 existentis
866 2334 899 2367 in
921 2335 1007 2367 dieta
1028 2335 1157 2370 civitate

414 2387 505 2421 Sedis
530 2387 741 2431 Apostolicae
768 2387 806 2420 dc
832 2389 933 2421 latere
964 2388 1061 2430 legati
1099 2400 1156 2423 seu

415 2441 484 2473 eius
519 2440 689 2483 vicelegati
726 2441 777 2473 vel
815 2441 1062 2483 gubernatoris,
1097 2453 1155 2486 pro

413 2493 499 2527 bono
525 2494 612 2537 pacis
637 2499 668 2526 et
693 2493 812 2537 quietis
839 2494 1009 2527 hominum
1028 2496 1157 2538 praedi-

415 2552 537 2579 ctarum
563 2547 768 2587 societatum,
796 2552 828 2580 et
852 2552 951 2591 prout
972 2553 1155 2592 temporum

415 2604 446 2632 et
466 2610 680 2642 personarum
699 2600 838 2643 qualitas
856 2605 887 2633 et
903 2605 1018 2633 natura
1037 2601 1154 2644 exiget,

414 2657 502 2686 motu
538 2652 671 2698 proprio
709 2658 741 2686 et
775 2662 811 2687 ex
848 2654 934 2687 certa
960 2653 1096 2688 scientia
1121 2665 1156 2688 ac

1008 258 1191 285 BULLARIUM
1218 258 1375 285 ROMANUM

1207 309 1333 342 matura
1358 307 1596 344 deliberatione
1621 309 1762 350 nostris,
1796 306 1945 343 eumdem

1208 361 1434 401 vexilliferum,
1460 367 1571 406 utpote
1599 362 1638 396 de
1663 362 1813 396 omnibus
1831 361 1945 404 guber-

1207 415 1294 447 nium
1321 420 1352 448 et
1376 415 1691 449 administrationem
1724 415 1866 459 ipsarum
1897 425 1946 448 so·

1206 468 1356 501 cictatum
1383 469 1658 502 concernentibus
1676 470 1774 512 plene
1792 468 1946 501 informa-

1207 526 1281 561 tum,
1309 526 1340 554 et
1366 527 1527 565 tamquam
1554 532 1666 555 eorum
1692 521 1830 555 iudicem
1860 520 1947 555 ordi-

1207 574 1342 615 narium,
1370 575 1457 607 iuxta
1482 574 1612 608 solitum
1638 585 1751 608 omnes
1788 579 1820 607 et
1851 584 1947 618 quas-

1206 637 1345 670 cumque
1371 638 1493 667 causas,
1519 628 1594 661 lites
1620 633 1652 661 et
1677 626 1877 660 differentias
1911 637 1947 660 ac

1207 682 1357 723 querelas
1373 681 1461 714 inter
1477 681 1665 714 societatum
1680 686 1710 714 et
1725 680 1841 713 artium
1854 690 1948 724 prae-

1208 734 1383 770 dictarum,
1408 734 1579 774 homines,
1611 739 1666 768 aut
1704 734 1859 767 officiales
1897 734 1947 768 vel

1206 787 1362 828 subditos,
1380 793 1435 820 aut
1453 787 1548 820 etiam
1567 788 1653 821 inter
1670 787 1757 831 ipsas
1775 786 1946 821 societates

1207 846 1237 873 et
1262 845 1357 881 artes,
1385 841 1655 885 quandocumque
1682 847 1714 874 ct
1737 851 1775 875 ex
1794 851 1948 885 quacum-

1207 904 1269 936 que
1296 895 1391 926 causa
1417 895 1605 927 earumdem
1630 894 1822 928 societatum
1857 904 1949 927 occa-

1207 946 1301 979 sione
1328 947 1520 988 nascituras,
1546 957 1605 991 pro
1631 947 1841 981 sublevandis
1869 947 1949 991 ipsis

1206 1000 1417 1033 societatibus
1438 1006 1470 1033 et
1496 1011 1610 1034 eorum
1636 1001 1822 1035 hominibus
1842 1012 1859 1034 a
1879 1012 1949 1034 mo-

1207 1053 1308 1086 lestiis
1335 1064 1370 1086 ac
1397 1053 1576 1097 dispendiis
1601 1054 1852 1095 sententiarum,
1873 1065 1949 1098 pro·

1206 1110 1388 1140 curatorum
1416 1112 1447 1139 et
1462 1106 1694 1150 scripturarum
1714 1106 1876 1151 expensis,
1893 1118 1948 1141 co-

1207 1170 1375 1201 gnoscere,
1402 1159 1570 1199 decidere,
1596 1169 1631 1192 ac
1655 1159 1850 1201 summarie,
1874 1160 1949 1194 sim-

1207 1213 1346 1256 pliciter,
1372 1224 1408 1246 ac
1434 1214 1503 1246 sola
1529 1213 1601 1246 facti
1635 1214 1770 1247 veritate
1801 1213 1949 1258 inspecta

1208 1266 1400 1306 terminare,
1428 1266 1576 1310 aliosque
1602 1266 1784 1300 iudicantes
1810 1266 1843 1300 in
1875 1267 1950 1300 civi-

1207 1324 1272 1352 tate
1292 1319 1466 1360 Bononiae,
1494 1330 1697 1363 quacumque
1723 1321 1950 1364 praefulgeant

1207 1373 1364 1415 dignitate
1391 1384 1425 1406 ac
1451 1373 1603 1407 facultate
1629 1374 1794 1407 ordinaria
1818 1375 1868 1408 vel
1894 1374 1950 1408 de·

1204 1427 1312 1469 legata
1328 1453 1335 1466 ,
1360 1427 1452 1460 nullo
1479 1427 1576 1460 modo
1614 1431 1645 1460 et
1670 1432 1840 1471 praetextu
1865 1437 1946 1461 con-

1206 1479 1417 1512 traventionis
1432 1484 1628 1513 statutorum
1647 1481 1695 1513 vel
1711 1480 1947 1524 provisionum,

1204 1534 1253 1566 vel
1280 1533 1497 1576 exemptionis
1514 1543 1694 1577 poenarum
1708 1540 1884 1578 propterea
1902 1534 1947 1568 in·

1205 1597 1382 1627 cursarum,
1408 1586 1439 1619 in
1466 1587 1571 1620 causis
1596 1587 1769 1631 praedictis
1795 1599 1829 1622 se
1847 1588 1949 1623 intro-

1205 1639 1334 1673 mittere
1361 1651 1468 1684 posse,
1490 1646 1521 1673 et
1540 1641 1698 1685 quidquid
1717 1652 1775 1686 per
1796 1642 1948 1677 eumdem

1205 1693 1431 1734 vexilliferum,
1446 1704 1516 1727 cum
1532 1695 1723 1729 auctoritate
1739 1695 1948 1739 superiorum

1205 1747 1446 1790 praedictorum
1473 1758 1532 1790 pro
1560 1752 1707 1792 tempore
1724 1775 1731 1789 ‚
1764 1749 1945 1791 decretum,

1204 1805 1356 1833 statutum
1383 1805 1415 1833 et
1440 1801 1625 1834 ordinatum
1663 1812 1699 1834 ac
1736 1802 1946 1837 reformatum

1204 1854 1303 1886 fuerit
1321 1854 1407 1887 circa
1421 1854 1605 1897 praedictas
1625 1855 1794 1889 societates
1815 1856 1944 1897 artium,

1204 1907 1269 1940 sive
1296 1907 1437 1951 aliquam
1464 1918 1586 1947 earum,
1611 1908 1756 1951 regimen
1784 1915 1814 1943 et
1831 1910 1948 1954 guber-

1203 1961 1292 1993 nium
1329 1960 1426 1993 etiam
1462 1961 1608 1995 uniendo
1645 1966 1677 1995 et
1711 1962 1947 2005 dissolvendo,

1205 2013 1440 2054 transferendo,
1466 2019 1519 2046 aut
1544 2014 1658 2058 quovis
1676 2014 1738 2049 alio
1760 2016 1857 2050 modo
1883 2016 1947 2050 dis-

1204 2068 1375 2111 ponendo,
1394 2073 1554 2111 perpetuo
1572 2069 1678 2102 valere
1697 2075 1728 2103 et
1745 2069 1945 2105 validitatem

1204 2120 1374 2160 obtinere,
1401 2131 1461 2154 nec
1486 2121 1518 2154 id
1544 2121 1652 2165 aliquo
1679 2123 1776 2156 modo
1811 2123 1946 2167 infringi

1203 2184 1298 2216 posse
1323 2173 1418 2206 etiam
1444 2184 1503 2217 per
1529 2174 1611 2208 viam
1638 2176 1869 2219 appellationis
1888 2187 1945 2211 seu

1203 2227 1334 2260 alterius
1359 2227 1499 2260 cuiusvis
1524 2228 1766 2262 reclamationis
1785 2234 1817 2262 et
1834 2240 1946 2263 recur-

1202 2290 1267 2320 sus,
1293 2280 1443 2324 quodque
1468 2291 1532 2314 non
1554 2282 1656 2325 possit
1675 2282 1771 2315 etiam
1791 2282 1944 2327 impediri

1201 2333 1260 2366 sub
1286 2334 1402 2377 quovis
1428 2339 1598 2377 praetextu
1625 2335 1862 2378 appellationis,
1885 2347 1943 2370 seu

1202 2386 1333 2419 alterius
1358 2386 1498 2419 cuiusvis
1524 2386 1773 2421 reclamationis*
1790 2394 1822 2422 et
1839 2399 1945 2423 recur-

1201 2450 1264 2479 sus,
1291 2445 1344 2472 aut
1369 2440 1513 2473 melioris
1538 2441 1718 2482 revisionis,
1739 2441 1850 2485 vigore
1870 2454 1945 2487 qua-

1201 2503 1413 2537 rumcumque
1439 2494 1682 2535 inliibitionum,
1701 2506 1717 2528 a
1736 2506 1941 2541 quocumque

1203 2546 1370 2587 tribunali,
1397 2546 1493 2579 etiam
1519 2547 1625 2588 Urbis,
1646 2553 1876 2590 emanatarum,
1901 2550 1941 2583 ad

1200 2600 1230 2633 id
1258 2600 1345 2644 quod
1370 2600 1416 2633 sic
1442 2600 1537 2634 fuerit
1562 2600 1746 2635 ordinatum
1768 2607 1800 2635 et
1827 2602 1942 2636 decre·

1200 2660 1287 2696 tum;
1314 2654 1370 2688 sed
1396 2654 1503 2689 statim
1534 2655 1717 2690 executioni
1750 2655 1940 2692 demandari

1953 259 2003 286 An.
2023 257 2053 287 C.
2071 258 2137 289 1⁷33
