2182 3137
71 245 120 272 An.
136 243 164 271 C.
189 243 255 271 ¹733

83 1087 121 1111 Qui
132 1088 252 1112 suffra-„rium

68 1115 88 1134 in
118 1121 143 1134 oo
172 1115 251 1136 nabere

68 1141 168 1162 debeanh

891 241 1034 266 CLEMENS
1059 243 1103 266 ΧΠ
1127 244 1176 267 ΡΡ.

265 297 340 330 ctuS,
375 292 502 322 vicarius
525 291 672 330 generalis
705 290 946 329 cognominetur3
981 295 1008 320 et

264 341 340 380 quod
364 341 404 378 si,
430 345 606 379 congregato
630 340 685 369 iam
710 340 854 379 capitulo,
878 339 939 378 ipse
962 349 1008 368 ae-

264 390 442 428 grotaverit,
467 389 513 419 vet
536 393 655 429 propter
677 389 762 418 aliam
798 398 915 417 causam
950 398 1006 418 non

264 439 422 468 accesserit
445 439 478 468 ad
503 438 675 477 capitulum,
700 442 767 468 tunc
787 437 1008 467 commissarius

264 488 410 526 generalis
433 488 554 517 alterius
576 487 703 517 familiae
736 487 792 516 erit
823 496 941 525 praeses
963 496 1009 516 ca-

264 537 369 576 pituli,
393 537 516 575 eiusque
545 536 740 575 praesidentia
771 534 888 564 durabit
915 544 1008 573 usque

264 586 299 615 ad
323 586 411 614 tinem
434 585 502 614 dicti
526 585 659 623 capituli,
684 584 740 614 nisi
759 593 898 623 praesens
921 583 1008 612 fuerit

264 635 378 664 noviter
410 634 519 663 electus
556 633 584 662 in
619 633 785 662 ministrum
819 632 1006 670 generalem,

265 684 334 723 quia
358 688 426 714 tunc
450 683 677 723 praesidentiam
712 682 820 712 habere
843 681 945 718 dehet,
981 685 1008 710 et

265 733 359 772 quod,
384 732 408 762 si
432 732 517 762 etiam
541 732 712 770 contingat,
736 735 914 769 congregato
931 731 1009 770 capi-

267 781 348 819 tulo,
374 781 542 811 ministrum
576 780 742 819 generalem
777 785 805 810 et
838 780 1009 809 commissa-

264 831 341 861 rium
364 830 528 868 generalem
552 830 672 859 alterins
698 829 827 858 familiae
849 829 936 858 simul
960 829 1009 858 de-

265 879 372 916 ficere,
398 883 467 909 tunc
500 887 618 918 praeses
654 878 776 917 capituli
809 878 936 916 eligatur
972 877 1007 907 ab

264 927 401 958 omnibus
424 927 575 957 vocalibus
598 927 697 963 simul,
716 931 743 957 et
761 936 853 966 usque
873 927 903 956 in
921 927 1007 956 tinem

264 976 384 1016 capituli
408 976 636 1016 praesidentiam
665 976 787 1010 haheat,
813 975 869 1005 nisi
894 975 1009 1005 noviter

263 1025 374 1055 electus
386 1026 414 1055 in
429 1025 596 1055 ministrum
616 1025 786 1064 generalem
801 1026 838 1054 sit
855 1034 1005 1064 praesens.

304 1083 361 1104 x1v.
385 1074 465 1110 Quod
489 1074 519 1104 in
542 1074 670 1114 capitulo
687 1074 817 1112 generali
834 1074 1005 1111 suffragium

263 1128 375 1154 tantum
399 1123 525 1153 habeant
543 1127 718 1163 sequentes:
744 1132 861 1162 praeses
877 1123 1006 1162 capituli,

263 1174 324 1203 sive
357 1174 394 1203 sit
426 1173 560 1203 minister
595 1173 762 1212 generalis,
788 1173 848 1202 sire
880 1172 1008 1201 vicarius

262 1222 428 1261 generalis,
452 1222 513 1252 sive
542 1222 762 1251 commissarius
784 1221 904 1251 alterius
927 1221 1008 1250 sami-

263 1272 341 1310 liae,
365 1271 427 1301 sive
459 1280 578 1310 praeses
610 1271 723 1300 electus
751 1280 765 1300 a
789 1270 935 1310 capitulo3
959 1270 1008 1300 de-

261 1321 330 1350 inde
352 1320 575 1350 commissarius
597 1320 758 1358 generalis,
784 1320 827 1349 vel
852 1320 1008 1349 rice-com-

262 1370 416 1400 missarius
438 1370 567 1399 familiae
597 1378 634 1398 ex
664 1379 719 1408 qua
753 1378 847 1399 novus
871 1369 1007 1398 minister

263 1418 409 1457 generalis
431 1418 624 1448 assumendus
654 1422 716 1455 est,
740 1417 809 1447 item
837 1417 1006 1447 definitores

263 1467 416 1506 generales
439 1466 555 1497 Ordinis
585 1470 613 1496 et
636 1470 734 1506 postea
767 1466 938 1496 definitores
959 1475 1006 1504 ge-

263 1516 380 1546 nerales
403 1515 550 1552 familiae3
575 1524 676 1544 omnes
693 1514 820 1544 ministri
843 1514 886 1544 vel
905 1514 1005 1544 vicarii

264 1564 471 1604 provinciales,
494 1563 602 1602 singuli
625 1563 695 1593 socii
720 1563 806 1602 primi
830 1572 882 1602 pro
905 1563 1004 1601 singu-

263 1615 299 1644 lis
322 1613 482 1653 provinciis
503 1613 640 1650 Ordinis;
666 1616 837 1652 procurator
859 1612 1005 1651 generalis

263 1663 402 1700 Ordinis,
426 1662 501 1692 itaut
523 1662 638 1702 quoties
661 1662 691 1701 in
714 1661 855 1701 Hispania
876 1660 1007 1691 celebre-

263 1717 311 1742 tur
333 1712 493 1751 capitulum
517 1712 672 1750 generale,
698 1711 869 1749 suffragium
900 1710 1005 1740 habeat

264 1765 439 1800 procurator
460 1760 606 1799 generalis
630 1760 806 1799 Hispaniae,
831 1764 859 1789 et
891 1759 1005 1799 quoties

264 1810 428 1840 celebretur
450 1810 612 1849 capitulum
635 1814 718 1839 extra
743 1809 923 1848 Hispaniam,
947 1808 1006 1838 sus-

263 1859 388 1897 sragium
413 1858 517 1888 habeat
539 1863 713 1898 procurator
735 1858 880 1896 generalis
903 1857 1006 1887 Curiae

263 1911 432 1945 Romanae3
456 1912 544 1947 atque
573 1908 662 1938 etiam
691 1907 863 1945 suffragium
887 1906 1006 1936 habebit

265 1958 443 1988 secretarius
466 1957 612 1996 generalis
645 1957 773 1986 ministri
796 1956 940 1995 generalis
956 1956 1006 1996 qui

265 2008 374 2047 spirat3
397 2011 426 2037 et
449 2011 600 2046 praeterea
623 2006 795 2045 suffragium
826 2005 934 2035 habere
958 2015 1006 2044 po-

266 2057 333 2088 terit
355 2056 405 2096 qui
439 2055 596 2096 aliquando
628 2056 718 2085 suerit
750 2055 886 2094 superior
919 2064 1007 2093 gene-

265 2107 335 2137 ralis
357 2105 475 2135 Ordinis
490 2128 497 2141 ,
522 2105 566 2134 vel
597 2104 747 2141 familiae,
772 2103 906 2133 minister
929 2103 1007 2133 scili-

265 2159 332 2192 cet,
357 2154 505 2191 vicarius,
529 2153 749 2183 commissarius
772 2152 816 2182 vel
850 2152 1006 2181 rice-com-

266 2205 436 2235 missarius:
454 2208 482 2234 et
505 2204 592 2243 quod,
618 2202 672 2233 sub
698 2204 793 2242 poena
815 2201 1005 2242 privationis¹

265 2255 300 2285 ad
323 2253 464 2284 ulteriora
488 2253 607 2283 Ordinis
630 2252 743 2287 officia,
769 2251 867 2281 nullus
882 2274 889 2288 ,
913 2259 949 2280 ne
972 2251 1007 2280 ad

265 2303 425 2343 capitulum
449 2302 545 2338 adeat,
570 2301 626 2331 nisi
650 2304 770 2340 propter
793 2299 1005 2337 infirmitatem,

265 2353 400 2384 excusari
424 2352 525 2392 possit,
550 2351 608 2381 illis
629 2350 776 2389 exceptis,
794 2349 842 2389 qui
860 2353 943 2379 antea
960 2359 1008 2378 su-

266 2402 398 2443 periores
410 2400 561 2440 generales
577 2401 707 2437 suerunt,
719 2398 838 2438 quibus,
852 2398 1008 2427 dummodo

266 2455 332 2482 actu
354 2460 413 2481 non
436 2450 495 2480 sint
518 2449 647 2487 vocales,
681 2448 806 2478 liberum
841 2447 896 2477 erit
926 2447 1008 2477 adire

266 2500 312 2531 vel
333 2509 392 2529 ηοη
415 2498 496 2528 adire
518 2497 678 2537 capitulum
699 2501 820 2536 propter
838 2499 963 2526 aetatem
980 2500 1008 2525 et

266 2549 382 2580 labores
405 2552 489 2577 antea
512 2550 676 2586 susceptos.

304 2609 314 2634 1
332 2607 397 2641 Leg.
416 2605 596 2641 privationis
611 2604 774 2639 officiorum
790 2606 815 2631 el
835 2603 1008 2631 inhabilita-

267 2653 320 2687 tis,
341 2656 393 2679 etc.
413 2655 453 2686 (n.
469 2651 518 2684 T.).

333 2704 415 2738 Buta
435 2704 519 2733 Rom.
542 2718 575 2725 —
598 2702 658 2732 Vol.
680 2701 790 2732 XXIII.
952 2700 986 2728 70

1695 234 1760 268 553

1091 300 1136 320 xv.
1161 291 1242 326 Quod
1266 291 1360 330 primo
1383 292 1446 322 loco
1469 291 1568 322 sedeat
1606 293 1635 322 in
1670 294 1798 333 capitulo

1051 349 1186 379 praeses,
1210 344 1238 370 et
1260 340 1295 370 ad
1319 340 1382 370 eius
1404 341 1553 371 dexteram
1590 346 1650 372 teta
1684 339 1819 373 t'amiliae

1051 388 1144 427 ipsius
1178 388 1304 418 ministri
1339 390 1485 428 generalis
1519 390 1568 430 qui
1605 391 1714 430 spirat,
1748 401 1796 421 se-

1051 436 1145 466 cundo
1169 436 1232 466 loco
1254 441 1281 466 et
1311 437 1346 466 ad
1369 438 1518 468 sinistram
1543 439 1685 477 praesidis
1708 449 1795 479 supe-

1052 485 1112 514 rior
1133 486 1279 523 generalis
1295 486 1416 515 alterius
1439 487 1566 517 familiae
1583 497 1647 518 cuin
1666 491 1722 518 tota
1739 492 1794 519 sua

1052 534 1186 571 sainilia3
1211 535 1285 564 itaut
1318 536 1484 574 superiores
1519 538 1673 575 generales
1706 544 1813 578 caput·

1051 587 1138 621 agant
1169 583 1203 612 ad
1227 583 1337 613 latera:
1361 589 1390 614 et
1420 589 1484 623 post
1507 586 1686 624 quemlibet,
1718 588 1794 617 intra

1053 632 1198 671 propriam
1234 633 1374 662 familiam
1409 633 1494 671 eius,
1519 635 1608 664 ceteri
1631 641 1794 675 sequantur

1052 680 1107 710 hoc
1130 681 1252 710 ordine:
1277 681 1448 711 definitores
1470 684 1641 721 generales,
1666 685 1794 715 ministri

1051 734 1100 759 aut
1117 729 1220 759 vicarii
1236 729 1442 768 provinciales,
1467 732 1539 761 socii
1557 732 1644 771 primi
1664 737 1691 762 et
1707 734 1794 763 etiam

1052 778 1184 816 secundi,
1203 779 1319 817 quando
1342 779 1539 817 subrogantur
1563 790 1614 819 pro
1634 783 1725 812 vocali
1744 783 1796 812 ali-

1052 837 1125 867 quo,
1150 828 1286 867 quamvis
1308 828 1506 867 subrogentur
1529 840 1581 869 pro
1604 831 1654 860 illo
1676 832 1726 870 qui
1749 842 1796 862 su-

1052 877 1196 916 periorem
1219 877 1317 907 sedem
1341 877 1479 913 haberet;
1501 883 1650 918 praeterea
1673 881 1795 911 actualis

1052 930 1224 965 procurator
1246 927 1403 965 generalis,
1421 927 1470 967 qui
1487 927 1591 958 habeat
1609 928 1793 968 suffragium,

1051 974 1157 1004 deinde
1190 975 1368 1005 secretarius
1402 977 1567 1015 generalis,
1592 981 1620 1006 et
1643 977 1770 1017 denique
1786 1003 1793 1015 ‚

1051 1027 1116 1063 post
1138 1024 1254 1053 vocales
1288 1033 1357 1054 suae
1388 1024 1537 1063 familiae,
1562 1025 1611 1064 qui
1635 1025 1795 1065 aliquando

1051 1073 1145 1102 suerat
1167 1073 1301 1112 superior
1316 1074 1462 1111 generalis
1485 1084 1537 1113 pro
1559 1076 1613 1109 em
1631 1079 1670 1112 et,
1691 1075 1713 1104 si
1731 1075 1796 1114 plu-

1051 1131 1097 1151 res
1120 1122 1231 1152 suerint
1252 1122 1303 1161 qui
1322 1123 1481 1162 aliquando
1504 1132 1611 1153 munus
1633 1124 1795 1163 superioris

1049 1170 1194 1209 generalis
1217 1171 1383 1210 habuerint,
1406 1172 1455 1211 qui
1479 1172 1533 1202 suit
1556 1173 1690 1211 superior
1706 1183 1795 1211 gene-

1050 1219 1120 1248 ralis
1142 1219 1271 1257 Ordinis,
1297 1220 1451 1258 praecedat
1470 1229 1536 1249 eum
1560 1221 1609 1260 qui
1632 1222 1726 1251 suerat
1748 1231 1795 1252 su-

1050 1268 1150 1307 perior
1172 1268 1319 1306 generatis
1338 1269 1480 1305 samiiiae;
1505 1272 1544 1305 et,
1564 1269 1587 1298 si
1608 1270 1708 1299 eodem
1732 1280 1795 1300 inu-

1050 1326 1120 1347 nere
1143 1317 1242 1356 plures
1266 1318 1359 1347 functi
1382 1317 1492 1348 suerint
1516 1327 1566 1357 pro
1589 1319 1690 1348 eadem
1711 1319 1794 1349 sami-

1050 1366 1101 1403 lifi,
1125 1366 1276 1406 antiquior
1298 1367 1328 1396 in
1347 1367 1530 1406 professione
1554 1368 1726 1406 praecedat:
1744 1370 1794 1408 qui

1050 1414 1167 1454 quidem
1201 1415 1272 1445 ordo
1295 1415 1371 1445 intra
1396 1420 1425 1446 et
1448 1420 1529 1445 extra
1553 1417 1649 1446 aulam
1682 1417 1795 1457 capitu-

1049 1464 1139 1494 larem
1163 1464 1324 1494 servandus
1347 1464 1419 1501 erit,
1444 1465 1561 1505 quando
1584 1466 1646 1496 sive
1669 1466 1698 1496 in
1720 1467 1795 1496 refe-

1049 1514 1143 1544 ctorio
1166 1514 1226 1544 sive
1249 1514 1279 1544 in
1303 1514 1391 1544 choro
1421 1515 1455 1544 ad
1491 1515 1580 1545 latera
1604 1515 1723 1545 sedeant
1747 1526 1794 1546 ca-

1049 1563 1205 1602 pitulares:
1231 1562 1255 1592 si
1278 1567 1373 1592 autem
1397 1563 1467 1593 alibi
1490 1573 1548 1593 non
1579 1564 1613 1593 ad
1637 1564 1727 1593 latera
1750 1574 1794 1594 se-

1048 1611 1156 1650 deant,
1181 1616 1245 1651 post
1279 1612 1447 1642 ministrum
1480 1613 1647 1651 generalem
1678 1613 1794 1643 sedebit

1048 1660 1266 1690 commissarius
1288 1661 1435 1699 generalis
1459 1661 1604 1697 familiae,
1629 1666 1729 1700 postea
1747 1662 1794 1691 de-

1049 1710 1181 1739 finitores
1201 1709 1354 1747 generales
1377 1709 1507 1747 Ordinis,
1532 1710 1636 1739 deinde
1659 1710 1794 1740 definito-

1048 1767 1094 1788 res
1123 1758 1275 1796 generales
1302 1758 1450 1796 familiae,
1476 1763 1575 1798 postea
1604 1763 1701 1798 patres
1730 1769 1794 1798 pro-

1049 1808 1192 1838 vinciales
1231 1808 1313 1837 iuxta
1351 1808 1560 1844 antiquitatem
1597 1808 1767 1838 eorumdem
1784 1833 1791 1846 ,

1050 1861 1202 1896 praeterea
1225 1860 1399 1895 procurator
1417 1857 1577 1894 generalis,
1595 1861 1622 1887 et
1640 1861 1705 1897 post
1727 1867 1793 1887 eum

1049 1906 1226 1936 secretarius
1247 1906 1415 1944 generalis,
1439 1915 1471 1935 ae
1503 1905 1630 1945 denique
1653 1906 1702 1945 qui
1732 1906 1793 1936 sue-

1049 1959 1115 1985 rant
1137 1955 1307 1994 superiores
1329 1955 1501 1993 generales,
1526 1955 1611 1993 itaut,
1636 1955 1686 1994 qui
1709 1955 1795 1985 mini-

1049 2008 1108 2034 ster
1129 2004 1275 2042 generalis
1307 2004 1423 2041 suerat,
1447 2004 1601 2043 praecedat
1625 2008 1695 2034 tunc
1714 2006 1721 2021 ¹
1743 2004 1794 2043 qui

1049 2053 1143 2083 solum
1168 2053 1263 2082 suerat
1285 2052 1505 2082 commissarius
1527 2053 1694 2091 generalis3
1719 2056 1746 2081 et
1770 2052 1794 2082 si

1050 2101 1148 2140 plures
1165 2100 1274 2130 fuerint
1291 2100 1434 2139 magistri,
1450 2101 1600 2140 antiquior
1617 2101 1794 2140 praeceden-

1051 2150 1119 2180 tiam
1137 2149 1253 2186 habeat,
1271 2149 1484 2188 cuiuscumque
1503 2150 1632 2179 familiae
1655 2149 1758 2179 suerit.

1808 246 1855 271 An.
1874 247 1900 272 C.
1928 248 1993 274 ¹733

1846 307 1948 328 Locorum
1975 316 1993 329 ιη

1823 342 1833 353 υ
1850 339 1976 358 assmmno.

1091 2208 1148 2228 xvi.
1172 2198 1254 2234 Quod
1277 2199 1353 2228 seria,
1375 2198 1480 2238 quinta
1512 2203 1580 2229 ante
1615 2198 1793 2228 dominicam
1832 2213 1988 2234 maffissclffi

1051 2253 1184 2288 quartam
1209 2252 1274 2287 post
1298 2248 1499 2278 Pentecosten]
1524 2252 1741 2286 congregentur
1763 2258 1793 2277 o-

1805 2241 1893 2264 capttuli
1933 2242 1989 2261 eule-

1805 2266 1897 2286 heutoni
1932 2274 1987 2288 cuiu-

1051 2307 1133 2327 mnes
1156 2297 1333 2336 capitulares
1365 2297 1395 2326 in
1424 2297 1510 2326 domo
1533 2297 1703 2335 designata,
1727 2301 1794 2326 ante
1806 2293 1919 2314 m¹'¹⁰¹¹‘¹³³·

1051 2347 1218 2384 meridiem,
1243 2350 1274 2376 ut
1297 2346 1331 2375 ad
1356 2355 1509 2385 vesperum
1536 2355 1652 2385 praeses
1674 2347 1795 2386 capituli

1051 2400 1210 2434 congreget
1242 2404 1342 2425 omnes
1376 2395 1574 2434 capitulares,
1599 2400 1627 2426 et
1658 2395 1686 2425 id
1709 2396 1796 2425 saciat

1051 2445 1128 2485 quod
1161 2445 1243 2474 iuxta
1267 2448 1382 2474 nostras
1404 2444 1632 2474 constitutiones
1656 2444 1796 2484 praemit-

1052 2498 1113 2524 tere
1136 2493 1234 2524 dehet.

1091 2551 1161 2572 xvn.
1195 2541 1278 2577 Quod
1311 2541 1358 2572 die
1391 2541 1540 2581 sequenti,
1575 2541 1689 2572 scilicet
1722 2542 1795 2572 feria

1052 2593 1153 2629 sexta,
1178 2594 1397 2630 congregentur
1428 2591 1576 2630 familiae,
1601 2601 1794 2633 unaquaeque

1090 2647 1100 2674 1
1125 2645 1240 2674 Videtur
1259 2644 1407 2681 legendum
1426 2653 1492 2674 eum
1512 2653 1561 2681 pro
1582 2648 1647 2674 time
1666 2647 1706 2681 (R.
1721 2650 1771 2678 Μ.
