2182 3137
74 247 124 280 An.
138 251 169 278 C.
191 250 259 279 1732

877 254 1018 278 CLEMENS
1042 254 1060 277 X
1066 255 1088 278 11
1111 255 1161 279 PP-

270 310 347 340 care,
364 302 410 332 vel
433 311 532 332 casum
554 302 682 342 aliquem
698 302 727 332 in
751 302 934 332 consessione
956 301 1012 331 sibi
1055 302 1258 334 observatione
1280 306 1525 336 consuetudinum
1553 311 1736 346 receptarum
1765 311 1794 337 et

268 359 431 388 reservare,
454 351 619 381 inconsulto
641 351 744 381 abbate
766 351 905 389 generali.

308 408 336 428 v.
361 399 456 429 Semel
479 399 581 429 saltem
605 399 635 429 in
659 408 735 429 anno
768 399 865 429 visitet
897 409 1012 439 posses-

269 447 366 477 siones
382 453 411 478 et
427 447 500 477 bona
519 448 701 486 monasterii,
721 451 750 477 et
765 447 894 487 quolibet
910 446 1010 478 meuse

268 495 303 525 ab
327 506 486 526 oeconomo
517 496 661 526 rationem
693 496 805 535 accepti
836 501 864 526 et
886 497 1008 536 expensi

269 549 422 583 praesente
445 545 555 575 vicario
577 545 687 583 exigat,
704 549 736 574 ut
752 545 841 575 totius
863 549 1010 575 monaste-

267 593 304 622 rii
327 593 590 623 administrationis
610 593 684 623 ratio
700 593 755 632 ipsi
773 597 899 631 constet,
921 603 1008 633 quam

268 641 388 671 reddere
410 641 495 671 debet
517 651 692 681 unoquoque
716 651 807 678 anne,
831 642 921 671 semel
944 642 1009 681 qui-

267 690 331 720 dem
354 690 451 720 abbati
473 691 615 728 generali,
631 690 677 720 bis
699 694 796 720 autem
819 689 917 720 abbati
941 700 1009 730 pro-

268 739 394 769 vinciae.
418 739 455 769 Ut
477 749 545 769 vero
574 739 646 769 nihil
671 748 705 769 ex
727 739 812 769 bonis
834 740 1005 770 monasterii

266 787 415 827 depereat,
431 787 517 817 debet
539 787 614 817 infra
637 798 690 817 sex
706 797 822 818 menses
837 798 906 818 suae
923 798 1005 828 prae-

266 836 393 866 fecturae
416 836 560 866 conficere
582 836 778 866 inventarium
802 837 1004 867 authenticum

266 885 396 914 omnium
419 894 518 914 rerum
533 909 540 922 ,
564 894 637 924 quae
667 885 702 914 ad
726 885 799 914 illud
830 885 1003 916 coenobium

267 933 424 971 pertinent,
442 938 500 962 tam
517 933 668 963 mobilium
685 943 772 973 quam
788 934 1003 964 immobilium:

264 982 385 1021 eiusque
407 982 565 1012 inventarii
594 982 650 1012 (luo
681 982 887 1013 describantur
909 993 1005 1013 exem-

265 1031 331 1070 pla,
356 1041 481 1070 quorum
516 1032 642 1061 alterum
675 1037 791 1062 maneat
820 1033 849 1062 in
873 1033 1004 1062 archivio

264 1080 433 1110 monasterii
446 1080 499 1110 sub
511 1080 625 1110 duabus
640 1080 770 1110 clavibus
786 1081 814 1110 in
835 1091 891 1120 quo
917 1082 1003 1111 etiam

263 1133 445 1169 reponantur
473 1139 576 1159 omnes
598 1131 761 1169 scripturae
788 1131 823 1160 ad
845 1131 922 1160 idem
944 1141 1005 1161 mo-

263 1178 424 1208 nasterium
447 1183 623 1218 spectanteS,
641 1179 764 1208 alterum
789 1180 1004 1209 transmittatur

263 1227 298 1256 ad
321 1227 455 1258 abbatem
478 1228 646 1267 provinciae
669 1229 713 1258 vel
745 1229 778 1258 ad
802 1229 936 1259 abbatem
958 1239 1004 1267 ge-

262 1277 404 1306 neralem.
438 1277 535 1306 Dictae
567 1282 665 1307 autem
698 1277 794 1307 clares
823 1278 882 1307 sint
914 1279 1002 1308 altera

263 1333 353 1363 penes
374 1326 470 1364 ipsum
493 1325 627 1355 abbatem
650 1330 699 1355 aut
720 1326 782 1356 eius
805 1327 958 1365 vicarium,
976 1331 1004 1356 et

262 1374 352 1403 altera
376 1374 452 1413 apud
485 1384 687 1404 oeconomum.
710 1374 769 1405 Sub
792 1375 895 1404 iisdem
917 1375 1004 1405 clavi-

262 1421 316 1452 bus
346 1427 527 1461 reponantur
557 1423 687 1453 redditus
715 1425 906 1461 monasterii,
930 1425 1003 1454 itaut

263 1471 330 1500 inde
353 1481 388 1500 ne
412 1472 503 1510 possit
525 1472 637 1501 extrahi
667 1476 695 1501 et
725 1472 798 1501 nihil
822 1473 919 1510 magni
942 1482 1003 1502 mo-

263 1520 352 1549 menti
375 1521 500 1559 expendi
531 1521 594 1550 51110
627 1520 740 1551 abbatis
772 1531 822 1551 seu
850 1522 952 1552 vicarii
974 1526 1002 1552 et

262 1570 412 1599 oeconomi
435 1570 550 1600 notitia.

301 1627 338 1647 vr.
362 1619 482 1649 Praeter
496 1620 750 1658 congregationem
774 1621 998 1657 monachorum,

261 1676 334 1704 quae
357 1668 459 1698 saltem
489 1678 666 1708 unoquoque
690 1678 789 1698 11101150
812 1669 875 1698 fieri
897 1669 998 1705 debet,

259 1715 378 1745 alternis
401 1716 590 1747 hebdomadis
612 1728 676 1747 cum
701 1718 761 1747 suis
783 1717 999 1747 consultoribus

259 1765 414 1795 conveniat
437 1766 516 1804 (11151
540 1776 592 1805 pro
608 1776 638 1796 re
654 1769 721 1796 nata
738 1766 847 1806 aliquid
872 1771 1000 1796 extraor-

259 1812 372 1842 dinarie
394 1815 621 1844 consultandum
643 1815 754 1854 esset),
778 1816 871 1855 deque
898 1825 999 1846 occur-

259 1862 390 1892 rentibus
412 1864 540 1901 negotiis
562 1873 628 1893 cum
651 1864 708 1893 illis
736 1869 821 1902 agat,
847 1869 875 1894 et
897 1874 999 1903 quam-

258 1920 365 1949 quam,
389 1911 425 1941 iis
447 1912 572 1951 auditis,
598 1922 685 1951 penes
704 1912 799 1952 ipsum
823 1913 858 1942 sit
883 1913 916 1943 de
939 1913 998 1942 5111-

261 1961 336 1997 gulis
360 1961 506 1991 statuendi
529 1962 671 1999 facultas,
695 1963 878 1992 consultores
901 1968 996 1992 tamen

258 2008 383 2048 benigne
405 2009 515 2047 audiat,
539 2014 565 2040 ct
588 2011 745 2050 praecipue
768 2021 844 2049 eum,
867 2011 914 2041 eui
937 2021 998 2041 mo-

258 2058 361 2088 nitoris
383 2059 511 2089 officium
530 2060 719 2089 commissum
741 2064 796 2089 est.

299 2116 346 2137 vit.
371 2108 544 2148 Praecepta,
569 2109 660 2138 edicta
683 2114 711 2138 et
733 2109 844 2139 litteras
866 2110 997 2149 superio-

257 2165 321 2186 rum
345 2157 501 2196 diligenter
523 2159 601 2196 legat
629 2162 656 2188 et
681 2163 852 2198 exequatur.
875 2158 996 2189 Habeat-

255 2216 310 2246 que
334 2207 440 2237 librum
475 2207 503 2237 in
536 2218 593 2247 quo
622 2207 788 2238 scribantur
815 2208 995 2238 visitationes

255 2257 424 2286 monasterii
441 2256 476 2286 ab
493 2256 597 2286 abbate
613 2257 743 2295 generali
759 2261 808 2286 aut
826 2257 994 2296 provinciae

255 2306 346 2335 sactae
368 2310 396 2335 et
417 2305 618 2336 ordinationes
644 2306 760 2336 illorum
785 2306 910 2335 alicuius
933 2316 992 2336 mo-

255 2355 365 2384 menti:
390 2355 466 2393 tegat
488 2355 576 2384 etiam
598 2364 646 2384 eas
660 2379 668 2393 ,
692 2364 763 2394 quas
787 2355 994 2394 praedecessor

255 2412 324 2433 suus
347 2404 549 2440 adnotaverit3
572 2404 734 2443 distinguat
767 2409 862 2434 tamen
892 2413 994 2443 perpe-

254 2456 318 2481 tuas
339 2451 374 2482 ab
397 2452 445 2490 iis,
469 2461 543 2491 quae
565 2453 600 2482 ad
623 2457 737 2492 tempus
756 2452 838 2482 datae
861 2453 990 2482 suerunt.

253 2500 433 2537 Institutum‚
452 2501 529 2540 quod
552 2501 582 2531 in
604 2501 746 2539 regimine
769 2501 937 2531 monasterii
954 2506 993 2531 te-

254 2559 323 2580 nere
345 2550 452 2588 debet,
476 2554 631 2588 cognoscat
657 2553 719 2579 tum
741 2559 776 2580 cx
799 2550 925 2580 lectione
947 2559 993 2579 re-

253 2599 387 2638 gularum
411 2603 468 2628 tam
490 2599 691 2628 communium
714 2609 800 2638 quam
822 2601 866 2630 sui
889 2601 990 2640 officii,

252 2652 280 2677 et
303 2647 440 2684 aliorum,
457 2647 506 2686 qui
529 2646 583 2676 sub
606 2647 669 2676 eius
691 2649 761 2677 curii
780 2653 860 2685 sunt,
878 2653 938 2679 tuin
955 2658 991 2679 ex

1054 353 1227 383 executione
1251 355 1468 385 ordinationum
1485 356 1681 395 superiorum,
1698 366 1731 386 ac
1743 356 1792 386 (10-

1052 409 1132 429 11111111
1155 401 1185 430 111
1207 401 1295 432 rebus
1327 403 1424 434 dubiis
1446 414 1481 434 ex
1503 414 1625 434 recursu
1648 405 1683 434 ad
1706 414 1791 444 supe-

1052 457 1157 478 riores.

1092 505 1152 526 vm.
1170 497 1212 528 Sit
1228 499 1383 536 sollicitus,
1401 510 1438 530 ne
1455 501 1593 540 vicarius,
1614 511 1788 533 oeconomus

1052 549 1079 575 et
1101 546 1207 585 reliqui
1230 548 1370 578 officiales
1392 559 1444 579 suo
1468 550 1564 580 desint
1587 551 1694 581 officio.
1718 552 1790 582 Item

1051 598 1144 628 curet,
1161 599 1193 624 ut
1215 596 1295 632 ordo,
1314 606 1379 635 pax,
1397 598 1466 628 unio
1481 603 1509 628 et
1530 600 1719 630 conformitas
1733 610 1792 630 ser-

1051 647 1135 672 vetur
1157 652 1171 672 a
1194 645 1345 674 monachis
1367 645 1396 674 in
1419 646 1502 682 cella,
1525 647 1555 676 in
1578 648 1676 686 choro,
1694 649 1724 678 in
1746 659 1791 678 re-

1050 691 1183 728 fectorio,
1207 697 1234 722 et
1258 692 1434 733 ubicumque
1457 695 1599 725 locorum.
1623 696 1717 732 Quare
1739 708 1790 737 per

1050 750 1080 769 se
1102 740 1198 780 ipsum
1221 741 1267 770 vel
1290 751 1342 781 per
1366 742 1506 773 vicarium
1526 745 1623 774 visitet
1646 746 1788 786 chorum,

1050 790 1181 819 officinas
1197 795 1225 820 et
1240 791 1450 821 monachorum
1470 793 1558 822 cellas
1573 803 1580 830 3
1600 798 1712 832 portam
1729 805 1789 825 mo-

1049 838 1170 868 nasterii
1192 839 1288 868 claudi
1310 840 1397 869 faciat
1418 840 1489 870 hora
1511 843 1709 881 competenti,
1732 844 1790 872 cla-

1049 897 1157 926 vesque
1179 887 1234 917 sibi
1259 888 1303 918 vel
1337 888 1446 919 vicario
1469 890 1563 919 tradi:
1587 890 1739 921 discursus
1761 897 1789 922 et

1048 936 1218 974 vagationes
1241 938 1449 968 monachorum
1465 963 1472 977 ,
1497 944 1524 969 et
1547 940 1672 969 maxime
1694 940 1789 970 iunio-

1048 994 1125 1024 rum,
1149 991 1332 1025 compescat;
1356 987 1449 1025 iurgia
1473 991 1501 1017 et
1523 989 1727 1018 contentiones
1745 989 1789 1019 in-

1048 1035 1092 1061 ter
1113 1041 1162 1062 eos
1185 1036 1263 1062 ortas
1292 1038 1470 1072 componat,
1499 1043 1551 1064 nec
1587 1035 1736 1073 permittat
1758 1036 1787 1065 in

1048 1082 1227 1111 monasterio
1249 1091 1312 1112 esse
1339 1091 1430 1118 arma,
1450 1083 1493 1112 vel
1510 1083 1701 1113 instrumenta
1726 1094 1788 1115 mu-

1047 1130 1118 1167 sica,
1142 1135 1192 1161 aut
1213 1131 1304 1162 libros
1326 1142 1426 1162 vanos.

1087 1189 1125 1209 lx.
1150 1179 1320 1210 Ordinarias
1342 1185 1455 1211 tantum
1479 1183 1672 1221 poenitentias
1694 1183 1788 1213 delin-

1047 1228 1206 1268 quentibus
1228 1230 1381 1269 imponere
1403 1230 1506 1267 debet,
1530 1241 1603 1270 quae
1626 1232 1655 1261 in
1679 1233 1787 1262 consti-

1048 1277 1211 1307 tutionibus
1227 1279 1422 1318 praescriptae
1438 1284 1517 1309 sunt.
1536 1280 1673 1318 Delegare
1689 1286 1786 1311 autem

1048 1327 1156 1365 poterit
1178 1326 1287 1356 vicario
1310 1332 1341 1357 ut
1369 1337 1418 1357 eas
1440 1328 1502 1367 ipse
1526 1329 1716 1368 praescribat,
1742 1331 1785 1360 vel

1046 1375 1102 1413 legi
1125 1376 1153 1405 in
1178 1376 1332 1405 refectorio
1356 1377 1525 1416 praecipiat.

1086 1434 1112 1453 x.
1136 1425 1167 1453 In
1190 1425 1226 1454 iis
1247 1435 1322 1464 quae
1344 1426 1379 1455 ad
1403 1426 1530 1464 victum,
1555 1427 1692 1457 vestitum
1707 1450 1713 1461 ,
1738 1427 1785 1457 ha-

1046 1473 1217 1503 bitationem
1240 1479 1268 1504 et
1289 1474 1344 1504 alia
1367 1476 1531 1505 necessaria
1555 1477 1712 1515 pertinent,
1737 1486 1786 1507 cu-

1046 1527 1089 1552 ret
1121 1527 1172 1559 ut,
1198 1523 1332 1562 quamvis
1353 1524 1390 1553 sit
1413 1523 1442 1552 in
1466 1533 1522 1562 quo
1555 1524 1647 1554 virtus
1680 1528 1708 1554 et
1739 1525 1784 1554 sui

1044 1571 1198 1610 abnegatio
1226 1572 1386 1611 probetur,
1410 1582 1468 1602 non
1501 1572 1575 1602 desit
1608 1577 1703 1602 tamen
1726 1583 1782 1613 quo

1044 1625 1225 1650 sustentetur
1248 1626 1364 1659 natura,
1388 1621 1488 1650 habita
1511 1621 1624 1651 ratione
1647 1631 1784 1661 persona-

1043 1679 1108 1699 rum
1132 1670 1293 1700 secundum
1314 1670 1418 1699 Deum.
1435 1670 1619 1708 *Egrotorum
1642 1670 1784 1701 habeatur

1043 1727 1113 1747 cura
1136 1728 1240 1756 magna
1263 1723 1320 1748 tam
1343 1719 1373 1748 in
1396 1719 1489 1748 victus
1510 1719 1624 1748 ratione
1643 1728 1729 1757 quam
1752 1720 1782 1749 in

1043 1767 1160 1797 ceteris.
1186 1768 1320 1807 Hospites
1343 1772 1404 1797 tum
1437 1768 1602 1797 saeculares
1634 1772 1693 1797 tum
1716 1768 1783 1798 reli-

1041 1816 1116 1853 giosi
1138 1816 1264 1854 benigne
1286 1817 1488 1855 suscipiantur
1509 1821 1537 1846 et
1555 1821 1779 1855 pertractentur.

1041 1864 1070 1894 Si
1093 1865 1138 1894 cui
1161 1865 1333 1904 particulari
1364 1865 1514 1904 quidpiam
1546 1864 1581 1893 ad
1614 1869 1713 1903 potum
1735 1865 1780 1894 vel

1041 1913 1139 1942 cibum
1162 1914 1311 1952 pertinens
1327 1913 1362 1943 ab
1378 1917 1498 1943 externo
1515 1913 1612 1952 aliquo
1635 1913 1778 1952 mittatur,

1041 1962 1070 1991 id
1093 1962 1122 1991 111
1145 1971 1330 1992 communem
1365 1971 1449 1991 usum
1483 1961 1644 2000 accipiatur
1673 1965 1701 1991 et
1723 1961 1779 1990 (115-

1041 2016 1190 2050 pensetur.

1080 2069 1119 2089 xi.
1144 2060 1310 2100 Depositum
1341 2060 1480 2100 pecuniae
1514 2059 1626 2089 nullum
1657 2068 1778 2099 prorsus

1040 2109 1188 2148 admittat,
1212 2109 1336 2138 aliarum
1359 2118 1427 2139 vero
1449 2118 1548 2138 rerum
1571 2109 1688 2138 nonnisi
1710 2118 1778 2138 cau-

1041 2159 1170 2195 tissime3
1190 2159 1346 2188 dummodo
1362 2158 1423 2187 51110
1446 2159 1552 2196 magna
1574 2157 1732 2187 offensione
1748 2157 1776 2187 id

1038 2207 1175 2246 denegari
1198 2218 1255 2237 non
1279 2207 1380 2247 possit.

1078 2266 1128 2286 xli.
1146 2257 1222 2287 Lites
1238 2257 1402 2295 fugiendae,
1419 2266 1472 2286 nec
1492 2257 1592 2294 ullam,
1610 2256 1775 2286 inconsulto

1037 2306 1140 2336 abbate
1156 2307 1285 2345 generali
1301 2311 1350 2336 aut
1368 2305 1545 2345 provinciae,
1562 2305 1618 2341 vel,
1633 2306 1656 2335 si
1672 2306 1776 2336 absen-

1037 2359 1079 2385 tes
1101 2356 1209 2386 suerint
1230 2360 1258 2385 ct
1281 2360 1382 2394 urgeat
1404 2356 1561 2385 necessitas
1575 2380 1582 2392 ,
1607 2355 1775 2386 inconsulta

1037 2405 1247 2434 monachorum
1263 2405 1499 2442 congregatione,
1514 2404 1647 2443 intentet,
1664 2409 1714 2435 aut
1729 2406 1774 2435 in-

1036 2455 1146 2484 tentat-:1
1157 2478 1164 2492 ,
1187 2453 1373 2492 respondeat.

1075 2512 1136 2532 xut.
1160 2503 1190 2532 si
1214 2502 1360 2531 faciendae
1376 2502 1435 2532 sint
1453 2511 1596 2541 expensae
1612 2504 1774 2533 extraordi-

1036 2552 1146 2590 nariae,
1164 2551 1208 2581 vel
1232 2551 1339 2580 fabrica
1362 2551 1460 2589 magni
1483 2552 1633 2590 momenti,
1652 2552 1696 2582 vel
1712 2562 1773 2582 mo-

1034 2600 1195 2630 nasterium
1218 2609 1283 2629 aere
1315 2599 1410 2629 alieno
1432 2600 1611 2638 gravandum
1635 2605 1697 2639 est,
1722 2601 1773 2631 ha-

1034 2649 1095 2679 bit-:2
1117 2649 1198 2688 prius
1222 2648 1429 2678 monachorum
1457 2649 1700 2687 congregatione,
1724 2659 1772 2680 eo-

1691 248 1756 282 355
1801 257 1851 284 An.
1867 257 1896 284 c.
1918 257 1988 285 ¹732
