2182 3137
231 308 278 334 An.
299 306 327 333 c.
346 307 410 333 1734
456 297 519 329 600

423 362 454 389 et
478 355 632 388 ministris
666 366 701 388 ac
726 354 895 397 personis,
922 353 1049 397 quoties
1073 362 1154 396 opus

424 409 528 448 suerit,
555 408 650 441 etiam
676 408 733 440 sub
758 407 903 440 censuris
929 405 1154 439 ecclesiasticis

425 468 455 495 et
468 462 538 495 aliis
557 461 680 504 poenis,
699 461 833 493 arbitrio
852 460 997 493 eiusdem
1015 458 1157 500 Congre-

424 514 560 556 gationis
585 513 662 547 Boni
679 513 855 556 Regiminis
874 511 1069 554 infligendis,
1090 521 1156 544 mo-

425 568 575 601 derandis
602 572 633 600 et
656 566 868 610 applicandis,
887 565 1067 604 inhibendi,
1092 565 1156 597 sive

425 620 638 653 inhibitiones
663 630 883 663 quascumque
909 619 947 651 ab
973 618 1018 651 eis
1045 618 1157 656 editas,

426 674 520 707 etiam
538 674 648 716 vigore
667 682 942 716 quarumcumque
963 671 1159 704 commissio-

425 738 500 760 num
528 726 795 770 apostolicarum,
821 736 886 759 non
922 731 1025 757 tamen
1051 724 1159 756 nostra

425 786 456 813 et
471 790 693 813 successorum
712 784 894 811 nostrorum
913 788 1008 810 manu
1024 777 1160 819 signata·

425 845 505 873 rum,
521 833 709 866 moderandi
728 837 782 864 aut
799 831 984 871 revocandi,
1004 835 1046 870 et,
1066 834 1159 872 prout

425 887 544 920 iustum
570 886 738 926 videbitur,
764 885 913 918 mandata
938 893 1157 927 quaecumque

425 940 607 974 necessaria
633 945 664 972 et
688 944 872 982 opportuna
908 936 1104 971 decernendi
1130 942 1160 968 et

425 993 602 1033 relaxandi,
617 1003 663 1032 ac,
678 992 766 1025 omni
781 997 813 1024 et
830 1001 1033 1035 quacumque
1048 990 1159 1032 appel-

426 1047 557 1085 latione,
577 1045 808 1079 reclamatione
826 1050 857 1078 et
873 1054 1004 1077 recursu
1027 1042 1159 1076 omnino

426 1099 631 1142 posthabitis,
649 1098 827 1141 exequendi
847 1097 942 1140 (citra
967 1102 1070 1129 tamen
1088 1106 1161 1139 pro-

427 1153 669 1185 nunciationem
689 1151 866 1184 sententiae
885 1150 1074 1193 sanguinis),
1092 1150 1161 1192 ple-

428 1217 511 1245 nam,
531 1206 664 1239 liberam
681 1209 713 1238 et
730 1204 949 1237 omnimodam
970 1203 1160 1241 facultatem,

428 1258 652 1291 auctoritatem
674 1263 704 1290 et
728 1261 920 1300 potestatem
946 1255 1079 1289 omnino
1095 1265 1163 1298 spe-

429 1318 516 1345 ctare
543 1317 573 1344 et
597 1311 772 1354 pertinere,
794 1321 829 1343 ac
853 1311 892 1343 ad
919 1310 1062 1343 eamdem
1082 1309 1164 1342 Con-

429 1364 651 1408 gregationem
670 1365 749 1397 Boni
768 1364 943 1406 Regiminis
962 1363 1065 1396 valide
1084 1373 1164 1396 com-

428 1425 551 1463 petere,
568 1419 650 1452 dicta
668 1418 840 1462 apostolica
859 1418 1050 1451 auctoritate
1069 1416 1163 1449 etiam

430 1478 589 1516 perpetuo
614 1473 760 1505 volumus
785 1477 816 1504 et
840 1472 1052 1505 declaramus.

239 1533 420 1581 mnfiljffiffirgisffii·
474 1527 488 1569 ἓ
514 1525 544 1559 9.
565 1526 710 1569 Insuper,
731 1531 766 1558 ut
791 1524 983 1558 oeconomia
1006 1524 1164 1557 bonorum

239 1588 359 1608 tectionem·
431 1586 462 1613 et
486 1580 670 1613 reddituum
696 1580 879 1612 earumdem
899 1577 1165 1611 communitatum

431 1644 488 1666 seu
514 1632 770 1672 universitatum,
798 1634 833 1665 ea
856 1643 918 1675 qua
942 1630 1092 1664 convenit
1122 1630 1166 1662 di-

432 1686 565 1729 ligentia
583 1691 613 1719 et
630 1686 825 1727 integritate,
846 1685 1052 1728 imposterum
1078 1694 1167 1716 exer-

433 1749 555 1779 ceatur,
573 1745 606 1772 ut
631 1740 714 1772 dicta
739 1738 953 1781 Congregatio
972 1738 1048 1771 Boni
1076 1738 1168 1780 Regi—

432 1793 538 1833 minis,
566 1793 661 1826 etiarn
687 1793 842 1836 privative
869 1792 973 1836 quoad
999 1801 1111 1824 omnes
1136 1796 1166 1824 et

432 1848 579 1890 singulos
597 1847 720 1880 iudices
738 1846 899 1879 ministros
918 1851 949 1879 et
965 1855 1120 1888 personas
1134 1850 1169 1877 ut

433 1911 530 1943 supra
556 1911 735 1943 expressas,
754 1905 796 1939 et,
819 1905 854 1932 ut
879 1899 1074 1943 praefertur,
1093 1909 1169 1942 qua-

433 1953 581 1994 lificatas,
606 1953 699 1985 etiam
725 1958 760 1985 ut
785 1952 966 1995 praefertur
990 1951 1168 1984 cardinala-

435 2012 484 2039 tus
503 2006 630 2039 honore
649 2006 818 2048 fulgentes,
837 2006 966 2048 plenam
986 2010 1016 2038 et
1033 2004 1168 2037 liberam

435 2059 689 2093 iurisdictionem
708 2059 793 2092 circa
818 2059 997 2092 electiones
1018 2065 1050 2092 et
1070 2059 1169 2102 depu-

436 2113 572 2147 tationes
609 2123 888 2156 quorumcumque
921 2112 1166 2152 ministrorum,

436 2166 643 2200 oeconomiae
676 2166 938 2199 communitatum
963 2177 1018 2198 seu
1043 2166 1170 2198 univer-

436 2221 564 2253 silatum
589 2219 777 2252 huiusmodi
795 2219 1063 2263 praepositorum,
1081 2229 1170 2252 exer-

436 2283 508 2306 cere
534 2274 635 2306 libere
654 2278 685 2305 et
702 2272 789 2305 licite
815 2272 919 2315 possit
936 2278 968 2305 et
986 2272 1095 2312 valeat,
1117 2283 1170 2305 au-

437 2326 583 2360 ctoritate
622 2327 785 2369 praedicta
825 2326 972 2359 similiter
1011 2331 1169 2369 perpetuo

437 2380 646 2412 concedimus
673 2385 703 2412 et
728 2379 947 2422 indulgemus.

246 2437 427 2484 ''affraafssenntssrurg
482 2433 496 2475 ἓ
522 2431 574 2464 10.
604 2432 793 2465 Praesentes
818 2443 945 2475 quoque
970 2432 1112 2472 litteras,
1140 2436 1172 2464 et

246 2490 319 2510 1¹⁰¹*ss
332 2491 426 2512 firmitas.
439 2486 470 2518 in
489 2486 535 2518 eis
551 2491 701 2519 contenta
720 2491 751 2519 et
769 2496 920 2529 expressa
937 2496 1170 2529 quaecumque,

439 2540 529 2572 nullo
554 2550 695 2582 unquam
717 2544 860 2582 tempore
887 2539 925 2572 de
951 2539 1171 2582 subreptionis

440 2593 488 2625 vel
515 2592 716 2635 obreptionis
741 2598 795 2625 aut
818 2592 974 2626 nullitatis
1005 2592 1098 2632 vitio,
1122 2594 1171 2627 vel

999 304 1178 328 BULLARIUM
1203 303 1358 327 ROMANUM

1197 356 1295 392 runt,
1321 362 1428 385 coram
1460 351 1552 384 nobis
1576 352 1624 384 vel
1649 351 1724 384 alibi
1751 351 1927 391 adductae,

1199 405 1381 438 verificatae
1406 409 1437 437 et
1462 403 1658 443 iustificatae‚
1679 409 1733 436 aut
1756 404 1931 437 communi-

1199 463 1296 490 tatum
1322 468 1377 490 seu
1393 457 1638 490 universitatum
1655 457 1759 490 Status
1777 457 1930 491 Ecclesia-

1199 511 1267 543 stici
1285 510 1466 543 huiusmodi
1485 511 1645 550 consules,
1664 514 1909 543 conservatores
1922 537 1929 549 ,

1200 569 1380 603 senatores,
1407 563 1628 601 confalonerii,
1655 563 1816 602 officiales,
1839 563 1932 595 mini-

1200 616 1268 656 stri,
1287 617 1495 659 magistratus
1517 622 1548 649 et
1566 616 1707 659 deputati
1728 617 1932 659 quicumque,

1200 669 1391 712 illarumque
1417 669 1579 702 debitores
1611 679 1646 701 ac
1675 668 1796 702 iudices
1821 674 1852 701 et
1875 669 1934 701 mi-

1201 722 1313 762 nistri,
1340 722 1485 766 aliaeque
1511 733 1668 766 personae
1701 728 1736 754 ut
1759 732 1857 765 supra
1881 732 1934 755 ex-

1202 785 1332 817 pressae
1347 783 1378 809 et
1396 775 1606 819 qualificatae,
1621 785 1656 808 ac
1674 775 1865 818 quicumque
1880 775 1933 808 alii

1202 829 1234 860 in
1261 829 1449 872 praemissis
1467 834 1499 862 et
1521 829 1605 862 circa
1631 839 1667 861 ea
1692 828 1936 872 quomodolibet

1202 882 1234 914 in
1260 893 1540 926 quorumcumque
1566 888 1800 921 contractuum,
1821 882 1936 915 condu-

1203 935 1345 968 ctionum
1371 941 1401 968 at
1425 936 1660 978 obligationum
1688 935 1749 968 vim
1779 934 1936 968 interesse

1204 988 1361 1021 habentes
1386 999 1443 1022 seu
1468 990 1588 1022 habere
1613 988 1873 1032 praetendentes,
1897 988 1936 1021 ad

1204 1041 1234 1074 id
1248 1042 1351 1075 vocati
1369 1048 1400 1075 et
1415 1042 1512 1075 auditi
1528 1053 1593 1076 non
1609 1042 1737 1082 suerint,
1758 1047 1789 1074 et
1802 1051 1937 1075 consen-

1204 1106 1271 1129 sum
1289 1105 1382 1128 suum
1409 1096 1529 1129 eisdem
1555 1094 1739 1138 praemissis
1764 1105 1830 1128 non
1846 1105 1938 1138 prae-

1204 1149 1352 1189 stiterint,
1379 1154 1432 1181 aut
1456 1148 1519 1182 alio
1545 1147 1656 1192 quovis
1680 1148 1824 1188 defectu,
1842 1148 1938 1181 etiam

1205 1203 1411 1247 quantumvis
1435 1213 1560 1246 magno,
1587 1202 1800 1245 inexcogitato
1817 1207 1847 1235 et
1864 1201 1938 1234 sub-

1205 1257 1358 1296 stantiali,
1377 1256 1440 1289 sive
1458 1256 1554 1289 etiam
1579 1266 1616 1289 ex
1643 1267 1680 1290 eo
1701 1256 1789 1299 quod
1807 1255 1937 1289 eaedem

1205 1316 1392 1354 praesentes
1418 1315 1506 1343 extra
1541 1309 1768 1343 consistorium
1793 1314 1938 1342 nostrum

1206 1369 1375 1403 secretum,
1399 1373 1458 1396 nec
1483 1363 1522 1396 de
1546 1363 1779 1396 venerabilium
1803 1362 1938 1395 fratrum

1205 1423 1391 1450 nostrorum
1416 1416 1603 1460 praedictae
1627 1415 1658 1449 S.
1679 1416 1713 1448 R.
1730 1415 1766 1448 Ε.
1793 1416 1940 1448 cardina-

1207 1471 1285 1504 lium
1311 1471 1446 1504 consilio
1479 1476 1511 1503 et.
1535 1481 1665 1503 assensu
1701 1469 1941 1509 emanaverint,

1208 1530 1238 1558 et
1262 1525 1295 1558 in
1321 1525 1365 1558 eis
1391 1525 1612 1558 solemnitates
1650 1529 1682 1557 et
1716 1523 1846 1568 quaevis
1879 1523 1941 1556 alia

1209 1579 1367 1612 servanda
1384 1584 1415 1612 et
1432 1577 1639 1620 adimplenda
1652 1582 1777 1610 servata
1795 1581 1826 1609 et
1842 1575 1941 1609 adim-

1209 1632 1295 1675 pleta
1320 1642 1385 1665 non
1410 1631 1549 1670 suerint,
1574 1635 1628 1663 aut
1663 1640 1699 1662 ex
1733 1639 1941 1673 quocumque

1209 1686 1272 1718 alio
1287 1685 1405 1728 capite,
1419 1684 1511 1717 etiam
1528 1684 1560 1716 in
1578 1693 1715 1726 corpore
1729 1682 1805 1716 iuris
1822 1683 1940 1722 clauso,

1210 1744 1242 1771 et
1266 1738 1378 1782 quovis
1403 1738 1466 1770 alio
1491 1743 1675 1780 praetextu,
1699 1736 1871 1769 occasione
1891 1737 1942 1769 vel

1209 1794 1311 1830 causa,
1338 1791 1433 1824 etiam
1459 1789 1663 1833 quantumvis
1689 1789 1840 1832 legitima,
1859 1789 1943 1822 iusta

1211 1851 1243 1879 et
1267 1844 1477 1888 privilegiata,
1497 1853 1644 1886 quaeque
1665 1843 1703 1875 ad
1723 1842 1869 1876 effectum
1890 1853 1943 1876 va-

1210 1898 1343 1932 liditatis
1359 1897 1613 1940 praemissorum
1628 1895 1838 1938 exprimenda
1851 1895 1942 1935 soret,

1211 1951 1326 1990 notari,
1347 1949 1543 1993 impugnari,
1561 1948 1741 1989 invalidari,
1761 1949 1942 1989 retractari,

1212 2006 1244 2038 in
1262 2005 1310 2037 ius
1327 2005 1376 2037 vel
1394 2003 1647 2037 controversiam
1672 2002 1788 2043 vocari,
1807 2003 1845 2036 ad
1862 2002 1942 2036 viam

1212 2064 1243 2092 et
1268 2058 1421 2091 terminos
1447 2057 1526 2089 iuris
1552 2056 1686 2096 reduci,
1712 2061 1766 2088 aut
1793 2056 1944 2089 adversus

1213 2112 1284 2144 illas
1309 2110 1537 2154 quodcumque
1569 2109 1646 2142 iuris
1679 2114 1711 2142 et
1742 2108 1816 2142 sacti
1842 2119 1943 2142 reme-

1213 2164 1299 2198 dium
1336 2168 1390 2196 aut
1422 2163 1486 2196 oris
1519 2162 1729 2206 aperitionem
1760 2161 1943 2206 impetrari,

1213 2228 1318 2261 neque
1344 2217 1415 2250 illas
1439 2217 1496 2249 sub
1533 2215 1694 2259 quibusvis
1719 2215 1871 2248 similium
1896 2216 1944 2248 vel

1213 2270 1416 2304 dissimilium
1453 2270 1627 2312 gratiarum
1662 2268 1943 2309 revocationibus,

1213 2323 1491 2367 suspensionibus,
1518 2321 1762 2355 limitationibus
1777 2347 1785 2362 ,
1809 2322 1946 2365 deroga-

1214 2377 1366 2417 tionibus,
1393 2381 1447 2409 aut
1471 2375 1541 2409 aliis
1566 2375 1737 2408 contrariis
1764 2375 1946 2419 dispositio-

1214 2431 1307 2464 nibus
1328 2428 1562 2474 comprehendi
1579 2440 1587 2469 ;
1606 2429 1662 2462 sed
1680 2438 1807 2472 semper
1826 2428 1865 2461 ab
1882 2428 1946 2462 illis

1215 2485 1331 2528 excipi,
1359 2490 1404 2523 et,
1426 2483 1552 2527 quoties
1578 2482 1651 2516 illae
1676 2483 1878 2524 manabunt,
1905 2487 1946 2515 to-

1216 2539 1272 2571 ties
1290 2538 1322 2570 in
1340 2537 1511 2581 pristinum
1530 2542 1562 2570 et
1579 2536 1810 2569 validissimum
1829 2541 1946 2569 statum

1216 2591 1395 2631 restitutas,
1420 2589 1579 2634 repositas
1604 2595 1635 2622 et
1657 2587 1802 2632 plenarie
1827 2589 1946 2622 reinte-

442 2645 630 2678 intentionis
655 2651 782 2679 nostrae
798 2673 806 2686 ,
833 2646 927 2679 etiam
953 2656 988 2679 ex
1015 2656 1052 2678 eo
1087 2646 1171 2689 quod
1215 2649 1331 2688 gratas,
1358 2654 1392 2677 ac
1416 2644 1456 2677 de
1473 2653 1566 2684 nove,
1589 2643 1685 2677 etiam
1711 2643 1771 2676 sub
1796 2652 1946 2686 quacum-

441 2708 567 2738 causae,
591 2704 725 2742 propter
750 2709 829 2743 quas
851 2699 1026 2743 praemissa
1047 2710 1173 2733 emana-
1215 2709 1278 2742 que
1310 2697 1486 2742 posteriori
1517 2697 1590 2730 data
1619 2706 1678 2740 per
1714 2695 1831 2730 dictam
1863 2694 1944 2729 Con-

1940 303 1988 329 An.
2010 302 2037 329 C.
2052 302 2119 330 1732

2178 2803 2182 2863 ἐ

2178 2870 2182 2938 ἔ

2179 2957 2182 2973 ι

2179 2991 2182 3018 i
