2182 3137
167 230 214 256 An.
236 229 264 256 c.
285 230 346 258 ¹73¹
397 222 461 256 ⁶260

362 281 541 318 provinciam
567 281 792 320 nuncupandam
825 282 976 313 Ferrariae
998 288 1026 313 et
1055 283 1100 313 Pi-

360 329 436 365 coni,
460 329 698 359 dismembratain
732 335 759 360 et
792 335 954 370 separatam
979 341 993 361 a
1017 341 1100 370 prae-

359 376 437 404 dicta
461 378 613 415 provincia
635 378 763 408 Romami
787 388 852 408 cum
876 379 1013 409 omnibus
1035 389 1100 418 gra—

359 424 425 457 tiis,
452 425 612 462 prixilegiis
634 431 660 455 et
684 427 868 457 facultatibus
883 450 890 462 ‚
914 428 980 457 aliis
1003 438 1099 467 respe-

357 472 431 501 ctive
446 474 604 511 provinciis
617 475 870 513 competentibus:
895 481 923 505 et.
943 477 1098 515 praecipue

357 525 387 549 ut
410 525 528 558 regatur
550 531 564 551 a
585 531 637 551 suo
655 524 824 561 particulari
843 525 1013 563 provinciali
1030 535 1097 554 con-

357 569 540 599 tradistiucto
563 581 576 599 a
601 572 774 610 provinciali
799 574 966 612 provinciae
990 575 1096 604 Roma-

354 627 419 654 nae,
444 619 576 657 eligendo
599 626 751 660 postquam
770 623 972 652 sanctissimus
994 623 1096 661 (ligna-

354 665 434 696 bitur
457 669 615 706 praefatam
639 670 929 700 dismembrationem
962 676 990 702 et
1012 672 1094 701 insti-

354 715 495 745 tutionem
519 726 610 747 novae
634 719 801 757 provinciae
834 720 1006 749 auctoritate
1028 730 1094 759 apo·

352 763 457 793 stolica
480 765 643 804 approbare
658 771 685 796 et
697 768 882 802 confirmare,
899 778 912 797 a
927 768 1093 798 definitorio

351 813 478 848 generali
504 816 561 843 una
584 824 649 844 cum
671 820 796 854 quatuor
812 816 1016 846 (letiiiitoribus
1029 826 1093 856 pro-

351 861 536 899 uncialibus,
561 864 686 902 septimo
710 864 799 894 vocali
823 869 850 894 et
866 865 1023 894 secretario
1043 875 1092 904 pro

352 908 405 938 bac
430 911 524 948 prima
548 912 619 946 vice,
635 912 787 942 duraturis
806 923 897 952 usque
913 914 947 943 ad
963 914 1090 953 primum

350 959 511 997 capitulum
538 961 735 999 provinciale:
769 962 960 1000 imposterum
985 971 1053 991 vero
1076 972 1090 991 a

349 1007 478 1044 capitulo
513 1009 685 1046 provinciali
718 1010 761 1039 vel
785 1010 951 1040 definitorio
974 1011 1091 1049 provin-

349 1055 414 1083 ciali
431 1057 604 1095 respective.
622 1058 675 1087 Cui
695 1058 867 1097 provinciali
891 1068 943 1097 pro
961 1063 1089 1098 tempore

348 1103 499 1134 Ferrariae
531 1109 558 1134 et
592 1106 689 1135 Piceni
713 1111 859 1145 competat
891 1108 936 1136 ius
969 1117 1090 1146 congre-

347 1151 433 1188 gandi
457 1153 616 1191 capitulum
640 1154 817 1193 provinciale
839 1155 868 1184 in
891 1155 989 1194 aliquo
1022 1165 1089 1185 con-

347 1205 436 1230 ventu
458 1210 527 1231 suae
550 1202 727 1241 provinciae,
752 1212 766 1232 a
789 1203 954 1233 defmitorio
971 1204 1088 1243 provin-

346 1248 411 1278 ciali
441 1249 622 1289 deputando,
647 1260 760 1281 necnon
791 1252 988 1282 definitorium
1024 1262 1088 1291 pro-

346 1297 471 1327 vinciale
494 1308 676 1337 convocare,
699 1300 734 1329 ad
757 1301 918 1339 capitulum
950 1301 1086 1339 generale

345 1355 411 1375 cum
435 1346 548 1377 duobus
571 1348 708 1378 discretis
731 1349 933 1387 generalibus,
956 1350 985 1379 in
1008 1350 1085 1389 capi-

345 1394 405 1424 tulo
428 1396 600 1434 provinciali
624 1397 743 1434 electis,
768 1398 982 1436 suffragaturus
1005 1408 1085 1428 acce-

344 1442 428 1481 dere,
453 1444 567 1484 aliaque
589 1445 686 1474 onmia
720 1447 898 1485 peragendi,
923 1456 997 1486 quae
1019 1447 1084 1477 aliis

344 1492 572 1530 provincialibus
604 1499 786 1533 competunt.
820 1495 954 1525 Ceterum
988 1500 1083 1535 patres

342 1539 498 1570 defmitorii
533 1541 633 1571 volunt
655 1546 683 1571 et
704 1542 869 1581 declarant,
903 1543 1082 1582 provinciam

341 1587 514 1627 Romanam,
539 1589 608 1619 licet
630 1596 814 1629 segregatam
834 1601 847 1621 a
872 1593 1010 1631 praefatis
1033 1593 1081 1622 de-

342 1646 404 1666 cem
437 1638 654 1677 conventibus,
678 1650 829 1670 remanere
852 1650 918 1670 cum
941 1641 1002 1671 suis
1024 1642 1082 1681 pri-

341 1685 467 1724 vilegiis,
492 1687 605 1716 iuribus
638 1692 666 1718 et
690 1689 900 1728 pertinentiis,
924 1690 987 1719 sine
1022 1690 1080 1720 ullo

342 1735 534 1773 praeiudicio,
558 1745 590 1765 ac
613 1738 636 1766 si
659 1737 824 1776 supradicta
847 1739 992 1777 separatio
1008 1739 1079 1768 facta

342 1792 402 1812 non
426 1784 539 1814 fuisset.
563 1785 597 1814 Et
619 1789 650 1815 ut
674 1795 725 1825 pro
748 1786 824 1816 bono
847 1787 927 1826 pacis
949 1791 975 1817 et
999 1787 1080 1817 iusti-

340 1831 397 1861 tiae
421 1832 451 1861 in
475 1833 617 1863 electione
640 1834 801 1864 officiorum
825 1835 1005 1873 generalium
1033 1845 1080 1865 ae-

339 1879 435 1918 quitas
458 1885 600 1919 servetur,
623 1887 770 1912 reservato
803 1884 911 1922 pariter
943 1883 1080 1923 benepla-

338 1929 396 1958 cito
419 1930 588 1968 apostolico,
613 1935 710 1970 patres
742 1932 899 1962 definitorii
934 1933 1079 1970 generalis

338 1977 499 2007 decernunt
514 2003 521 2016 ‚
545 1983 577 2008 ut
598 1979 628 2009 in
651 1980 780 2009 futurum
815 1985 930 2020 praeter
952 1986 1015 2011 octo
1038 1982 1079 2011 of-

338 2026 446 2055 ficiales
482 2028 634 2065 generales
655 2028 905 2067 Congregationis,
943 2030 1079 2060 videlicet

338 2075 478 2104 vicariurn
502 2077 682 2114 generalem,
718 2083 935 2116 procuratorem
959 2089 1078 2117 genera-

337 2123 406 2161 lem,
431 2129 557 2162 quatuor
579 2125 749 2155 definitores
782 2127 934 2164 generales
956 2131 984 2157 et
1005 2128 1077 2157 duos

336 2172 503 2202 visitatores
525 2174 676 2211 generales
690 2198 697 2212 ‚
731 2174 804 2204 alter
836 2176 969 2205 officialis
991 2186 1078 2214 gene-

336 2221 405 2250 ralis
427 2231 521 2251 novus
543 2223 763 2262 superaddatur,
781 2224 830 2263 qui
848 2225 885 2254 sit
901 2226 1076 2256 secretarius

336 2269 497 2299 definitorii
521 2274 548 2300 et
570 2272 688 2310 capituli
717 2273 883 2310 generalis,
907 2283 973 2303 cum
1009 2278 1074 2304 voto

335 2317 364 2347 in
389 2319 516 2357 capitulo
538 2320 666 2357 generali
699 2325 727 2350 et
760 2321 822 2351 loco
854 2322 1075 2360 praecedentiae

335 2371 401 2396 ante
423 2368 614 2398 secretarium
638 2369 822 2407 generalem,
846 2375 874 2400 et
901 2371 1010 2400 socium
1034 2372 1076 2401 vi-

334 2415 406 2445 carii
429 2417 585 2456 generalis,
610 2427 661 2448 seu
683 2419 755 2448 socii
785 2419 886 2449 vicarii
908 2420 1072 2458 generalis;

336 2464 374 2493 ita
399 2469 508 2503 tamen,
533 2470 563 2495 ut
587 2466 616 2496 in
640 2467 693 2497 hac
716 2467 807 2507 prima
831 2468 972 2498 electione
995 2478 1074 2499 assu-

332 2517 429 2542 matur
450 2523 483 2544 ex
508 2515 658 2554 provincia
673 2516 787 2546 noviter
801 2518 900 2548 erecta
922 2517 1073 2548 FerrarIae

332 2565 360 2591 et
383 2562 493 2601 Piceni,
517 2568 545 2593 et
567 2564 704 2604 deinceps
726 2574 760 2594 ex
783 2565 847 2595 aliis
870 2565 904 2595 ad
929 2566 1074 2605 praescri-

939 235 1120 259 nULLARtUM
1144 236 1299 262 ROMANUM

1886 241 1933 267 An.
1956 234 2074 271 cymar-

1144 290 1273 315 moratae
1306 295 1396 316 novae
1430 287 1615 326 provinciae:
1639 287 1819 318 declarantes
1841 292 1881 319 ta-

1144 343 1227 372 men,
1252 334 1391 364 officiales
1416 340 1592 374 praesentes,
1618 336 1730 375 priores
1752 337 1879 374 scilicet,

1143 384 1306 421 supcrssores
1329 387 1357 412 et
1381 388 1493 413 ceteros
1516 385 1655 414 officiales
1681 384 1715 414 ad
1740 394 1881 423 praesens

1141 430 1296 459 existentes
1320 431 1347 459 iu
1372 432 1563 461 conventibus
1585 433 1766 471 saepedictae
1790 442 1880 463 novae

1142 478 1310 515 provinciae
1333 479 1498 516 assignatis,
1522 489 1614 519 usque
1636 481 1671 510 ad
1691 481 1817 520 primum
1835 491 1880 512 ca-

1141 526 1263 563 pitulum
1302 527 1478 565 provinciale
1519 533 1583 567 post
1621 528 1772 559 biennium
1804 530 1880 560 cele-

1140 573 1281 604 brandum
1306 575 1334 604 in
1357 585 1458 604 eorum
1491 577 1652 616 respective
1685 578 1789 608 officiis
1814 588 1880 618 per-

1140 631 1273 651 manere:
1298 622 1460 653 tribuentes
1478 624 1592 663 plenam
1609 625 1774 656 facultatem
1798 636 1879 666 prae-

1138 670 1214 700 dicto
1237 671 1402 701 definitorio
1419 673 1549 709 generali
1568 675 1686 704 annuali
1703 675 1877 705 celebrando

1137 723 1230 748 cetera
1262 719 1434 759 disponendi
1465 725 1493 750 et
1525 721 1703 759 stabiliendi,
1737 733 1811 763 quae
1846 724 1877 754 in

1137 767 1258 797 Domino
1280 768 1474 799 iudicaverint
1497 770 1645 809 expedire,
1662 771 1696 801 ad
1716 771 1878 811 quamlibet

1136 816 1336 846 confusionem
1361 818 1578 855 removendam,
1603 823 1661 848 tam
1679 819 1709 848 in
1726 819 1878 858 assignan-

1136 863 1180 892 dis
1203 865 1349 902 religiosis
1371 866 1431 895 sire
1453 866 1665 905 sacerdotibus,
1683 867 1745 897 sive
1761 867 1877 898 clericis

1135 912 1196 942 sive
1219 914 1390 951 conversis,
1415 924 1467 954 pro
1497 917 1620 955 utraque
1644 916 1795 956 provincia
1817 917 1877 947 sus-

1136 960 1323 999 ficienssbus,
1347 972 1434 1001 quam
1462 964 1491 993 in
1522 964 1589 994 aliis
1625 964 1873 1004 quibuscumque,

1134 1017 1207 1046 quae
1230 1009 1264 1039 ad
1287 1010 1518 1040 stabilimentum
1542 1017 1569 1042 et
1598 1013 1725 1052 quietem
1759 1022 1875 1043 earum-

1133 1056 1196 1085 dem
1220 1058 1359 1096 prosicere
1382 1060 1509 1098 possint3
1535 1061 1611 1099 quod
1635 1066 1728 1091 totum
1744 1062 1800 1091 fuit
1822 1071 1874 1101 per

1134 1109 1196 1134 vota
1219 1110 1341 1143 secreta,
1365 1108 1480 1138 nemine
1502 1109 1708 1149 discrepante,
1732 1110 1874 1149 approba-

1133 1157 1204 1183 tum.
1230 1172 1264 1176 —
1288 1155 1336 1184 Fr.
1361 1156 1468 1186 losEPu
1491 1157 1588 1187 ΜΛΝ).
1610 1167 1625 1187 a
1655 1158 1684 1188 S.
1709 1158 1798 1188 Paula
1830 1159 1873 1189 vi-

1131 1203 1226 1233 carius
1248 1205 1404 1242 generalis.
1428 1205 1474 1236 Fr.
1499 1206 1684 1236 Ersmcmcs
1707 1216 1721 1236 a
1744 1208 1774 1238 S.
1799 1207 1871 1237 Mar-

1132 1250 1201 1288 tino,
1226 1253 1402 1283 secretarius
1424 1255 1580 1292 generalis.

1173 1342 1187 1384 §
1224 1342 1254 1374 ἱ).
1282 1342 1358 1376 Cum
1395 1349 1517 1384 autem,
1549 1345 1631 1378 sicut
1663 1346 1775 1380 eadem
1814 1358 1869 1381 ex·
1892 1387 1896 1390 ,
1916 1360 2064 1382 ementatum

1129 1395 1248 1436 positio
1273 1396 1513 1440 subiungebat,
1538 1399 1725 1441 praedictus
1750 1388 1974 1444 procu-ffit'ii‘ii‘lff‘
1999 1393 2062 1445 ‘¹⁹⁰¹'

1128 1452 1215 1480 rator
1238 1449 1399 1490 generalis
1426 1451 1619 1492 praemissa,
1653 1463 1716 1495 quo
1742 1453 1864 1486 firmius
1876 1440 2064 1488 Βῖῗιῖἱὲιωωῗέῗῖ

1127 1500 1306 1534 subsistant
1325 1507 1356 1534 ct
1377 1508 1545 1535 serventur
1563 1505 1715 1545 exactius,
1737 1496 1979 1549 aposto-m“¹'⁰¹¹⁰'

1127 1552 1209 1585 licae
1234 1554 1488 1588 confirmationis
1524 1563 1656 1590 nostrae
1682 1559 1864 1601 patrocinio

1126 1607 1317 1639 communiri
1353 1609 1526 1650 plurimum
1564 1611 1748 1644 desideret:
1782 1623 1864 1652 nos,

1125 1658 1224 1701 ipsius
1249 1662 1467 1702 procuratoris
1500 1664 1662 1703 generalis
1696 1665 1779 1697 votis
1804 1665 1864 1698 hac

1125 1711 1157 1744 in
1184 1723 1228 1752 re,
1248 1720 1403 1756 quantum
1430 1726 1502 1747 cum
1520 1716 1656 1749 Domino
1675 1728 1858 1760 possumus,

1125 1765 1344 1799 favorabiliter
1379 1774 1583 1809 annuentes,
1618 1780 1757 1813 eumque
1789 1781 1864 1814 spe-

1124 1818 1259 1851 cialibus
1301 1820 1465 1853 favoribus
1503 1827 1534 1854 et
1570 1823 1682 1865 gratiis
1707 1824 1861 1867 prosequi

1124 1872 1278 1911 volentes,
1295 1877 1325 1904 et
1342 1884 1358 1905 a
1377 1874 1542 1916 quibusvis
1557 1876 1864 1910 excommunicatio-

1124 1924 1183 1963 nis,
1207 1926 1429 1968 suspensionis
1460 1932 1492 1959 et
1513 1927 1697 1969 interdicti,
1724 1929 1862 1973 aliisque

1123 1977 1355 2011 ecclesiasticis
1391 1980 1538 2013 censuris
1563 1987 1594 2014 et
1614 1982 1738 2024 poenis,
1756 1993 1773 2015 a
1791 1983 1861 2016 iure

1122 2030 1168 2062 rel
1186 2031 1224 2062 ab
1237 2031 1380 2072 homine,
1395 2032 1505 2075 quavis
1516 2035 1689 2067 occasione
1701 2036 1749 2068 vel
1764 2037 1861 2068 causa

1122 2083 1204 2123 latiS,
1222 2084 1248 2116 si
1276 2085 1392 2127 quibus
1419 2087 1667 2128 quomodolibet
1686 2087 1859 2122 innodatus

1123 2136 1240 2175 existit,
1253 2137 1291 2169 ad
1304 2137 1452 2170 effectum
1469 2140 1688 2182 praesentium
1699 2140 1861 2173 dumtaxat

1119 2191 1398 2232 consequendum,
1418 2191 1531 2224 barum
1550 2192 1634 2225 serie
1654 2193 1860 2226 absolventes

1121 2246 1151 2274 et
1165 2242 1348 2275 absolutum
1367 2244 1433 2276 fore
1452 2250 1635 2285 censentes,
1652 2246 1862 2289 supplicatio-

1119 2293 1214 2327 nibus
1241 2294 1310 2328 eius
1337 2296 1467 2329 nomine
1489 2297 1583 2330 nobis
1601 2308 1700 2341 super
1718 2299 1781 2332 hoc
1798 2299 1860 2332 liu-

1119 2347 1240 2380 militer
1257 2349 1418 2391 porrectis
1436 2349 1600 2390 inclinati,
1618 2351 1858 2394 separationem

1119 2405 1151 2432 et
1179 2399 1499 2434 dismembrationem
1530 2403 1770 2445 praedictorum
1803 2404 1859 2437 de-

1118 2462 1189 2485 cem
1226 2458 1442 2486 conventuum
1468 2465 1484 2487 a
1508 2455 1679 2498 provincia
1703 2456 1857 2498 Romana,

1117 2511 1148 2538 et
1169 2507 1364 2540 erectionem
1384 2507 1415 2540 in
1434 2518 1546 2541 novam
1561 2509 1760 2552 provinciam
1780 2510 1858 2544 Fer-

1117 2559 1222 2593 rariae
1248 2565 1278 2592 ct
1304 2560 1409 2593 Piceni
1435 2562 1697 2605 nuncupandam,
1725 2573 1742 2595 a
1765 2573 1856 2606 prac-

1987 1420 2025 1440 pro
2040 1420 2064 1434 a·

331 2614 410 2650 ptum
436 2611 513 2642 turni
535 2613 694 2643 renovandi
717 2622 781 2644 cum
813 2614 979 2646 inclusione
1013 2625 1073 2646 me·
1118 2612 1205 2646 dicto
1226 2613 1368 2656 capitulo
1395 2614 1539 2657 generali
1565 2615 1674 2657 saetas,
1702 2620 1737 2648 ut
1761 2626 1854 2659 prae-
