2182 3137
163 147 216 172 An.
235 145 264 173 c,
283 144 352 171 ¹730
396 135 460 169 108

184 206 296 227 Sessiones
312 211 345 226 ce·
396 202 425 222 11.
439 193 621 231 Ubicumque
636 195 797 221 conventus
812 200 843 220 se
859 189 1093 228 congregaverit,

162 235 255 253 tororum
271 233 297 252 ab
309 238 345 252 an·
358 242 363 247 -

162 259 260 280 ..annm
285 246 434 279 „abiauxta
457 241 605 280 antiquam
628 239 778 277 religionis
800 243 918 268 nostrae
940 242 1096 267 consuetu-

163 285 344 306 ‘*'⁸⁰“¹'¹¹³'¹‘¹²⁰·
356 290 452 320 dinem
470 287 604 318 monachi
626 287 745 317 sedeant
760 291 788 316 et
804 286 977 316 ordinentur
994 295 1096 316 secun-

356 338 423 367 dum
443 336 624 374 singulorum
647 335 849 373 antiquitatem
873 334 909 363 ab
932 334 1034 363 habitu
1052 343 1097 363 re-

356 389 458 424 cepto,
482 385 520 414 ita
544 387 639 413 tamen
663 387 695 413 ut
718 382 883 412 sacerdotes
903 391 1019 421 semper
1036 382 1098 411 dia-

356 442 460 469 conos,
485 436 512 461 et
534 432 583 461 isti
605 431 812 468 subdiaconos,
836 431 905 460 licet
926 430 1026 460 habitu
1049 440 1098 460 an-

357 481 510 519 tiquiores,
535 479 723 518 praecedant,
748 479 920 509 subdiaconi
943 478 1096 517 choristas,

357 530 558 567 choristaeque
590 528 693 558 fratres
725 529 834 565 laicos,
859 532 886 558 et
908 527 1011 557 novitii
1039 527 1098 557 sint

357 577 486 607 omnium
510 577 683 612 novissimi3
707 577 751 605 sin
776 586 843 605 vcro
870 576 977 615 aliquis
999 584 1099 605 mona-

358 626 451 661 chus,
476 629 628 664 postquam
653 624 701 653 alii
724 624 781 654 iam
805 624 916 653 suerint
949 624 1096 661 ordinati,

356 674 513 711 adveniat,
537 674 565 703 in
590 674 652 703 loco
674 683 761 712 quem
783 673 928 703 invenerit
952 681 1074 702 vacuum
1089 696 1097 710 ,

357 722 493 752 constitui
517 726 545 751 et
568 721 669 750 sedere
691 721 803 751 debeat.

193 782 346 802 Praecedenna
397 780 437 801 111.
463 771 577 800 Priores
605 769 733 800 absoluti
767 770 1013 800 monasteriorum
1036 779 1101 809 pro-

164 809 277 856 ffissffssf'
303 808 493 849 ⁰ffl'fessionis
515 828 616 848 omnes
632 819 704 848 alios
727 818 886 848 monachos
905 818 1098 857 praecedant,

358 868 445 897 etiam
462 866 656 907 antiquiores,
671 867 719 906 qui
736 868 848 906 priores
861 876 918 896 non
931 866 1099 903 extiterint;

358 925 430 955 qnos
447 915 556 954 pariter
579 915 753 954 praecedere
776 915 901 945 debeant
923 914 1101 944 secretarius

359 969 388 995 et
417 969 590 1004 procurator
622 964 768 1003 generalis
797 964 916 994 Ordinis
949 964 1099 1001 actuales,

358 1014 600 1052 quandocumque
622 1013 651 1042 in
674 1013 781 1042 nostris
803 1012 989 1042 monasteriis
1011 1013 1102 1042 inter-

358 1062 495 1100 veniant,
519 1071 577 1092 non
602 1071 670 1091 vero
692 1062 784 1091 dictos
806 1061 919 1100 priores
942 1061 1099 1091 absolutos.

576 1137 771 1167 Coxsnuwm
793 1136 875 1166 XLll.

164 1216 348 1263 nappiainssgbeiqffi
398 1209 440 1237 Ad
470 1208 636 1247 capitulares
668 1212 745 1237 actus
774 1217 827 1237 non
850 1208 1025 1246 recipiantur
1046 1208 1103 1237 nisi

164 1269 266 1316 voiqmlin
276 1275 347 1290 eorum
359 1258 484 1287 monachi
502 1257 623 1297 professi
645 1257 672 1286 ιίι
689 1257 776 1286 sacris
792 1257 934 1287 ordinibus
949 1257 1099 1286 constituti.

164 1298 236 1322 capitu
248 1301 267 1316 o.

617 1341 842 1362 ExTRAVAGANS.

168 1413 256 1443 ,Votum
266 1414 348 1444 nonnisi
399 1413 417 1434 1.
442 1403 574 1433 Monachi
594 1407 713 1442 propter
728 1412 830 1433 eorum
849 1402 991 1433 demerita
1007 1407 1103 1433 trans-

165 1441 348 1492 ὲῖοῗιθέὲέζῗὲῗῖῗζ
360 1452 440 1482 missi
464 1452 499 1481 ad
523 1451 578 1480 alia
602 1451 800 1487 monasteria,
824 1460 939 1480 necnon
963 1451 1012 1490 qui
1035 1455 1103 1480 sunt

166 1492 304 1541 amas-sionis
316 1499 349 1514 '⁷³'
360 1501 474 1541 priores
501 1500 531 1529 in
561 1500 750 1529 monasteriis
782 1509 855 1538 quae
884 1509 942 1529 non
965 1504 1034 1528 sunt
1055 1508 1104 1529 eo-

360 1558 425 1579 rum
448 1549 649 1588 professionis,
666 1548 799 1587 quamvis
822 1548 880 1577 sint
901 1548 977 1577 intra
1000 1547 1104 1586 viginti

361 1598 492 1637 quinque
514 1597 624 1634 leucas,
647 1605 706 1625 non
729 1595 855 1625 habeant
877 1605 977 1625 vocem
1000 1596 1029 1625 in
1047 1596 1104 1625 ele-

361 1646 508 1676 ctionibus
530 1645 793 1683 monasteriorum,
811 1644 860 1675 uhi
878 1649 946 1674 sunt
968 1645 1103 1684 professi,

362 1703 416 1724 nec
439 1694 618 1731 monachus,
642 1693 692 1733 qui
715 1697 759 1723 est
784 1693 912 1723 vicarius
934 1693 1105 1723 monasterii

362 1742 447 1773 cuius
469 1752 527 1772 non
558 1747 601 1771 est
624 1741 772 1781 professus
789 1765 796 1778 ,
819 1741 924 1771 habeat
952 1746 1052 1771 votum
1075 1742 1104 1771 in

363 1791 506 1821 electione
528 1790 635 1830 prioris
657 1790 748 1820 illius,
769 1790 874 1820 Votuin
898 1795 994 1820 tamen
1018 1790 1106 1820 habe-

362 1839 406 1869 bit
421 1840 450 1869 in
473 1839 617 1869 electione
639 1839 746 1877 prioris
769 1838 940 1868 monasterii
955 1848 1024 1868 suae
1038 1834 1107 1878 ‘pro-

363 1887 518 1924 fessionis,
543 1890 571 1916 et
592 1887 615 1916 si
639 1887 729 1916 fuerit
760 1886 836 1916 intra
872 1887 1107 1926 vigintiquinque

364 1936 463 1965 leucas
478 1959 485 1973 ,
509 1935 597 1965 etiam
624 1935 659 1964 ad
688 1935 861 1964 electionem
885 1935 968 1965 citari
991 1935 1105 1965 debeat.

366 1984 470 2014 itidem
498 1983 656 2021 monachi,
681 1984 730 2022 qui
759 1988 827 2013 sunt
860 1984 888 2013 in
922 1984 1108 2013 monasteriis

365 2033 469 2070 novis,
494 2031 621 2062 habeant
654 2036 752 2061 votum
775 2031 804 2061 in
828 2031 971 2061 electione
1002 2032 1109 2071 prioris

366 2081 411 2111 sui
435 2081 547 2120 proprii
569 2080 752 2118 monasterii,
772 2080 807 2109 ad
825 2089 948 2119 eamque
963 2080 1047 2110 citari
1062 2081 1111 2111 de-

366 2129 467 2167 beant,
479 2129 503 2158 si
516 2129 643 2159 existant
656 2129 732 2158 intra
748 2129 984 2168 vigintiquinque
999 2129 1108 2166 leucas,

367 2178 424 2208 nisi
448 2178 521 2208 forte
543 2177 653 2207 fuerint
675 2177 890 2216 poenitentiati.

409 2235 439 2256 ιι.
463 2225 607 2263 Monachi,
632 2225 728 2264 quiin
751 2225 816 2256 aliis
832 2226 1022 2256 monasteriis
1044 2226 1112 2256 obe-

368 2275 508 2304 dientiam
531 2277 703 2313 perpetuam
726 2274 956 2314 repromittunt,
980 2283 1037 2304 non
1060 2275 1110 2304 ba-

369 2323 458 2352 beant
473 2326 570 2352 votum
587 2322 617 2352 in
633 2322 761 2361 capitulo
784 2326 850 2352 ante
872 2326 997 2361 quatuor
1019 2332 1111 2354 annos

369 2370 529 2410 completos
544 2380 558 2400 a
575 2370 622 2400 die
634 2371 829 2410 repromissae
844 2371 1044 2401 obedientiae:
1062 2381 1112 2401 ex-

369 2420 460 2458 ceptis
483 2418 641 2458 prioribus,
665 2419 713 2458 qni
736 2419 893 2449 terminato
915 2419 1046 2459 prioratu
1068 2429 1113 2450 re·

936 142 1118 165 BULLARIUM
1143 141 1301 164 ROMANUM

1138 189 1167 218 in
1190 188 1324 219 domibus
1357 189 1441 219 novis
1467 190 1652 228 permansuri
1684 189 1880 220 obedientiam

1139 242 1308 277 perpetuam
1332 238 1446 277 pariter
1469 238 1688 278 repromittunt.

1178 294 1218 315 111.
1241 286 1272 315 ln
1296 291 1444 325 posterum
1467 286 1566 316 nullus
1593 285 1753 315 monachus
1776 285 1882 315 habeat
1914 295 1994 316 Vocem
2010 297 2030 317 in
2042 302 2081 318 οι-

1139 344 1238 364 vocem
1262 335 1292 364 in
1315 336 1463 375 capitulo,
1487 335 1580 365 donee
1609 335 1710 365 decem
1733 344 1824 364 annos
1847 335 1882 364 ab
1893 322 1959 373 {32:2¹⁰
1969 322 2080 375 ἶῗζῗοριέῗὶ

1140 383 1241 413 babitu
1265 388 1383 422 recepto
1405 384 1608 423 compleverit,
1625 388 1711 422 atque
1735 384 1763 413 in
1781 383 1882 413 ordine
1893 374 1989 421 ffiffiffis
2009 381 2076 396 ³⁰⁰⁰*
2093 386 2095 390 ⁴

1140 440 1223 461 sacro
1239 432 1417 462 constitutus
1439 433 1578 462 extiterit.
1594 432 1763 470 Collegiales
1786 436 1883 461 tamen

1141 480 1171 509 in
1194 480 1326 519 collegiis
1349 481 1520 519 existentes,
1538 482 1560 510 si
1579 481 1638 510 sint
1653 481 1682 510 in
1702 481 1793 510 sacris
1815 489 1885 510 con-

1141 528 1247 567 stituti,
1264 529 1294 558 in
1311 529 1397 559 dietis
1412 529 1542 567 collegiis
1559 534 1655 559 votum
1679 528 1805 558 babeant
1821 532 1885 567 post

1141 586 1191 607 sex
1215 586 1307 608 annos
1324 577 1360 607 ab
1376 577 1495 607 habitus
1519 579 1687 617 receptione
1710 577 1882 616 completos

1182 634 1220 655 iv.
1258 626 1389 656 Monaclii
1425 626 1469 656 illi
1505 627 1554 665 qui
1583 626 1685 656 habitu
1721 626 1808 655 etiam
1838 634 1884 655 re·
1922 639 2021 661 Monachi
2045 646 2081 662 ῃ,

1143 679 1246 713 tento,
1269 678 1386 704 etcum
1417 675 1546 713 legitima
1580 675 1717 704 facultate
1744 669 1928 704 assistunt¹ra
1974 669 2080 688 monaste-

1897 698 1949 712 rium
1970 696 2079 714 manentes

1143 733 1243 753 eornm
1267 723 1461 762 genitoribus,
1478 728 1528 753 aut
1551 723 1638 753 alicui
1660 723 1808 762 episcope,
1824 723 1886 752 sive
1897 720 2080 766 essssffasfflfflu‘

1143 782 1177 802 ex
1200 772 1256 802 alia
1278 781 1463 811 quacumque
1486 773 1574 802 causa
1591 796 1598 809 ,
1623 772 1725 801 babitu
1748 775 1862 801 retento
1877 793 1885 808 ‚

1144 826 1317 860 permanent
1339 826 1418 850 extra
1443 821 1665 857 monasterium,
1685 830 1742 850 non
1760 819 1887 849 babeant

1144 873 1242 899 votum
1275 870 1401 899 activum
1436 879 1531 908 neque
1565 870 1712 909 passivum
1730 893 1737 907 ,
1771 868 1887 899 etiamsi

1146 922 1276 958 tempore
1298 918 1449 948 electionis
1463 919 1522 948 sint
1537 923 1705 957 praesentes
1721 917 1750 947 in
1768 917 1887 956 proprio

1144 967 1333 997 monasterio.

1184 1023 1212 1044 v.
1236 1015 1389 1051 Monachi,
1415 1015 1491 1044 ultra
1525 1014 1763 1053 vigintiquinque
1790 1014 1888 1043 leucas
1912 1027 1951 1052 Quff
1963 1027 2034 1048 vocari
2046 1027 2084 1048 ‹10-
2117 1012 2140 1019 '¹

1145 1072 1159 1092 a
1183 1063 1312 1102 propriis
1334 1063 1520 1093 monasteriis
1536 1073 1602 1093 cuin
1626 1062 1752 1102 simplici
1772 1066 1888 1102 patente
1899 1053 2085 1105 {fffflgmagr-‚ffig

1145 1112 1236 1151 patris
1258 1112 1403 1150 generalis
1435 1116 1651 1141 commorantes
1665 1135 1673 1149 ,
1697 1111 1754 1141 nisi
1776 1110 1889 1141 exiliati
1899 1108 1932 1128 ⁵⁰³
1951 1106 2084 1128 ¹¹¹⁰¹²³⁵²²‘¹⁵-

1145 1165 1195 1190 aut
1217 1160 1348 1198 legitime
1377 1160 1583 1199 poenitentiati
1616 1160 1764 1197 existant,
1788 1162 1888 1188 votum

1145 1209 1283 1246 habeant,
1308 1214 1456 1249 tamquam
1480 1209 1595 1239 vocales
1618 1208 1754 1247 legitimi,
1778 1208 1809 1237 in
1832 1208 1891 1237 ele-

1145 1258 1242 1288 ctione
1264 1257 1372 1297 prioris
1395 1257 1504 1297 proprii
1529 1256 1720 1294 monasterii;
1743 1256 1778 1285 ad
1801 1264 1890 1295 quam

1145 1305 1342 1335 concurrendi
1372 1310 1459 1344 atque
1489 1304 1648 1335 accedendi
1677 1304 1794 1334 licentia
1817 1303 1889 1343 ipsis

1146 1354 1268 1384 minime
1287 1354 1460 1391 denegetur,
1474 1362 1569 1392 neque
1585 1353 1732 1382 ullatenus
1748 1351 1890 1391 impedia-

1146 1407 1206 1439 tur,
1223 1402 1325 1432 habita
1341 1402 1502 1432 vacationis
1518 1402 1633 1431 notitia.
1651 1401 1695 1430 Ad
1710 1400 1890 1440 praedictam

1147 1455 1245 1481 tamen
1274 1450 1448 1480 electionem
1475 1450 1559 1479 citari
1589 1459 1647 1479 non
1683 1449 1808 1479 debeant
1834 1448 1891 1478 nisi

1147 1500 1260 1529 vocales
1282 1499 1358 1528 intra
1382 1499 1619 1538 vigintiquinque
1637 1498 1735 1528 leucas
1765 1497 1890 1527 existen-

1147 1553 1203 1586 tes,
1217 1551 1249 1577 ut
1270 1548 1299 1577 in
1315 1547 1525 1577 constitutione
1544 1556 1599 1576 Lxx
1618 1547 1790 1583 ordinatur,
1807 1555 1892 1576 exce-

1148 1596 1204 1635 ptis
1219 1600 1317 1625 tamen
1335 1595 1467 1634 patribus
1483 1595 1641 1624 secretario
1657 1599 1685 1624 et
1700 1598 1891 1633 procuratore

1148 1643 1347 1683 generalibus,
1364 1648 1451 1683 atque
1467 1643 1619 1673 monachis
1641 1643 1826 1673 assistentiae
1841 1652 1890 1682 pa-

1148 1693 1202 1722 tris
1224 1692 1381 1730 generalis,
1406 1691 1657 1731 praedicatoribus
1684 1691 1781 1729 regiae
1803 1691 1892 1720 maie-

1149 1741 1243 1777 statis,
1261 1740 1418 1770 lectoribus
1434 1744 1462 1770 et
1484 1739 1682 1780 passantibus,
1699 1739 1750 1778 qui
1772 1739 1803 1769 in
1822 1748 1894 1779 qua-

1149 1784 1380 1821 libet'distantia
1402 1800 1523 1830 prorsus
1545 1790 1630 1820 citari
1653 1789 1771 1819 debent.

1189 1848 1227 1869 vi.
1252 1839 1384 1869 Monachi
1417 1843 1536 1878 propter
1568 1847 1669 1868 eorum
1701 1838 1842 1868 demerita
1865 1842 1893 1868 et
1905 1852 2090 1876 Quiverovoeem
2137 1843 2140 1846 ’

1904 1879 1984 1899 habere
2006 1875 2091 1905 neque-³

1150 1888 1251 1927 culpas
1273 1887 1308 1917 ad
1332 1896 1479 1917 carcerem
1496 1897 1547 1917 seu
1563 1887 1758 1916 reclusionem
1774 1886 1804 1916 in
1820 1886 1894 1916 cella
1905 1907 1942 1926 ant
1956 1905 1978 1926 j„
1986 1903 2091 1931 capitulo.

1151 1936 1232 1965 horis
1253 1936 1395 1966 vacativis
1424 1936 1511 1965 etiam
1541 1936 1572 1965 in
1599 1935 1727 1974 propriis
1749 1939 1896 1966 monaste-

1152 1984 1203 2014 riis
1219 1993 1270 2024 per
1293 1984 1469 2014 sententiam
1492 1984 1673 2013 definitivam
1696 1983 1893 2022 condemnati,

1152 2034 1263 2064 nullam
1287 2043 1388 2063 vocem
1411 2033 1441 2062 in
1464 2029 1593 2072 capitulo
1616 2031 1762 2071 habeant,
1780 2033 1834 2062 etsi
1858 2034 1895 2063 ad

1153 2087 1235 2113 actus
1257 2082 1475 2112 communitatis
1497 2091 1531 2112 ex
1554 2081 1721 2111 reclusione
1743 2081 1896 2120 egredian-

1154 2136 1210 2161 tur.
1234 2131 1368 2161 Monachi
1394 2139 1464 2160 vero
1497 2130 1632 2169 inquisiti
1654 2130 1689 2160 de
1718 2129 1817 2169 aliquo
1839 2130 1896 2160 cri-

1153 2180 1243 2217 mine,
1261 2184 1350 2219 atque
1372 2179 1441 2209 dum
1464 2179 1639 2218 compilatur
1659 2187 1811 2217 processus
1833 2188 1898 2209 car-

1154 2237 1219 2258 cere
1242 2227 1403 2265 custoditi,
1427 2236 1526 2257 vocem
1559 2226 1682 2256 activam
1716 2227 1746 2256 in
1769 2227 1897 2266 capitulo

1154 2276 1263 2306 babere
1285 2275 1426 2313 debeant,
1450 2275 1560 2313 donec,
1582 2275 1641 2305 illis
1663 2275 1787 2313 auditis,
1810 2285 1896 2305 cansa

1154 2324 1304 2354 definitive
1337 2324 1532 2361 terminetur;
1556 2323 1612 2353 nisi
1634 2323 1788 2363 inquisitio
1813 2324 1899 2354 fuerit

1154 2373 1190 2403 de
1213 2373 1312 2412 aliquo
1334 2373 1442 2402 delicto
1464 2372 1640 2410 facinoroso,
1657 2372 1702 2402 vel
1725 2372 1812 2412 culpa
1833 2381 1899 2411 gra-

1155 2422 1229 2452 viori
1253 2422 1368 2461 publica
1391 2426 1420 2452 et
1441 2422 1608 2460 manifesta,
1631 2431 1683 2452 seu
1704 2421 1773 2459 alia,
1797 2421 1844 2451 cui
1866 2421 1896 2451 in

371 2472 490 2497 manent
519 2472 659 2506 perpetuo
689 2468 720 2498 in
749 2468 814 2498 aliis
843 2469 1028 2499 monasteriis
1060 2469 1112 2499 ubi
1154 2471 1264 2501 nostris
1293 2470 1552 2500 constitutionibus
1581 2474 1610 2500 et
1639 2469 1897 2508 extravagantibus

371 2516 483 2555 priores
505 2516 682 2553 extiterunt,
705 2520 792 2556 atque
815 2517 965 2548 monachis
987 2517 1046 2548 illis
1061 2518 1111 2557 qui
1156 2519 1280 2559 privatio
1303 2519 1383 2549 vocis
1415 2519 1585 2558 capitularis
1619 2519 1683 2558 ipso
1714 2519 1788 2548 facto
1811 2518 1898 2549 fuerit

2083 27 2098 40 μ
2116 0 2128 55 i·

1888 143 1941 169 An.
1963 143 1993 169 C.
2011 143 2081 171 1730

2122 255 2128 308 l
