2182 3137
49 231 100 259 An.
115 230 145 257 C.
166 230 233 258 1732

243 279 339 318 ritque
355 278 490 309 abbatem
507 278 673 316 generalem
687 278 768 308 adire
780 302 787 314 ,
804 286 861 306 non
876 277 985 307 idcirco

242 327 269 357 ei
285 327 395 365 licebit,
416 328 582 357 inconsulto
602 327 701 357 eodem
726 325 829 356 abbate
845 327 984 364 generali,

242 380 293 406 aut
315 376 418 406 saltem
440 375 544 405 abbate
576 380 604 405 et
636 375 864 413 congregatione
887 384 986 404 mona-

243 425 364 454 chorum
388 425 433 454 sui
456 425 626 454 monasterii
649 428 809 461 annuente,
833 433 848 452 e
872 432 985 453 monas-

241 474 316 503 terio
339 473 500 512 proticisci3
516 473 565 502 sed
586 473 673 502 debet
688 473 722 502 ad
739 473 835 511 ipsum
851 471 984 501 abbatem

241 523 409 560 generalem
440 522 594 560 scribere,
626 526 654 551 et
687 522 833 551 licentiam
868 521 903 550 ab
935 521 985 550 illo

241 571 367 610 primum
401 571 551 608 obtinere,
576 571 647 600 alias
679 570 715 600 ab
746 570 848 599 eodem
878 569 984 599 abbate

242 619 372 657 generali
397 623 545 658 tamquam
568 629 660 656 vagus
678 619 827 658 puniatur.

79 675 110 695 ne
132 680 173 695 non
196 678 230 695 va-
283 677 331 697 xn.
355 668 478 704 Nullus,
503 668 617 697 etiamsi
647 667 736 696 abbas
759 667 845 696 fuerit
862 690 869 700 ,
894 667 985 705 possit

48 701 118 732 gando
172 704 230 722 extra
243 715 248 721 .

48 733 154 755 propriam
183 734 230 754 pro-

46 755 144 776 vinciam.
241 765 285 794 vel
310 770 464 804 praetextu
479 789 486 800 ,
511 775 606 804 neque
629 765 662 794 ad
686 769 840 804 parentes,
862 774 985 794 consan-

240 814 363 852 guineos
385 814 430 843 vel
459 815 581 850 aflines,
606 823 699 853 neque
733 814 821 843 ullam
856 814 985 852 peregri-

242 862 402 900 nationem,
424 863 508 892 etiam
533 872 657 898 sacram,
683 863 852 901 suscipere,
874 861 984 901 absque

242 912 361 951 speciali
378 912 497 941 licentia
520 911 632 941 abbatis
655 912 818 949 generalis:
837 921 932 951 neque
948 922 984 941 ex

239 969 298 990 uno
314 960 491 989 monasterio
514 960 547 989 ad
566 960 645 989 aliud
661 970 691 989 se
711 960 879 995 transferre,
897 961 982 989 etiam

239 1018 293 1048 pro
315 1008 403 1038 rebus
426 1009 537 1048 proprii
571 1010 759 1045 monasterii,
783 1009 891 1048 absque
915 1019 984 1038 cou-

239 1067 329 1088 sensu
346 1059 582 1097 congregationis
600 1059 827 1095 monachorum3
847 1059 902 1088 uisi
924 1068 983 1087 nio-

239 1108 421 1144 nasterium,
446 1108 479 1137 ad
508 1109 584 1147 quod
607 1118 636 1137 se
659 1109 793 1144 confert,
819 1108 889 1137 adeo
914 1108 983 1137 viri—

238 1159 309 1186 num
333 1157 391 1195 sit,
417 1162 447 1186 ut
470 1167 528 1186 uno
551 1158 596 1187 die
619 1158 660 1186 ire
684 1158 717 1186 ad
741 1158 812 1187 illud
836 1162 863 1187 et
888 1158 982 1187 redire

237 1206 272 1235 ad
298 1207 449 1245 proprium
482 1207 691 1236 monasterium
726 1208 830 1236 valeat.
856 1208 886 1236 Si
917 1207 982 1246 quis

237 1255 328 1285 abbas
351 1256 421 1285 huic
454 1256 655 1286 constitutioni
685 1257 925 1293 contravenerit,
946 1255 981 1285 ab
1002 1286 1003 1292 ἵ

1002 1312 1003 1319 ’
1026 1305 1123 1333 siones
1145 1310 1262 1343 captare
1284 1305 1319 1333 ad
1343 1305 1521 1335 orthodoxae
1542 1306 1607 1335 fidei
1627 1316 1768 1345 propaga-

237 1304 342 1335 abbate
375 1306 505 1343 generali
540 1305 689 1344 puniatur.
713 1306 809 1334 Ceteri
833 1315 901 1335 vero
923 1316 982 1334 mo-

236 1354 323 1383 nachi
346 1363 403 1383 non
426 1354 564 1391 abbates,
590 1355 639 1393 qui
662 1355 725 1384 sine
754 1355 870 1384 licentia
895 1355 982 1384 abba-

240 1405 301 1430 tum
331 1410 450 1429 suorum
484 1401 519 1430 de
553 1411 611 1430 uno
641 1401 819 1430 monasterio
849 1401 876 1430 in
901 1402 978 1431 aliud

237 1454 385 1489 pergunt,
420 1450 463 1479 vel
497 1450 767 1489 peregrinationem
790 1451 979 1489 suscipiunt,

238 1499 268 1528 iu
292 1500 471 1529 monasterio
500 1499 691 1529 includantur
714 1499 835 1529 arbitrio
854 1499 979 1537 abbatis,

237 1549 288 1588 qui
311 1549 453 1579 ieiunium
478 1550 599 1589 insuper
620 1549 678 1579 illis
701 1550 735 1579 ad
760 1554 875 1589 tempus
898 1559 980 1588 prae-

237 1598 355 1628 scribat.

278 1655 337 1676 xtn.
362 1646 438 1675 Nulli
462 1649 519 1674 tam
548 1645 758 1675 moliachorum
782 1655 868 1684 quam
892 1645 979 1675 abha-

238 1700 299 1726 tum
323 1695 422 1725 licebit
445 1695 586 1731 ostiatim,
604 1699 653 1724 aut
673 1705 723 1733 per
748 1704 836 1734 pagos
852 1696 913 1724 sive
930 1705 981 1734 per

237 1745 374 1775 ecclesias
397 1744 574 1774 mendicare.
599 1744 628 1774 Si
650 1748 746 1774 tamen
763 1744 860 1783 aliqua
882 1754 981 1774 neces-

236 1794 307 1824 sitas
329 1803 438 1831 urgens
465 1793 591 1822 suaserit
622 1793 730 1832 aliquid
764 1794 920 1833 petendum
944 1794 980 1824 ab

235 1843 336 1882 aliqua
358 1843 494 1881 persona,
519 1841 548 1871 id
567 1841 616 1871 fiat
638 1842 774 1880 religiose
798 1847 826 1871 et
849 1843 979 1873 modeste

237 1901 289 1931 per
311 1892 470 1921 monachos
485 1891 521 1921 ab
537 1891 642 1920 abbate
665 1891 842 1929 designatos.
863 1892 892 1921 Si
911 1901 978 1922 vero

237 1950 287 1980 per
307 1951 396 1980 pagos
418 1941 463 1969 vel
486 1940 621 1970 civitates
645 1945 762 1979 propter
785 1950 902 1978 gravem
921 1951 980 1971 mo-

235 1990 356 2019 nasterii
381 1989 585 2019 necessitatem
620 1989 844 2018 mendicandum
869 1990 977 2027 suerit,

235 2038 264 2067 id
294 2048 351 2068 non
382 2039 432 2067 fiat
454 2038 510 2067 nisi
533 2048 567 2067 ex
591 2038 712 2068 licentia
734 2038 768 2067 ab
791 2039 928 2078 episeopo
951 2044 980 2068 et

236 2088 482 2118 reveremlissimo
510 2088 628 2117 domino
652 2088 816 2126 patriarcha
848 2088 876 2117 in
908 2089 979 2117 seri-

235 2139 291 2177 ptis
314 2138 460 2167 habenda.

285 2188 358 2216 Cu.
383 2186 430 2215 IX.
454 2186 494 2215 De
513 2186 677 2215 subierl'one
699 2197 762 2222 erfflz
783 2186 931 2224 prm-Iulos.

62 1657 92 1677 De
107 1662 148 1677 non
160 1662 226 1683 quac·

40 1684 139 1705 stuando.

71 2239 100 2260 De
113 2238 226 2262 subiectiol

45 2271 72 2287 ne
133 2267 225 2290 Romano

46 2291 148 2314 Pontifici.

235 2285 451 2315 haereticarum
474 2290 502 2314 et
525 2284 688 2314 infidelium
715 2289 867 2321 versetur,
891 2288 978 2323 atque

235 2333 271 2364 ab
288 2333 462 2363 universalis
485 2333 633 2362 Ecclesiae
655 2334 750 2372 capite
774 2333 897 2362 marium
923 2337 979 2362 ter-

235 2392 395 2422 rarumque
418 2382 521 2421 spatiis
543 2382 707 2412 disiunctus
735 2383 771 2411 sit
786 2407 793 2419 ,
817 2382 978 2420 diligentis-

235 2433 308 2462 sime
331 2435 433 2461 curent
463 2431 553 2460 abbas
579 2432 745 2469 generaliS,
770 2431 926 2469 hegumeni
950 2437 978 2461 et

235 2481 355 2512 abbates
379 2480 623 2511 monasteriorum
641 2484 727 2519 atque
747 2481 975 2520 provinciarum,

235 2540 395 2570 eorumque
418 2530 540 2567 vicarii,
565 2539 600 2559 ne
633 2534 682 2559 aut
715 2539 748 2559 ex
783 2530 912 2559 locorum
935 2531 978 2559 di-

236 2580 346 2610 stantia
375 2583 423 2609 aut
446 2579 646 2618 proximarum
669 2579 799 2617 gentium
822 2584 977 2609 consuetu-

236 2628 303 2658 dine
316 2628 442 2658 charitas
454 2632 541 2667 atque
553 2627 668 2657 devotio
684 2628 891 2657 monachorum
908 2637 975 2666 erga

240 725 285 745 ire
307 721 390 746 extra
408 726 490 747 suam
505 717 683 756 provinciam
696 726 882 755 quocumque
900 716 984 745 titulo
1006 736 1007 743 κ

275 2246 294 2266 1.
320 2236 389 2266 Cum
423 2240 522 2265 noster
544 2234 622 2265 Ordo
645 2236 674 2265 in
699 2236 793 2265 medio
826 2236 977 2265 nationum
998 2258 999 2266 1

867 230 1009 253 CLEMENS
1034 231 1077 253 xtt
1103 231 1152 254 1¹1³.

999 2069 1001 2087 l

1667 223 1727 257 341
1779 233 1833 261 Αη.
1848 232 1878 260 C.
1898 232 1970 261 1732

1029 282 1160 308 sanctam
1185 280 1263 309 Petri
1286 281 1484 321 apostolorum
1506 281 1649 320 principis
1672 281 1773 311 cathe-

1029 326 1111 355 dram
1132 332 1162 357 et
1186 328 1331 358 Romanos
1355 329 1510 359 Pontifices
1538 339 1655 369 quoquo
1686 329 1771 359 modo

1029 375 1218 413 refrigescat3
1237 378 1307 416 quin
1331 378 1431 407 sedulo
1453 383 1596 416 satagant,
1614 383 1645 408 ut
1668 388 1770 408 omues

1029 424 1165 453 monachi
1193 425 1380 463 intelligant,
1404 427 1599 456 obedientiam
1633 432 1661 457 et
1690 427 1772 457 obse-

1029 473 1129 510 quium
1160 482 1227 511 erga
1252 474 1356 504 Sedem
1379 476 1574 513 Apostolicam
1608 477 1769 506 Romanam

1028 529 1092 549 esse
1115 521 1194 550 velut
1223 527 1341 552 nostrae
1373 524 1525 561 religionis
1548 525 1769 554 fundamentum

1029 573 1056 597 et
1079 569 1278 599 characterem
1293 593 1300 604 ,
1325 581 1382 610 quo
1405 582 1419 601 a
1442 574 1548 602 ceteris
1570 573 1698 603 Orientis
1720 583 1772 603 na-

1029 617 1159 647 tionibus
1183 619 1248 657 8)·Γί
1270 619 1428 649 Maronitae
1461 631 1490 650 se
1524 622 1649 651 discerni
1675 623 1772 652 volue-

1029 670 1109 694 runt.
1134 666 1381 697 l‘retiosissimum
1416 669 1514 708 itaque
1547 670 1599 699 hoe
1628 671 1768 700 maiorum

1029 717 1197 743 nostrorum
1222 715 1387 754 depositum
1411 718 1557 747 custodire
1584 728 1771 758 sunnnopere

1029 763 1162 792 nitantur
1178 788 1185 799 ,
1211 769 1239 793 et
1263 765 1341 794 omni
1372 775 1425 804 ope
1458 767 1633 796 contendant
1658 772 1688 796 ut
1712 773 1771 797 tum

1030 812 1116 842 verbo
1140 818 1201 842 tum
1223 823 1310 852 opere
1334 814 1406 843 tales
1422 824 1453 844 se
1475 825 1538 844 esse
1562 816 1655 854 palam
1673 821 1700 845 et
1720 827 1771 855 pu-

1028 861 1104 892 blice
1127 864 1282 895 fateantur.
1300 864 1400 902 quales
1423 874 1472 894 eos
1494 874 1557 894 esse.
1581 870 1704 904 oportet,
1722 867 1771 905 qui

1028 911 1116 941 oflicii
1140 912 1183 941 sui
1207 917 1233 941 et
1263 912 1473 942 beneficiorum
1501 913 1536 943 ab
1564 914 1694 943 Ecclesia
1717 915 1773 943 llo-

1028 962 1116 989 mana
1144 966 1330 999 acceptorum
1361 962 1585 1001 haudquaquam
1620 963 1771 992 immerno-

1027 1018 1073 1038 res
1096 1014 1176 1039 sunt.
1202 1010 1235 1039 Et
1250 1010 1388 1049 quoniam
1411 1011 1510 1040 divino
1533 1012 1668 1041 mandato
1690 1011 1771 1041 iube-

1028 1068 1093 1088 mur
1125 1060 1249 1098 proximi
1277 1060 1364 1089 etiam
1391 1061 1483 1090 nostri
1506 1061 1630 1091 salutem
1655 1071 1770 1096 curare,

1026 1108 1251 1146 diligentissime
1274 1109 1425 1147 studeant,
1445 1110 1633 1149 antiquorum
1657 1115 1772 1140 nostro-

1026 1166 1091 1186 rum
1120 1162 1233 1196 patrum
1252 1182 1259 1195 ,
1291 1168 1323 1187 ae
1354 1159 1525 1197 praesertim
1559 1161 1769 1189 monachorum

1026 1206 1055 1236 S.
1080 1206 1216 1243 Maronis,
1235 1207 1283 1246 qui
1301 1216 1353 1246 pro
1371 1208 1514 1237 catholica
1533 1209 1674 1246 religione
1697 1214 1770 1239 stre-

1026 1265 1082 1284 nue
1105 1255 1303 1293 decertarunt,
1321 1256 1452 1294 vestigiis
1474 1257 1663 1293 inhaerendo,
1689 1268 1771 1287 occa-

1025 1354 1145 1391 tionem,
1160 1354 1233 1383 etad
1248 1356 1409 1393 profectum
1426 1356 1576 1384 nationum
1593 1355 1628 1384 ab
1642 1356 1768 1385 Ecclesia

1025 1402 1167 1431 catholica
1183 1403 1401 1440 dissidentium,
1420 1403 1497 1433 inter
1513 1414 1584 1443 quas
1601 1409 1766 1437 versantur:

1024 1461 1097 1481 neve
1136 1452 1305 1481 earumdem
1345 1452 1501 1491 desperent
1533 1457 1583 1482 aut
1618 1454 1766 1491 negligant

1025 1501 1269 1537 conversionem,
1294 1501 1343 1530 sed
1374 1510 1440 1530 cum
1471 1502 1550 1531 omui
1574 1502 1717 1532 charitate
1740 1508 1768 1532 et

1024 1549 1176 1588 patientia,
1193 1549 1294 1578 divino
1323 1549 1470 1579 adiutorio
1501 1551 1582 1587 freti,
1610 1561 1767 1589 procurare

1023 1597 1103 1626 illam
1127 1602 1290 1637 opportune
1313 1599 1474 1636 arguendo,
1499 1599 1690 1638 increpando,
1715 1600 1765 1630 ob-

1023 1647 1164 1676 secrando
1187 1648 1329 1677 nitantur.

1063 1705 1093 1725 n.
1119 1696 1268 1726 llonorent
1285 1706 1413 1736 quoquc,
1431 1702 1496 1736 post
1512 1698 1646 1727 Summos
1663 1699 1767 1728 lloma-

1023 1756 1076 1775 nos
1099 1746 1272 1785 Pontifices,
1298 1751 1418 1777 matrem
1442 1758 1523 1777 suam
1554 1749 1766 1778 Antiochenam

1023 1796 1187 1833 eeclesiam,
1206 1801 1231 1825 et
1252 1797 1529 1826 reverendissimum
1552 1798 1701 1827 dominum
1718 1808 1767 1837 pa-

1024 1845 1193 1881 triarcham,
1219 1845 1272 1875 toti
1295 1845 1406 1875 nationi
1430 1845 1591 1885 Ordinique
1614 1851 1713 1876 nostro
1729 1847 1766 1877 ab

1022 1893 1123 1923 eadem
1147 1894 1278 1923 Romana
1301 1894 1432 1923 Ecclesia
1456 1894 1674 1933 praepositum:
1698 1895 1764 1934 cui,

1023 1947 1170 1981 tamquam
1188 1942 1274 1981 patri,
1290 1943 1429 1980 peculiari
1447 1943 1550 1972 affectu
1567 1947 1594 1971 et
1610 1943 1766 1974 devotione

1022 1991 1129 2020 addicti
1153 1991 1221 2023 sint,
1240 1992 1361 2030 eiusque
1384 1991 1510 2021 decretis
1532 1997 1558 2021 et
1583 1993 1767 2023 constitutio-

1022 2040 1108 2069 nibus
1130 2040 1281 2071 omuibus.
1304 2050 1378 2079 quae
1410 2040 1490 2069 Fidei
1520 2041 1682 2071 Catholicae
1715 2047 1766 2072 aut

1024 2089 1163 2118 ltomauis
1185 2089 1378 2119 Pontificibus
1400 2099 1456 2119 non
1480 2090 1692 2129 adversantur,
1715 2102 1765 2131 pa—

1022 2143 1105 2168 reant
1127 2142 1154 2167 et
1177 2137 1389 2177 obtemperent.
1414 2139 1523 2169 Nomen
1557 2149 1672 2179 quoque
1700 2142 1764 2172 eius

1023 2192 1086 2226 post
1110 2187 1272 2216 Romanum
1296 2187 1467 2217 Pontificem
1491 2192 1546 2217 tam
1570 2189 1600 2218 in
1624 2191 1705 2219 sacra
1728 2190 1764 2220 li-

1023 2236 1117 2273 turgia
1141 2245 1226 2275 quam
1244 2236 1272 2265 in
1289 2236 1396 2266 divinis
1411 2237 1515 2266 officiis
1532 2237 1567 2266 dc
1587 2247 1667 2267 more
1684 2248 1763 2268 eom-

1023 2290 1194 2314 memorent.
1213 2285 1242 2314 ln
1259 2285 1346 2314 rebus
1365 2285 1461 2315 dubiis
1476 2291 1504 2315 et
1519 2286 1669 2325 gravibus,
1687 2297 1762 2327 quae

1021 2334 1160 2364 Ordinem
1184 2339 1317 2364 nostrum
1341 2339 1532 2373 concernunt,
1550 2335 1632 2365 illurn
1656 2346 1761 2367 consu-

1022 2384 1092 2414 lant.
1118 2384 1280 2423 Antequam
1313 2384 1502 2422 congregatio
1531 2385 1676 2422 generalis
1700 2386 1761 2423 fiat,

1020 2433 1083 2462 eius
1106 2433 1272 2462 benedictio
1295 2432 1330 2461 ab
1352 2433 1455 2462 abbate
1471 2433 1599 2471 generali
1625 2438 1760 2472 petatur3

1021 2487 1174 2522 postquam
1198 2483 1271 2511 sacta
1296 2486 1336 2511 est
1353 2505 1359 2517 ⁷
1385 2481 1469 2511 electi
1499 2481 1588 2511 abbas
1614 2483 1761 2519 generalis

1020 2537 1048 2562 et
1071 2531 1227 2570 hegumeni
1250 2531 1346 2569 ipsum
1375 2531 1499 2568 adeant,
1524 2530 1758 2562 benedictionem

1020 2581 1178 2619 accepturi:
1196 2581 1219 2609 si
1237 2581 1322 2618 opera
1346 2581 1447 2609 nostra.
1464 2579 1493 2609 in
1513 2579 1600 2609 rebus
1623 2580 1760 2610 ecclesia-

1020 2629 1101 2658 sticis
1117 2634 1165 2659 aut
1183 2628 1393 2668 temporalibus
1412 2629 1446 2658 ad
1463 2628 1560 2658 sedem
1579 2629 1760 2668 patriarcba-

1822 1711 1962 1734 Paniai-chae

1777 1738 1933 1762 Authiocheno.
