2182 3137
29 222 83 251 An.
97 221 129 250 C.
150 221 219 249 ¹730

266 297 329 328 Τῐτ.
353 298 425 328 XIX.
448 316 488 322 —-
509 298 548 328 De
567 297 769 338 professoribus
790 298 924 327 emeritis.

263 368 317 404 Qui
340 368 443 407 viginti
480 377 572 397 annos
605 367 759 397 continuos
792 372 842 397 aut
874 367 967 398 inter-

223 416 328 446 missos
361 416 488 455 aliquam
521 416 690 445 cathedram
724 425 758 445 ex
792 416 964 455 perpetuis,

223 474 338 494 necnon
362 465 466 504 partim
484 464 657 502 theologiae,
677 464 782 503 partim
799 464 887 494 etiam
904 464 966 503 phi-

223 513 375 552 losophiae
398 513 518 542 moralis
533 537 540 551 ,
575 513 704 550 legitime
726 517 755 542 et
777 512 965 542 laudabiliter

221 562 304 592 iuxta
326 561 492 591 sanctiones
514 561 681 591 academiae
702 562 732 591 in
755 561 856 591 eadem
884 570 964 591 rexe-

221 611 271 647 rit,
295 611 406 640 honore
427 610 601 650 professoris
617 610 732 640 emeriti
751 610 918 646 decoretur,
935 614 964 640 et

222 659 349 695 salario,
375 659 470 698 quoad
503 659 630 697 vixerit,
659 663 692 689 ut
720 659 845 689 lectores
873 659 962 689 ceteri

221 708 401 747 perfruatur.

71 375 108 399 Qui
123 375 213 395 lectores

33 401 125 423 emer-tu.

49 768 89 793 oui
103 768 210 800 iohanne-3
261 757 341 787 Hanc
353 757 534 787 vacationem
544 757 718 796 professoris
731 757 859 795 emeriti,
877 757 963 795 vulgo

26 801 209 848 {gg'umquu'
220 806 425 837 iubilationem
440 830 447 844 ‚
478 806 566 835 ceteri
598 805 723 835 lectores
756 806 962 836 cathedrarum

221 855 426 894 temporalium
458 854 576 893 assequi
609 863 666 883 non
703 854 833 893 possint3
867 864 963 894 neque

220 904 283 942 ille,
307 904 357 943 qui
379 904 408 933 in
431 903 562 941 regenda
584 904 725 943 perpetua
755 903 799 933 vel
829 904 962 934 incuriae

220 953 340 982 nomine
369 952 434 991 plns
467 951 573 981 ceteris
596 956 713 981 notatus
746 956 774 981 et
803 952 963 983 mulctatus

219 1002 269 1039 sit,
294 1002 337 1031 vel
360 1011 444 1031 suum
469 1011 576 1031 munus
599 1010 651 1040 per
673 1000 864 1030 substitutum
884 1001 963 1031 obie-

219 1050 279 1088 rit,
304 1050 360 1080 nisi
395 1050 553 1090 impeditus
585 1054 636 1079 aut
667 1049 773 1079 absens
795 1050 962 1081 academiae

219 1101 308 1129 causa
330 1099 444 1129 fuisset.

260 1148 456 1187 Quicumque,
474 1148 620 1178 vicennali
634 1157 722 1178 cursu
740 1151 871 1187 peracto,
886 1157 963 1178 eme-

219 1196 269 1227 riti
293 1197 443 1226 vacatione
460 1197 541 1236 cupit
556 1197 718 1234 honestari,
735 1196 765 1226 id
780 1206 878 1226 coram
895 1206 962 1226 con-

220 1246 288 1276 cilio
310 1245 497 1275 definitorum
521 1249 610 1285 petat.
634 1245 796 1276 Concilium
820 1255 889 1275 vero
905 1250 963 1275 sta-

219 1296 272 1326 tim
285 1294 544 1325 ratiocinatoribus
559 1295 710 1332 negotium
726 1294 815 1331 dabit,
833 1299 864 1324 ut
881 1304 962 1334 prae-

220 1348 303 1374 sente
325 1343 483 1373 secretario
506 1343 663 1381 diligenter
685 1343 861 1382 exquirant,
891 1353 960 1373 num

219 1392 367 1431 professor
390 1393 543 1422 vicennale
566 1392 749 1421 curriculum
765 1392 843 1421 iuxta
860 1392 962 1421 acade-

219 1441 296 1471 miae
307 1441 474 1471 sanctiones
487 1441 541 1471 rite
557 1441 717 1471 confecerit
730 1451 737 1475 ς
751 1450 877 1480 cumque
893 1451 960 1470 con-

219 1490 320 1520 cilium
337 1490 391 1520 hoc
408 1490 538 1528 legitime
555 1494 688 1520 constare
705 1489 899 1526 intellexerit,
915 1500 961 1518 va-

220 1539 365 1569 cationem
388 1539 538 1568 decernat.

259 1588 432 1618 Huiusmodi
454 1592 551 1617 autem
575 1587 736 1617 vacationis
758 1587 960 1616 concedendae

218 1637 359 1667 solemnis
392 1646 453 1666 mos
486 1637 564 1673 erit,
587 1641 619 1666 ut
642 1637 672 1666 in
696 1636 843 1666 theatrum
866 1636 960 1665 maius

218 1685 327 1723 singuli
351 1685 518 1715 academiae
551 1685 682 1715 doctores
705 1685 902 1722 conveniant,
932 1689 959 1715 et

219 1734 389 1772 inaugurati
403 1734 576 1773 professoris
590 1734 690 1764 laudes
703 1734 813 1772 collega
829 1734 959 1763 eiusdem

219 1783 390 1821 facultatis,
420 1783 550 1812 oratione
575 1792 609 1812 ex
636 1787 766 1822 tempore
793 1782 887 1822 palam
911 1783 961 1812 ha-

218 1831 293 1869 bita,
317 1836 448 1862 exornet.

260 1881 422 1919 Professor,
446 1880 565 1911 obtenta
583 1881 746 1918 vacatione,
763 1881 895 1911 sacchari
912 1891 960 1911 sex

219 1929 310 1960 libras
342 1930 465 1968 singulis
495 1930 754 1960 ratiocinatoribus
781 1929 959 1968 distribuet,

219 1979 377 2008 secretario
400 1988 537 2015 aureum,
561 1979 622 2008 sive
645 1979 775 2018 duplam,
807 1984 835 2009 et
857 1979 961 2018 duplae

219 2027 373 2057 dimidium
396 2027 503 2057 bidello
525 2028 628 2057 maiori
651 2028 792 2066 erogabit.

0 2067 2 2101 i
25 2079 115 2101 Emerui
133 2080 209 2101 surium
260 2076 419 2114 Magisterii
442 2076 623 2105 vacationem
647 2076 770 2115 adeptus
793 2076 911 2115 poterit,
938 2076 962 2105 si

0 2108 3 2140 l
21 2107 259 2162 {Jffissssfffissij
284 2124 437 2163 placuerit,
461 2124 572 2154 diutius
595 2125 689 2153 eidem
707 2125 862 2154 cathedrae
879 2134 962 2163 prae-

23 2164 56 2180 ’Μ
67 2159 208 2182 declarantur.
221 2183 284 2204 esse
307 2178 335 2203 et
358 2174 463 2203 salario
486 2174 601 2212 integro
625 2174 704 2212 frui,
728 2174 796 2203 (lum
822 2173 910 2213 probe
933 2174 962 2203 in

222 2221 359 2252 omnibus
376 2222 491 2252 muneri
508 2222 689 2252 satisfaciat:
710 2222 784 2252 iuris
808 2223 852 2252 vel
875 2232 963 2252 cano-

221 2271 281 2301 nici
297 2271 341 2300 vel
355 2271 449 2300 civilis
464 2272 611 2310 professor
624 2271 805 2301 vacationem
823 2280 963 2301 consecu-

221 2323 280 2356 tus,
299 2320 392 2358 quoad
417 2320 479 2358 ipse
503 2320 619 2357 vixerit,
637 2322 696 2349 una
712 2330 777 2349 cum
795 2319 896 2350 liberis
912 2330 963 2350 no-

221 2368 347 2406 bilitate‚
370 2378 456 2407 quam
481 2373 584 2398 vocant
601 2369 762 2407 hidalguia,
780 2369 959 2408 perfruatur.

26 1154 112 1177 Emer-iti
124 1155 209 1176 vacatio

20 1180 41 1203 'a
62 1181 152 1202 concilio
173 1187 210 1208 po-

25 1208 99 1229 tenda.

220 2442 283 2472 ΤΠ.
308 2442 366 2472 XX.
389 2459 429 2464 —
451 2443 490 2472 De
517 2443 619 2473 salario
643 2445 809 2483 professoris
836 2445 960 2483 emeriti,

260 2497 285 2521 et
306 2503 420 2527 eormn,
445 2494 492 2530 qui
520 2503 554 2521 em
581 2493 629 2522 hac
651 2495 791 2523 vocatione
819 2495 962 2524 cathedras

261 2542 465 2580 adipiscuntur.

261 2611 315 2648 Qui
349 2612 517 2642 cathedram
554 2612 729 2651 professoris
765 2614 882 2643 emeriti
914 2614 962 2644 ob-

843 225 985 249 CLEMENS
1010 226 1054 249 ΧΠ
1078 227 1127 250 ΡΡ.

1649 219 1715 253 175
1760 229 1952 259 An.c.¹·130

1011 272 1154 311 tinuerit,
1178 275 1233 304 hoc
1264 277 1442 315 superstite,
1475 276 1615 307 salarium
1644 277 1751 316 prioris

1010 321 1177 359 cathedrae,
1200 333 1287 362 quam
1310 324 1442 362 regebat,
1461 329 1573 355 tanturn
1591 325 1748 364 percipiat:

1009 369 1099 406 item,
1124 371 1173 410 qui
1205 372 1363 402 secundam
1397 377 1424 402 et
1453 373 1598 411 gradatim
1621 374 1752 413 reliquas

1009 417 1139 447 eiusdem
1173 419 1275 449 classis
1307 421 1463 450 cathedras
1486 426 1670 461 assequatur.
1694 422 1750 457 Qui

1009 475 1078 495 vero
1109 472 1275 506 postremus
1308 469 1413 507 fuerit,
1442 470 1588 508 integrum
1612 471 1751 500 salarium

1008 515 1143 554 accipiat,
1168 516 1252 546 cuius
1275 521 1372 547 tamen
1396 519 1481 547 tertia
1506 528 1571 557 pars
1590 529 1625 548 ex
1644 519 1751 549 salario

1009 564 1183 602 professoris
1205 565 1320 595 emeriti
1343 566 1515 596 deducatur.
1549 567 1579 596 ln
1603 568 1750 598 cathedris

1009 622 1077 642 vero
1100 613 1262 651 theologiae
1286 615 1416 651 moralis,
1437 616 1639 655 philosophiae
1655 626 1751 646 mora-

1007 662 1061 698 lis,
1085 662 1300 692 rhetoricorum
1325 667 1353 692 et
1376 665 1590 702 astronomiae,
1615 670 1642 694 et
1664 665 1694 694 in
1713 666 1749 695 iis

1007 719 1081 749 quae
1103 710 1289 748 regularibus
1311 711 1508 750 destinantur,
1533 714 1706 751 professoris
1722 723 1752 743 e-

1007 758 1105 788 meriti
1122 759 1292 788 cathedram
1316 759 1421 798 adepto
1443 760 1591 798 integrum
1614 761 1749 791 exsolva-

1007 811 1054 836 tur
1076 807 1226 843 salarium,
1252 808 1386 838 videlicet
1408 809 1482 838 duae
1505 814 1602 848 partes
1626 819 1663 839 ex
1687 811 1751 840 uni-

1007 856 1155 885 versitatis
1177 856 1350 894 redditibus,
1374 857 1466 886 altera
1490 866 1557 887 vero
1586 867 1623 886 ex
1645 858 1750 887 salario

1007 904 1076 933 dicti
1099 904 1284 943 professoris

1027 979 1090 1008 ΤΠ.
1109 979 1180 1009 XXI.
1198 998 1236 1002 —-
1259 980 1298 1010 De
1319 981 1731 1021 cathedrarumtemporalium

1307 1030 1456 1059 curriculo.

1047 1098 1161 1138 Septem
1192 1100 1346 1130 cathedrae
1379 1101 1486 1130 artium
1509 1105 1537 1131 et
1559 1102 1748 1140 chirurgiae,

1007 1152 1067 1177 tres
1101 1148 1320 1178 institutionum
1358 1149 1488 1179 civilium
1506 1174 1513 1187 ,
1549 1154 1577 1180 et
1610 1156 1667 1181 tres
1702 1151 1751 1181 de-

1006 1196 1159 1226 cretalium
1178 1221 1185 1234 ,
1222 1197 1348 1227 triennio
1385 1199 1590 1228 terminentur.
1623 1200 1752 1230 Methodi

1008 1254 1085 1281 vero,
1098 1245 1276 1285 simplicium
1290 1251 1317 1276 et
1333 1252 1494 1284 anatomes,
1508 1248 1612 1286 digesti
1629 1249 1749 1287 veteris,

1006 1294 1184 1331 voluminis,
1211 1295 1291 1325 Sexti
1323 1300 1351 1325 et
1384 1296 1656 1336 Clementinarum,
1681 1307 1752 1337 qua-

1006 1343 1153 1373 driennio.
1188 1343 1288 1383 Lapsis
1319 1345 1410 1383 igitur
1447 1346 1573 1375 triennio
1606 1347 1650 1376 vel
1680 1356 1752 1386 qua-

1005 1393 1154 1431 driennio,
1171 1394 1269 1423 statim
1286 1399 1421 1424 vacantes
1444 1395 1538 1425 edicto
1562 1395 1752 1434 publicentur

1005 1442 1087 1471 iuxta
1111 1442 1278 1472 academiae
1300 1443 1478 1473 sanctiones.
1501 1443 1583 1479 Quod
1606 1445 1630 1474 si
1653 1445 1751 1475 cathe-

1005 1490 1074 1520 drae
1089 1491 1196 1520 artium
1214 1492 1383 1521 vacaverint
1399 1493 1524 1522 triennio
1540 1494 1669 1523 nondum
1685 1503 1752 1523 exa-

1004 1542 1072 1577 cto,
1096 1539 1146 1578 qui
1168 1539 1308 1569 suffectus
1336 1540 1445 1573 suerit,
1470 1549 1519 1570 eas
1550 1542 1751 1572 tantummodo

1004 1591 1134 1627 tempore
1157 1588 1234 1627 quod
1258 1593 1391 1627 superest
1412 1589 1553 1619 obtineat.

1044 1635 1106 1665 Non
1129 1637 1249 1676 perinde
1273 1646 1341 1666 vero
1364 1638 1414 1666 siat
1436 1638 1466 1667 in
1490 1638 1637 1677 plerisque
1660 1639 1747 1675 aliis;

1004 1694 1093 1721 nam,
1118 1685 1233 1724 expleto
1257 1690 1388 1725 tempore
1410 1687 1487 1726 quod
1516 1687 1751 1726 praedecessoris

1004 1734 1152 1764 curriculo
1175 1735 1275 1771 deest,
1298 1745 1406 1765 novum
1435 1741 1522 1775 atque
1551 1737 1700 1774 integrum
1723 1742 1752 1767 et

1003 1783 1205 1813 sanctionibus
1228 1784 1396 1814 academiae
1420 1786 1609 1824 praefinitum
1627 1785 1751 1816 docendi

1005 1842 1123 1861 cursum
1147 1843 1331 1863 successores
1353 1834 1521 1864 instituent.

1045 1881 1076 1910 ln
1098 1882 1308 1919 grammaticae
1330 1883 1475 1912 cathedris
1489 1906 1496 1920 ‚
1520 1883 1597 1922 quod
1621 1892 1673 1922 pro
1695 1883 1752 1913 eis-

1005 1929 1070 1958 dem
1093 1930 1280 1969 peculiariter
1303 1935 1444 1960 statutum
1467 1935 1521 1969 est,
1545 1930 1728 1961 observetur.

1006 2004 1067 2037 Τιτ.
1084 2004 1170 2034 XXII.
1186 2023 1225 2028 —
1240 2005 1280 2035 Dc
1294 2006 1463 2036 scholaribus
1485 2007 1544 2036 albo
1567 2007 1748 2036 inscribendae

1194 2060 1219 2085 et
1241 2065 1372 2084 cursuum
1392 2056 1562 2094 probatione.

1046 2128 1200 2157 Scholares
1222 2136 1335 2165 omnes,
1359 2136 1374 2156 a
1397 2128 1589 2165 grammatica
1611 2128 1645 2157 ad
1666 2129 1750 2161 theo·
1760 2136 1831 2183 ¹³91?ss
1845 2137 1943 2184 mffifflss‘

1835 2169 1858 2182 1*ss
1873 2170 1880 2180 ς
1938 2180 1943 2188 r

1006 2177 1131 2215 logiam,
1156 2176 1323 2206 academiae
1350 2176 1416 2206 albo
1438 2185 1490 2206 seu
1512 2177 1686 2207 matriculae
1707 2178 1750 2207 in·
1784 2190 1919 2210 animi-tione

1006 2226 1196 2263 scribantur,
1219 2225 1295 2265 quod
1318 2230 1452 2255 accurate
1475 2225 1633 2264 praestabit
1654 2235 1750 2256 secre-
1760 2216 1943 2266 ffffffsffssffss'ffi'ffl‘

1006 2276 1097 2305 tarius
1112 2275 1243 2312 singulas
1259 2274 1382 2304 seorsim
1398 2274 1565 2304 describens
1585 2275 1746 2314 facultates,

1005 2329 1034 2354 et
1046 2325 1075 2354 in
1090 2324 1220 2363 qualibet
1236 2323 1419 2362 singulorum
1434 2324 1551 2353 nomina
1565 2327 1593 2353 et
1609 2325 1745 2363 patriam,

1006 2375 1063 2403 una
1086 2382 1152 2402 cum
1170 2373 1228 2410 die,
1253 2382 1353 2402 mense
1375 2376 1404 2401 et
1425 2382 1518 2407 anno;
1542 2373 1672 2411 alioquin
1695 2383 1749 2404 nec

1006 2423 1069 2452 foro
1091 2422 1260 2460 gaudeant,
1284 2431 1338 2451 nec
1361 2421 1523 2460 privilegiis
1555 2422 1747 2459 academiae,

1005 2481 1059 2501 nec
1081 2475 1162 2501 ratus
1195 2480 1296 2500 eorum
1329 2480 1450 2505 cursus,
1475 2470 1531 2499 nisi
1561 2480 1576 2500 a
1599 2471 1666 2506 die,
1690 2482 1747 2511 qua

1007 2520 1177 2549 matriculae
1199 2519 1334 2558 inscripti
1360 2519 1487 2557 fuerint,
1511 2524 1683 2549 censeatur:
1707 2521 1750 2551 id-

1006 2577 1063 2607 que
1086 2569 1136 2597 ssat
1158 2568 1232 2597 infra
1255 2568 1318 2597 dies
1351 2567 1518 2606 quindecim
1548 2573 1611 2608 post
1642 2570 1748 2599 festum

1005 2616 1034 2646 S.
1059 2617 1152 2646 Lucae
1169 2639 1176 2652 ‚
1201 2620 1232 2645 ut
1254 2616 1367 2654 integro
1389 2616 1552 2647 studiorum
1575 2618 1724 2648 curriculo
1738 2643 1745 2655 ,
