2182 3137
182 268 229 293 iia.
251 266 279 293 c.
301 265 367 294 {733
413 256 477 291 490

212 807 286 827 Sta-lu<
310 812 345 832 pra

186 835 284 854 sviibitiii·
308 837 328 854 ut
350 840 369 853 iii

186 862 230 881 rubi
238 867 278 880 ira.

378 316 452 348 (lum
489 314 561 348 Sedi
589 314 794 358 Apostolicae
827 323 888 358 pro
925 313 1116 347 reductione

377 370 408 401 in
434 369 602 412 antiquum
639 373 754 400 statum
791 367 1013 410 deputationis
1042 367 1114 400 offi-

377 422 505 454 cialium
543 421 651 454 curiae
689 420 765 453 dieti
791 420 919 453 Ordinis
951 420 1116 453 inlocum

379 485 512 512 corum,
537 474 591 517 qui
618 474 754 506 durante
788 478 935 517 tempore
961 473 1117 507 eiusmodi

379 527 557 561 officiorum
583 527 646 560 illis
672 526 840 568 cesserint,
866 528 916 560 vel
943 527 982 560 ab
1004 527 1119 560 liuma-

379 581 429 614 iiis
449 581 665 614 decesserint:
684 580 770 614 idem
790 581 939 614 minister
957 580 1117 624 generalis

379 634 473 667 nobis
511 634 682 667 liuniiliter
719 634 893 678 supplicari
931 635 1004 667 fecit
1028 640 1063 667 ut
1086 635 1117 667 in

379 687 567 731 praemissis
601 692 789 731 opportune
826 688 997 731 providere
1030 693 1062 721 et
1085 693 1121 720 ut

381 742 464 774 infra
489 740 660 783 indulgere
694 741 733 773 de
764 741 966 784 benignitate
992 746 1120 784 aposto-

362 795 443 828 -lica
469 795 691 837 dignaremur.
716 793 790 834 Nos,
810 794 915 838 ipsum
936 794 1120 828 ministrum

382 849 567 891 generalem
594 847 746 891 specialis
772 847 878 880 favore
903 848 1026 890 gratiae
1046 858 1121 891 pro-

382 902 472 945 sequi
498 902 662 942 volentes,
690 906 722 934 et
754 912 771 933 a
804 901 971 945 quibusvis
996 912 1122 935 exeom-

381 954 624 993 miinicationis,
653 954 877 997 suspensionis
897 960 927 987 et
946 954 1120 996 interdicti,

382 1009 520 1052 aliisque
547 1006 774 1040 ecclesiasticis
800 1006 982 1046 sententiis,
1008 1018 1122 1040 censu-

382 1062 426 1094 ris
453 1067 484 1095 et
509 1060 643 1104 poenis,
672 1071 689 1092 a
721 1059 790 1092 iure
816 1060 866 1093 vel
902 1060 941 1092 ab
977 1060 1122 1102 homine,

382 1115 495 1159 quavis
520 1113 689 1148 occasione
715 1114 764 1146 vel
790 1115 883 1146 causa
909 1113 992 1155 latis,
1012 1114 1037 1147 si
1057 1115 1122 1159 qui-

381 1169 439 1202 bus
466 1167 713 1212 quomodolibet
737 1166 911 1200 innodatus
937 1166 1053 1209 existit,
1082 1169 1120 1202 ad

384 1222 533 1256 effectum
560 1220 786 1264 praesentium
818 1220 982 1254 dumtaxat
1006 1232 1123 1256 conse-

383 1276 547 1320 quendum
565 1302 572 1315 ‚
600 1274 715 1306 harum
742 1273 827 1307 serie
853 1274 1060 1309 absolventes
1093 1282 1124 1309 et

383 1330 566 1370 absolutum
608 1328 676 1360 sore
715 1332 911 1369 censentes,
938 1329 1122 1363 huiusmodi

384 1380 675 1427 siqiplicationibus
702 1380 864 1421 inclinati,
898 1383 1006 1416 audito
1032 1383 1122 1426 prius

384 1447 443 1480 pei·
468 1446 527 1468 nos
552 1445 649 1479 super
673 1445 858 1477 praemissis
885 1441 959 1469 voto
991 1447 1125 1479 congre-

385 1490 524 1532 gationis
541 1488 704 1532 generalis
720 1487 848 1521 Ordinis
866 1489 1036 1532 praedicti,
1057 1501 1124 1524 mo-

386 1543 459 1575 duni
477 1541 728 1584 infrascriptum,
747 1541 776 1573 in
797 1541 1006 1585 deputatione
1028 1543 1126 1577 dicto-

386 1607 455 1630 rum
488 1587 674 1629 officialium
711 1594 820 1628 curiae
857 1596 1043 1630 cedentium
1074 1598 1125 1630 vel

387 1649 624 1690 decedentium,
652 1648 806 1693 deinceps
825 1654 898 1692 post
916 1650 1062 1693 proxime
1080 1651 1126 1683 su-

388 1709 493 1736 turiim
519 1701 696 1746 capitulum
723 1703 877 1744 generale
904 1703 1050 1736 eiusdem
1072 1703 1127 1737 Or-

388 1756 471 1789 dinis
492 1755 622 1795 servari,
651 1755 842 1789 auctoritate
868 1757 1053 1799 apostolica,
1081 1764 1128 1791 te-

388 1821 467 1844 nore
485 1809 717 1854 praesentium,
737 1810 955 1853 praecipimus
981 1817 1012 1843 et
1036 1822 1127 1845 man-

389 1865 523 1898 damus:
556 1873 673 1906 nempe
705 1863 806 1906 quod,
832 1866 941 1897 secuta
966 1864 1127 1898 electione

388 1917 576 1951 officialium
602 1915 709 1948 euriae
735 1916 942 1960 praedictae,
968 1928 1027 1960 pro
1050 1922 1129 1951 tem-

389 1981 467 2015 pore
504 1970 644 2002 existens
680 1968 827 2002 minister
857 1969 1021 2012 generalis
1054 1970 1129 2004 dicti

389 2025 518 2058 Ordinis
556 2023 710 2056 fratribus
751 2023 925 2057 definitorii
967 2026 1130 2067 generalis

390 2090 443 2111 sex
469 2079 584 2111 saltem
611 2077 800 2120 religiosos,
826 2077 943 2111 debitis
968 2078 1131 2122 qualitati-

389 2133 447 2164 liiis
484 2131 668 2175 praeditos,
696 2131 781 2164 illius
818 2131 959 2164 nationis
997 2143 1033 2166 ex
1070 2144 1131 2176 qua

392 2186 488 2218 suerit
513 2184 660 2218 officialis
686 2185 821 2224 electus,
857 2195 1043 2228 proponere
1078 2186 1132 2219 de-

390 2240 477 2281 beat,
506 2244 536 2273 et
561 2249 597 2271 ex
623 2238 660 2271 iis
687 2244 752 2272 tres
778 2238 817 2271 ab
847 2238 917 2282 ipso
950 2238 1132 2274 definitorio

392 2294 579 2336 seligantur,
606 2303 622 2325 e
647 2292 785 2336 quibus,
812 2292 844 2325 in
870 2298 1021 2326 eventum
1046 2304 1134 2327 vaca-

394 2339 489 2380 tionis
517 2347 585 2380 eius
609 2346 722 2386 oflicii,
749 2346 834 2379 idem
860 2346 1010 2380 minister
1034 2358 1133 2390 gene-

393 2400 466 2433 ralis
492 2410 590 2432 unum
617 2400 654 2432 ad
682 2399 730 2432 sui
757 2399 883 2433 libitum
910 2400 1066 2443 deputare
1094 2406 1135 2434 te-

393 2459 529 2494 neatur,
568 2458 622 2494 et,
658 2453 683 2486 si
718 2452 891 2496 contigerit
923 2454 1061 2486 alterum
1097 2465 1132 2488 ex

394 2507 496 2539 tribus
522 2506 684 2548 religiosis
709 2506 754 2539 sie
779 2517 796 2539 a
831 2505 1016 2540 definitorio
1048 2507 1134 2541 dele-

395 2560 452 2592 ctis
477 2560 648 2599 decedere,
667 2565 720 2592 aut
738 2559 919 2605 inliabilem
938 2560 1020 2600 sore,
1039 2560 1135 2593 sacul-

395 2618 441 2645 tas
466 2612 603 2645 ministri
623 2613 783 2655 generalis
810 2613 986 2656 deputandi
1013 2613 1132 2646 dictum

395 2664 565 2700 officialem
590 2666 628 2699 ad
655 2666 737 2700 duos
769 2666 914 2711 reliquos
931 2693 939 2708 ,
973 2672 1134 2711 quatenus

956 262 1139 289 BULLARIUM
1164 263 1321 290 ROMANUM

1159 325 1237 348 vero
1263 314 1325 348 duo
1351 314 1468 347 mortui
1494 319 1550 348 aut
1574 314 1736 348 inhabiles
1765 315 1895 356 suerint,

1160 368 1198 401 ad
1224 368 1353 402 unicum
1379 368 1589 412 superstitem
1614 367 1752 401 limitata
1789 368 1831 401 sit
1866 375 1899 402 et

1161 432 1231 454 esse
1256 421 1457 464 intelligatur
1472 447 1479 459 ,
1507 420 1557 454 sin
1575 425 1682 454 autem
1700 431 1814 454 omnes
1833 426 1898 455 tres

1161 474 1302 508 obierint
1327 479 1382 507 aut
1405 473 1566 507 inhabiles
1587 474 1804 517 reperiantur,
1822 479 1899 508 tune

1162 528 1335 572 deputetur
1371 527 1542 570 religiosus
1578 527 1706 571 dignior
1731 528 1818 562 illius
1843 539 1900 562 na-

1164 581 1271 621 tionis,
1296 580 1334 613 dc
1361 591 1425 624 qua
1450 586 1519 613 erat
1545 579 1691 614 officialis
1717 582 1841 615 electus
1866 581 1900 615 in

1163 634 1303 678 capitulo
1336 633 1499 677 generali,
1525 633 1739 675 demandato,
1765 634 1798 667 in
1823 645 1900 668 casu

1163 688 1330 721 absentiae
1349 687 1492 730 religiosi
1512 687 1555 719 ita
1573 687 1727 730 deputati,
1747 687 1901 721 exercitio

1163 741 1259 775 oflicii
1291 739 1467 774 secretario
1499 739 1646 773 officialis
1683 741 1828 774 cedentis
1853 742 1903 775 vel

1165 795 1375 830 decedentis:
1395 794 1547 838 quodque
1565 793 1710 827 delectus
1735 794 1829 827 trium
1854 805 1904 828 re-

1166 848 1355 891 ligiosorum
1380 847 1636 891 praedictorum,
1663 858 1724 891 pro
1750 847 1904 881 fratribus

1166 902 1205 935 de
1241 901 1449 935 Observantia
1486 900 1679 934 Resorniatis
1711 900 1904 934 Excalceatis

1166 960 1198 987 et
1218 954 1413 988 Rccolleetis
1430 953 1584 987 Fi‘aneiae
1608 952 1805 997 nuncupatis
1827 954 1904 988 dieti

1165 1008 1315 1049 Ordinis,
1341 1008 1381 1041 ab
1408 1018 1521 1040 eorum
1548 1008 1728 1051 respective
1755 1007 1906 1042 definito-

1166 1062 1214 1095 rio
1239 1061 1385 1105 generali
1412 1060 1610 1104 perficiatur.

1209 1115 1224 1158 ἓ
1248 1114 1278 1147 02.
1306 1114 1542 1154 Deeernentes‚
1565 1113 1696 1147 easdem
1717 1119 1905 1158 praesentes

1166 1169 1289 1202 litteras
1315 1168 1438 1207 sirmas,
1462 1167 1584 1200 validas
1614 1173 1646 1200 et
1670 1167 1815 1201 efficaces
1842 1168 1905 1201 exi-

1166 1227 1253 1255 stere
1270 1226 1301 1254 et
1318 1221 1394 1260 sore,
1414 1231 1556 1263 suosque
1580 1219 1744 1264 plenarios
1770 1226 1801 1253 et
1825 1221 1906 1254 inte—

1167 1285 1240 1319 gros
1265 1274 1396 1308 effeetus
1420 1273 1528 1307 sortiri
1558 1279 1589 1307 et
1613 1273 1772 1315 obtinere,
1794 1274 1905 1319 sicque

1167 1335 1199 1363 et
1223 1339 1288 1362 non
1307 1328 1400 1361 aliter
1418 1328 1449 1360 in
1468 1326 1656 1371 praemissis
1670 1337 1727 1371 per
1742 1338 1910 1371 quoscum·

1168 1394 1229 1427 que
1270 1382 1395 1416 iudices
1429 1381 1611 1415 ordinarios
1652 1387 1683 1415 et
1721 1381 1908 1425 delegatos,

1169 1437 1264 1471 etiam
1290 1447 1458 1470 causarum
1485 1436 1595 1480 palatii
1621 1436 1790 1479 apostolici
1817 1437 1910 1470 audi-

1170 1497 1264 1532 tores,
1283 1489 1417 1523 iudicari
1439 1494 1470 1523 et
1491 1488 1616 1522 definiri
1636 1489 1765 1530 debere,
1785 1500 1820 1523 ac
1841 1489 1911 1522 irri-

1171 1551 1235 1578 tum
1255 1549 1285 1578 et
1302 1544 1397 1577 inane
1430 1542 1456 1576 si
1474 1553 1567 1576 secus
1592 1553 1689 1587 super
1714 1543 1765 1576 his
1790 1554 1808 1576 a
1833 1553 1911 1587 quo-

1170 1608 1287 1642 quam,
1314 1597 1423 1642 quavis
1457 1597 1663 1638 auctoritate,
1689 1597 1830 1631 scienter
1858 1597 1910 1631 vel

1171 1653 1372 1695 ignoranter,
1397 1650 1570 1694 contigerit
1594 1650 1757 1684 attentari.

1214 1706 1229 1750 ἓ
1253 1706 1285 1739 3.
1312 1705 1381 1738 Non
1400 1705 1605 1738 obstantibus
1623 1704 1908 1739 constitutionibus

1172 1764 1203 1792 et
1229 1758 1489 1792 ordinationibus
1526 1758 1734 1802 apostolicis,
1760 1769 1908 1799 necnon,

1172 1816 1333 1856 quatenus
1371 1822 1451 1855 opus
1487 1811 1545 1851 sit,
1570 1811 1697 1844 Ordinis
1733 1811 1911 1855 praedicti,

1173 1865 1269 1899 etiam
1290 1865 1486 1904 iuramento,
1511 1864 1757 1898 confirmatione
1782 1870 1913 1909 aposto-

1173 1919 1245 1960 tica,
1271 1924 1325 1951 aut
1350 1918 1460 1962 quavis
1486 1917 1637 1952 firmitate
1658 1918 1720 1951 alia
1738 1918 1912 1960 roboratis,

1174 1973 1302 2006 statutis
1329 1978 1360 2006 et
1392 1972 1698 2014 consuetudinibus,
1730 1972 1911 2017 privilegiis

1175 2037 1322 2070 quoque,
1348 2026 1481 2060 indultis
1506 2032 1537 2059 et
1562 2026 1679 2061 litteris
1703 2026 1913 2071 apostolicis,

1175 2080 1205 2113 in
1232 2079 1429 2113 contrarium
1455 2080 1710 2124 praemissorum
1736 2080 1915 2124 quomodof

1175 2133 1254 2168 libet
1278 2133 1449 2173 concessis,
1471 2132 1667 2166 confirmatis
1686 2138 1716 2166 et
1736 2133 1912 2176 innovatis;

1176 2187 1293 2231 quibus
1334 2186 1488 2229 omnibus
1524 2192 1556 2219 et
1590 2186 1748 2229 singulis,
1784 2187 1915 2220 illorum

1177 2246 1306 2274 tenores
1330 2240 1558 2284 praesentibus
1583 2250 1642 2282 pro
1666 2241 1766 2284 plene
1792 2246 1824 2274 et
1848 2241 1917 2279 sus<

1176 2293 1323 2327 sicienter
1348 2293 1511 2337 expressis
1537 2303 1573 2326 ae
1598 2293 1727 2327 insertis
1745 2292 1915 2334 habentes,

1177 2347 1240 2380 illis
1271 2347 1350 2380 alias
1377 2346 1408 2379 in
1428 2357 1501 2386 ,suo
1527 2346 1646 2380 robore
1673 2348 1917 2390 permansuris,

1177 2401 1216 2434 ad
1253 2400 1509 2444 praemissorum
1546 2399 1718 2440 effectum,
1751 2400 1812 2434 liae
1848 2401 1916 2435 vice

1178 2454 1352 2493 dumtaxat,
1378 2453 1564 2497 specialiter
1589 2459 1622 2487 et
1646 2462 1801 2497 expresse
1826 2454 1918 2489 dero-

1178 2517 1316 2550 gamus;
1354 2506 1534 2551 ceterisque
1572 2507 1745 2541 contrariis
1782 2507 1917 2552 quibus·

1178 2571 1328 2604 eumque.

1221 2613 1333 2647 Datum
1358 2614 1497 2655 Romae,
1523 2614 1608 2658 apud
1633 2614 1664 2647 S.
1692 2614 1821 2648 Mariam
1855 2614 1917 2648 Ma-

1177 2667 1297 2709 iorem,
1324 2667 1383 2700 sub
1409 2668 1530 2702 annulo
1555 2667 1740 2709 piscatoris,
1760 2667 1811 2702 die
1837 2678 1856 2703 x
1881 2678 1917 2708 ,af

1904 266 1956 295 ln.
1976 266 2007 295 C.
2023 266 2091 296 1733

1942 1124 2064 1146 clausulae.

1991 1711 2104 1737 nerag-aiio

1921 1739 2083 1760 conti-ariorum.
