<?xml version="1.0" encoding="UTF-8"?>
<!DOCTYPE html PUBLIC "-//W3C//DTD XHTML 1.0 Transitional//EN"
    "http://www.w3.org/TR/xhtml1/DTD/xhtml1-transitional.dtd">
<html xmlns="http://www.w3.org/1999/xhtml" xml:lang="en" lang="en">
 <head>
  <title>
</title>
<meta http-equiv="Content-Type" content="text/html;charset=utf-8" />
  <meta name='ocr-system' content='tesseract 3.04.00' />
  <meta name='ocr-capabilities' content='ocr_page ocr_carea ocr_par ocr_line ocrx_word'/>
</head>
<body>
  <div class='ocr_page' id='page_1' title='image "./bullarumdiplomat23cath_0534.png"; bbox 0 0 2182 3137; ppageno 0'>
   <div class='ocr_carea' id='block_1_1' title="bbox 237 215 423 242">
    <p class='ocr_par' dir='ltr' id='par_1_1' title="bbox 237 215 423 242">
     <span class='ocr_line' id='line_1_1' title="bbox 237 215 423 242; baseline 0.011 -2"><span class='ocrx_word' id='word_1_1' title='bbox 237 216 285 241; x_wconf 83' lang='grc' dir='ltr'>Αη.</span> <span class='ocrx_word' id='word_1_2' title='bbox 305 217 333 242; x_wconf 89' lang='lat' dir='ltr'>C.</span> <span class='ocrx_word' id='word_1_3' title='bbox 359 215 423 242; x_wconf 71' lang='lat'>2733</span> 
     </span>
    </p>
   </div>
   <div class='ocr_carea' id='block_1_2' title="bbox 239 2303 422 2513">
    <p class='ocr_par' dir='ltr' id='par_1_2' title="bbox 239 2303 422 2513">
     <span class='ocr_line' id='line_1_2' title="bbox 282 2303 422 2328; baseline -0.014 -5"><span class='ocrx_word' id='word_1_4' title='bbox 282 2303 307 2323; x_wconf 68' lang='grc' dir='ltr'>Αιι</span> <span class='ocrx_word' id='word_1_5' title='bbox 329 2303 422 2328; x_wconf 58' lang='lat' dir='ltr'>prioratu</span> 
     </span>
     <span class='ocr_line' id='line_1_3' title="bbox 239 2331 422 2349; baseline -0.005 0"><span class='ocrx_word' id='word_1_6' title='bbox 239 2336 247 2349; x_wconf 82' lang='lat' dir='ltr'>s</span> <span class='ocrx_word' id='word_1_7' title='bbox 271 2338 296 2349; x_wconf 76' lang='lat' dir='ltr'>un</span> <span class='ocrx_word' id='word_1_8' title='bbox 321 2331 422 2349; x_wconf 66' lang='lat' dir='ltr'>cunstitu-</span> 
     </span>
     <span class='ocr_line' id='line_1_4' title="bbox 240 2357 422 2381; baseline 0 -6"><span class='ocrx_word' id='word_1_9' title='bbox 240 2360 316 2376; x_wconf 71' lang='lat' dir='ltr'>tionem</span> <span class='ocrx_word' id='word_1_10' title='bbox 331 2362 367 2381; x_wconf 72' lang='lat' dir='ltr'>pro</span> <span class='ocrx_word' id='word_1_11' title='bbox 379 2357 422 2375; x_wconf 55' lang='lat' dir='ltr'>etv-</span> 
     </span>
     <span class='ocr_line' id='line_1_5' title="bbox 240 2383 420 2407; baseline -0.011 -4"><span class='ocrx_word' id='word_1_12' title='bbox 240 2390 288 2404; x_wconf 70' lang='lat' dir='ltr'>ricis</span> <span class='ocrx_word' id='word_1_13' title='bbox 321 2383 420 2407; x_wconf 61' lang='lat' dir='ltr'>regulati·</span> 
     </span>
     <span class='ocr_line' id='line_1_6' title="bbox 240 2410 420 2433; baseline -0.006 -4"><span class='ocrx_word' id='word_1_14' title='bbox 240 2411 277 2430; x_wconf 67' lang='lat' dir='ltr'>tui&lt;</span> <span class='ocrx_word' id='word_1_15' title='bbox 290 2410 420 2433; x_wconf 70' lang='lat' dir='ltr'>Pauperibus</span> 
     </span>
     <span class='ocr_line' id='line_1_7' title="bbox 240 2437 421 2457; baseline 0.006 -2"><span class='ocrx_word' id='word_1_16' title='bbox 240 2437 313 2457; x_wconf 72' lang='lat' dir='ltr'>Matti-</span> <span class='ocrx_word' id='word_1_17' title='bbox 331 2437 367 2456; x_wconf 67' lang='lat' dir='ltr'>be·</span> <span class='ocrx_word' id='word_1_18' title='bbox 384 2443 421 2456; x_wconf 91' lang='lat' dir='ltr'>uu-</span> 
     </span>
     <span class='ocr_line' id='line_1_8' title="bbox 240 2464 421 2489; baseline 0.006 -7"><span class='ocrx_word' id='word_1_19' title='bbox 240 2464 352 2489; x_wconf 65' lang='lat' dir='ltr'>dequaque</span> <span class='ocrx_word' id='word_1_20' title='bbox 373 2469 421 2483; x_wconf 80' lang='lat' dir='ltr'>cou-</span> 
     </span>
     <span class='ocr_line' id='line_1_9' title="bbox 240 2491 315 2513; baseline -0.053 -2"><span class='ocrx_word' id='word_1_21' title='bbox 240 2491 315 2513; x_wconf 66' lang='lat' dir='ltr'>[irruat.</span> 
     </span>
    </p>
   </div>
   <div class='ocr_carea' id='block_1_3' title="bbox 430 205 1175 2664">
    <p class='ocr_par' dir='ltr' id='par_1_3' title="bbox 430 205 1174 2289">
     <span class='ocr_line' id='line_1_10' title="bbox 469 205 532 239; baseline 0 0"><span class='ocrx_word' id='word_1_22' title='bbox 469 205 532 239; x_wconf 71' lang='lat'>51⁶2</span> 
     </span>
     <span class='ocr_line' id='line_1_11' title="bbox 430 265 1169 304; baseline 0 -7"><span class='ocrx_word' id='word_1_23' title='bbox 430 265 461 297; x_wconf 91' lang='lat' dir='ltr'>in</span> <span class='ocrx_word' id='word_1_24' title='bbox 500 265 626 299; x_wconf 86' lang='lat' dir='ltr'>civitate</span> <span class='ocrx_word' id='word_1_25' title='bbox 661 265 803 298; x_wconf 69' lang='lat' dir='ltr'>Yilnensi</span> <span class='ocrx_word' id='word_1_26' title='bbox 841 268 1102 304; x_wconf 71' lang='lat' dir='ltr'><strong>commorantes,</strong></span> <span class='ocrx_word' id='word_1_27' title='bbox 1135 267 1169 297; x_wconf 87' lang='lat' dir='ltr'>ut</span> 
     </span>
     <span class='ocr_line' id='line_1_12' title="bbox 431 318 1168 362; baseline 0.001 -13"><span class='ocrx_word' id='word_1_28' title='bbox 431 318 632 361; x_wconf 81' lang='lat' dir='ltr'>praefertur,</span> <span class='ocrx_word' id='word_1_29' title='bbox 660 318 878 358; x_wconf 87' lang='lat' dir='ltr'>introductas,</span> <span class='ocrx_word' id='word_1_30' title='bbox 904 324 1062 362; x_wconf 87' lang='lat' dir='ltr'>quatenus</span> <span class='ocrx_word' id='word_1_31' title='bbox 1087 327 1168 360; x_wconf 87' lang='lat' dir='ltr'>opus</span> 
     </span>
     <span class='ocr_line' id='line_1_13' title="bbox 430 371 1169 415; baseline 0.001 -12"><span class='ocrx_word' id='word_1_32' title='bbox 430 371 480 411; x_wconf 82' lang='lat' dir='ltr'>sit,</span> <span class='ocrx_word' id='word_1_33' title='bbox 499 371 536 404; x_wconf 86' lang='lat' dir='ltr'>ad</span> <span class='ocrx_word' id='word_1_34' title='bbox 556 382 614 404; x_wconf 91' lang='lat' dir='ltr'>nos</span> <span class='ocrx_word' id='word_1_35' title='bbox 632 376 663 404; x_wconf 88' lang='lat' dir='ltr'>et</span> <span class='ocrx_word' id='word_1_36' title='bbox 679 371 794 405; x_wconf 88' lang='lat' dir='ltr'>Sedem</span> <span class='ocrx_word' id='word_1_37' title='bbox 813 372 1013 415; x_wconf 88' lang='lat' dir='ltr'>praedictam</span> <span class='ocrx_word' id='word_1_38' title='bbox 1034 382 1169 404; x_wconf 87' lang='lat' dir='ltr'>avocan-</span> 
     </span>
     <span class='ocr_line' id='line_1_14' title="bbox 432 425 1169 469; baseline 0 -12"><span class='ocrx_word' id='word_1_39' title='bbox 432 430 490 464; x_wconf 79' lang='lat' dir='ltr'>tes,</span> <span class='ocrx_word' id='word_1_40' title='bbox 516 425 665 468; x_wconf 86' lang='lat' dir='ltr'>illasque,</span> <span class='ocrx_word' id='word_1_41' title='bbox 691 430 721 458; x_wconf 86' lang='lat' dir='ltr'>et</span> <span class='ocrx_word' id='word_1_42' title='bbox 746 425 1001 469; x_wconf 72' lang='lat' dir='ltr'>appellationem</span> <span class='ocrx_word' id='word_1_43' title='bbox 1023 435 1082 468; x_wconf 89' lang='lat' dir='ltr'>per</span> <span class='ocrx_word' id='word_1_44' title='bbox 1103 435 1169 458; x_wconf 87' lang='lat' dir='ltr'>eos-</span> 
     </span>
     <span class='ocr_line' id='line_1_15' title="bbox 430 478 1168 521; baseline -0.001 -10"><span class='ocrx_word' id='word_1_45' title='bbox 430 478 503 511; x_wconf 84' lang='lat' dir='ltr'>dem</span> <span class='ocrx_word' id='word_1_46' title='bbox 529 478 665 511; x_wconf 89' lang='lat' dir='ltr'>elericos</span> <span class='ocrx_word' id='word_1_47' title='bbox 691 480 857 521; x_wconf 73' lang='lat' dir='ltr'><strong>regulares</strong></span> <span class='ocrx_word' id='word_1_48' title='bbox 883 478 1055 512; x_wconf 88' lang='lat' dir='ltr'>Societatis</span> <span class='ocrx_word' id='word_1_49' title='bbox 1080 478 1168 518; x_wconf 91' lang='lat' dir='ltr'>Iesu,</span> 
     </span>
     <span class='ocr_line' id='line_1_16' title="bbox 430 532 1170 576; baseline 0.001 -12"><span class='ocrx_word' id='word_1_50' title='bbox 430 537 463 564; x_wconf 90' lang='lat' dir='ltr'>ut</span> <span class='ocrx_word' id='word_1_51' title='bbox 489 533 684 575; x_wconf 78' lang='lat' dir='ltr'>praescitur,</span> <span class='ocrx_word' id='word_1_52' title='bbox 714 532 958 576; x_wconf 86' lang='lat' dir='ltr'>interpositam,</span> <span class='ocrx_word' id='word_1_53' title='bbox 984 532 1113 576; x_wconf 85' lang='lat' dir='ltr'>penitus</span> <span class='ocrx_word' id='word_1_54' title='bbox 1139 538 1170 565; x_wconf 88' lang='lat' dir='ltr'>et</span> 
     </span>
     <span class='ocr_line' id='line_1_17' title="bbox 434 585 1168 630; baseline 0 -12"><span class='ocrx_word' id='word_1_55' title='bbox 434 585 566 619; x_wconf 74' lang='lat' dir='ltr'>cumino</span> <span class='ocrx_word' id='word_1_56' title='bbox 603 586 828 628; x_wconf 71' lang='lat' dir='ltr'>extinguentes</span> <span class='ocrx_word' id='word_1_57' title='bbox 854 591 885 619; x_wconf 90' lang='lat' dir='ltr'>et</span> <span class='ocrx_word' id='word_1_58' title='bbox 910 586 1168 630; x_wconf 75' lang='lat' dir='ltr'>supprimentes,</span> 
     </span>
     <span class='ocr_line' id='line_1_18' title="bbox 433 639 1171 683; baseline -0.001 -11"><span class='ocrx_word' id='word_1_59' title='bbox 433 650 469 672; x_wconf 86' lang='lat' dir='ltr'>ae</span> <span class='ocrx_word' id='word_1_60' title='bbox 494 650 592 683; x_wconf 87' lang='lat' dir='ltr'>super</span> <span class='ocrx_word' id='word_1_61' title='bbox 618 639 663 672; x_wconf 89' lang='lat' dir='ltr'>eis</span> <span class='ocrx_word' id='word_1_62' title='bbox 687 645 882 683; x_wconf 86' lang='lat' dir='ltr'>perpetuum</span> <span class='ocrx_word' id='word_1_63' title='bbox 918 639 1083 673; x_wconf 87' lang='lat' dir='ltr'>silentium</span> <span class='ocrx_word' id='word_1_64' title='bbox 1115 639 1171 672; x_wconf 84' lang='lat' dir='ltr'>im-</span> 
     </span>
     <span class='ocr_line' id='line_1_19' title="bbox 432 693 1170 737; baseline 0 -12"><span class='ocrx_word' id='word_1_65' title='bbox 432 698 609 735; x_wconf 87' lang='lat' dir='ltr'>ponentes,</span> <span class='ocrx_word' id='word_1_66' title='bbox 642 698 728 726; x_wconf 87' lang='lat' dir='ltr'>motu</span> <span class='ocrx_word' id='word_1_67' title='bbox 762 693 919 737; x_wconf 88' lang='lat' dir='ltr'>proprio,</span> <span class='ocrx_word' id='word_1_68' title='bbox 957 699 1048 726; x_wconf 85' lang='lat' dir='ltr'>etex</span> <span class='ocrx_word' id='word_1_69' title='bbox 1083 694 1170 726; x_wconf 79' lang='lat' dir='ltr'>certa</span> 
     </span>
     <span class='ocr_line' id='line_1_20' title="bbox 431 745 1170 789; baseline 0.001 -12"><span class='ocrx_word' id='word_1_70' title='bbox 431 745 565 778; x_wconf 77' lang='lat' dir='ltr'>scientia</span> <span class='ocrx_word' id='word_1_71' title='bbox 591 756 626 778; x_wconf 90' lang='lat' dir='ltr'>ac</span> <span class='ocrx_word' id='word_1_72' title='bbox 647 746 886 779; x_wconf 78' lang='lat' dir='ltr'>deliberatione</span> <span class='ocrx_word' id='word_1_73' title='bbox 908 746 1043 786; x_wconf 79' lang='lat' dir='ltr'>nostris,</span> <span class='ocrx_word' id='word_1_74' title='bbox 1066 745 1170 789; x_wconf 84' lang='lat' dir='ltr'>deque</span> 
     </span>
     <span class='ocr_line' id='line_1_21' title="bbox 431 799 1171 843; baseline 0.001 -12"><span class='ocrx_word' id='word_1_75' title='bbox 431 799 629 842; x_wconf 86' lang='lat' dir='ltr'>apostolicae</span> <span class='ocrx_word' id='word_1_76' title='bbox 647 799 814 843; x_wconf 86' lang='lat' dir='ltr'>potestatis</span> <span class='ocrx_word' id='word_1_77' title='bbox 831 799 1047 843; x_wconf 84' lang='lat' dir='ltr'>plenitudine,</span> <span class='ocrx_word' id='word_1_78' title='bbox 1063 799 1171 832; x_wconf 88' lang='lat' dir='ltr'>decre-</span> 
     </span>
     <span class='ocr_line' id='line_1_22' title="bbox 432 852 1171 895; baseline -0.001 -10"><span class='ocrx_word' id='word_1_79' title='bbox 432 858 497 885; x_wconf 90' lang='lat' dir='ltr'>tum</span> <span class='ocrx_word' id='word_1_80' title='bbox 523 852 792 895; x_wconf 77' lang='lat' dir='ltr'>Congregationis</span> <span class='ocrx_word' id='word_1_81' title='bbox 817 852 1005 885; x_wconf 87' lang='lat' dir='ltr'>eorumdem</span> <span class='ocrx_word' id='word_1_82' title='bbox 1031 852 1171 885; x_wconf 85' lang='lat' dir='ltr'>cardina-</span> 
     </span>
     <span class='ocr_line' id='line_1_23' title="bbox 432 905 1172 949; baseline -0.003 -10"><span class='ocrx_word' id='word_1_83' title='bbox 432 906 528 946; x_wconf 87' lang='lat' dir='ltr'>lium,</span> <span class='ocrx_word' id='word_1_84' title='bbox 554 906 693 949; x_wconf 86' lang='lat' dir='ltr'>negotiis</span> <span class='ocrx_word' id='word_1_85' title='bbox 720 911 751 938; x_wconf 89' lang='lat' dir='ltr'>et</span> <span class='ocrx_word' id='word_1_86' title='bbox 775 905 1071 938; x_wconf 80' lang='lat' dir='ltr'>consultationibus</span> <span class='ocrx_word' id='word_1_87' title='bbox 1104 905 1172 948; x_wconf 90' lang='lat' dir='ltr'>epi-</span> 
     </span>
     <span class='ocr_line' id='line_1_24' title="bbox 432 958 1171 1002; baseline -0.001 -11"><span class='ocrx_word' id='word_1_88' title='bbox 432 968 609 1002; x_wconf 89' lang='lat' dir='ltr'>scoporum</span> <span class='ocrx_word' id='word_1_89' title='bbox 629 964 660 991; x_wconf 88' lang='lat' dir='ltr'>et</span> <span class='ocrx_word' id='word_1_90' title='bbox 678 959 877 1001; x_wconf 76' lang='lat' dir='ltr'>regularium</span> <span class='ocrx_word' id='word_1_91' title='bbox 898 958 1171 1002; x_wconf 88' lang='lat' dir='ltr'>praepositorum,</span> 
     </span>
     <span class='ocr_line' id='line_1_25' title="bbox 431 1012 1173 1056; baseline 0.001 -12"><span class='ocrx_word' id='word_1_92' title='bbox 431 1017 467 1045; x_wconf 87' lang='lat' dir='ltr'>ut</span> <span class='ocrx_word' id='word_1_93' title='bbox 490 1013 681 1056; x_wconf 80' lang='lat' dir='ltr'>praefertur,</span> <span class='ocrx_word' id='word_1_94' title='bbox 702 1013 834 1052; x_wconf 87' lang='lat' dir='ltr'>editum,</span> <span class='ocrx_word' id='word_1_95' title='bbox 856 1017 887 1045; x_wconf 88' lang='lat' dir='ltr'>et</span> <span class='ocrx_word' id='word_1_96' title='bbox 903 1012 1027 1045; x_wconf 82' lang='lat' dir='ltr'>litteras</span> <span class='ocrx_word' id='word_1_97' title='bbox 1045 1017 1173 1056; x_wconf 89' lang='lat' dir='ltr'>aposto-</span> 
     </span>
     <span class='ocr_line' id='line_1_26' title="bbox 431 1065 1171 1109; baseline 0 -11"><span class='ocrx_word' id='word_1_98' title='bbox 431 1065 509 1099; x_wconf 89' lang='lat' dir='ltr'>licas</span> <span class='ocrx_word' id='word_1_99' title='bbox 535 1066 679 1099; x_wconf 87' lang='lat' dir='ltr'>eiusdem</span> <span class='ocrx_word' id='word_1_100' title='bbox 705 1066 871 1099; x_wconf 71' lang='lat' dir='ltr'>Benedicti</span> <span class='ocrx_word' id='word_1_101' title='bbox 908 1065 1171 1109; x_wconf 79' lang='lat' dir='ltr'>praedecessoris</span> 
     </span>
     <span class='ocr_line' id='line_1_27' title="bbox 432 1119 1171 1163; baseline 0.001 -12"><span class='ocrx_word' id='word_1_102' title='bbox 432 1130 531 1163; x_wconf 87' lang='lat' dir='ltr'>super</span> <span class='ocrx_word' id='word_1_103' title='bbox 557 1119 676 1153; x_wconf 89' lang='lat' dir='ltr'>decreti</span> <span class='ocrx_word' id='word_1_104' title='bbox 708 1120 897 1152; x_wconf 87' lang='lat' dir='ltr'>huiusmodi</span> <span class='ocrx_word' id='word_1_105' title='bbox 923 1119 1171 1153; x_wconf 79' lang='lat' dir='ltr'>confirmatione</span> 
     </span>
     <span class='ocr_line' id='line_1_28' title="bbox 431 1173 1172 1214; baseline 0 -8"><span class='ocrx_word' id='word_1_106' title='bbox 431 1173 464 1206; x_wconf 90' lang='lat' dir='ltr'>in</span> <span class='ocrx_word' id='word_1_107' title='bbox 491 1173 591 1207; x_wconf 79' lang='lat' dir='ltr'>forma</span> <span class='ocrx_word' id='word_1_108' title='bbox 616 1173 724 1207; x_wconf 84' lang='lat' dir='ltr'>Brevis</span> <span class='ocrx_word' id='word_1_109' title='bbox 745 1174 919 1214; x_wconf 77' lang='lat' dir='ltr'>contectas,</span> <span class='ocrx_word' id='word_1_110' title='bbox 946 1173 1024 1206; x_wconf 89' lang='lat' dir='ltr'>itaut</span> <span class='ocrx_word' id='word_1_111' title='bbox 1042 1175 1097 1207; x_wconf 87' lang='lat' dir='ltr'>illa</span> <span class='ocrx_word' id='word_1_112' title='bbox 1118 1174 1172 1206; x_wconf 93' lang='lat' dir='ltr'>im-</span> 
     </span>
     <span class='ocr_line' id='line_1_29' title="bbox 431 1226 1172 1270; baseline 0.001 -11"><span class='ocrx_word' id='word_1_113' title='bbox 431 1232 597 1270; x_wconf 87' lang='lat' dir='ltr'>posterum</span> <span class='ocrx_word' id='word_1_114' title='bbox 624 1237 682 1269; x_wconf 90' lang='lat' dir='ltr'>per</span> <span class='ocrx_word' id='word_1_115' title='bbox 705 1226 809 1260; x_wconf 85' lang='lat' dir='ltr'>dictos</span> <span class='ocrx_word' id='word_1_116' title='bbox 835 1227 974 1260; x_wconf 85' lang='lat' dir='ltr'>elericos</span> <span class='ocrx_word' id='word_1_117' title='bbox 1006 1228 1172 1270; x_wconf 75' lang='lat' dir='ltr'>regulares</span> 
     </span>
     <span class='ocr_line' id='line_1_30' title="bbox 431 1279 1172 1324; baseline 0.003 -12"><span class='ocrx_word' id='word_1_118' title='bbox 431 1279 601 1312; x_wconf 83' lang='lat' dir='ltr'>Societatis</span> <span class='ocrx_word' id='word_1_119' title='bbox 618 1279 688 1313; x_wconf 87' lang='lat' dir='ltr'>Iesu</span> <span class='ocrx_word' id='word_1_120' title='bbox 706 1279 738 1313; x_wconf 91' lang='lat' dir='ltr'>in</span> <span class='ocrx_word' id='word_1_121' title='bbox 764 1280 992 1324; x_wconf 88' lang='lat' dir='ltr'>quodcumque</span> <span class='ocrx_word' id='word_1_122' title='bbox 1017 1280 1172 1314; x_wconf 89' lang='lat' dir='ltr'>iudicium</span> 
     </span>
     <span class='ocr_line' id='line_1_31' title="bbox 432 1333 1171 1378; baseline 0.004 -14"><span class='ocrx_word' id='word_1_123' title='bbox 432 1335 479 1367; x_wconf 79' lang='lat' dir='ltr'>vel</span> <span class='ocrx_word' id='word_1_124' title='bbox 506 1338 595 1367; x_wconf 82' lang='lat' dir='ltr'>extra</span> <span class='ocrx_word' id='word_1_125' title='bbox 619 1333 698 1367; x_wconf 90' lang='lat' dir='ltr'>illud</span> <span class='ocrx_word' id='word_1_126' title='bbox 717 1344 881 1377; x_wconf 86' lang='lat' dir='ltr'>nunquam</span> <span class='ocrx_word' id='word_1_127' title='bbox 901 1334 1018 1367; x_wconf 88' lang='lat' dir='ltr'>deduci</span> <span class='ocrx_word' id='word_1_128' title='bbox 1037 1334 1171 1378; x_wconf 83' lang='lat' dir='ltr'>possint,</span> 
     </span>
     <span class='ocr_line' id='line_1_32' title="bbox 433 1382 1172 1431; baseline 0.003 -12"><span class='ocrx_word' id='word_1_129' title='bbox 433 1387 517 1420; x_wconf 80' lang='lat' dir='ltr'>dicta</span> <span class='ocrx_word' id='word_1_130' title='bbox 534 1387 711 1431; x_wconf 77' lang='lat' dir='ltr'>apostolica</span> <span class='ocrx_word' id='word_1_131' title='bbox 729 1382 933 1428; x_wconf 86' lang='lat' dir='ltr'>auctoritate,</span> <span class='ocrx_word' id='word_1_132' title='bbox 953 1393 1066 1421; x_wconf 88' lang='lat' dir='ltr'>tenore</span> <span class='ocrx_word' id='word_1_133' title='bbox 1080 1399 1172 1431; x_wconf 87' lang='lat' dir='ltr'>prae-</span> 
     </span>
     <span class='ocr_line' id='line_1_33' title="bbox 433 1440 1172 1484; baseline 0.003 -11"><span class='ocrx_word' id='word_1_134' title='bbox 433 1440 584 1482; x_wconf 89' lang='lat' dir='ltr'>sentium,</span> <span class='ocrx_word' id='word_1_135' title='bbox 610 1444 768 1484; x_wconf 86' lang='lat' dir='ltr'>perpetuo</span> <span class='ocrx_word' id='word_1_136' title='bbox 794 1451 989 1481; x_wconf 82' lang='lat' dir='ltr'>revocamus,</span> <span class='ocrx_word' id='word_1_137' title='bbox 1016 1441 1172 1475; x_wconf 86' lang='lat' dir='ltr'>rescindi-</span> 
     </span>
     <span class='ocr_line' id='line_1_34' title="bbox 431 1495 1172 1537; baseline 0.004 -10"><span class='ocrx_word' id='word_1_138' title='bbox 431 1505 501 1527; x_wconf 87' lang='lat' dir='ltr'>mus</span> <span class='ocrx_word' id='word_1_139' title='bbox 527 1499 558 1527; x_wconf 91' lang='lat' dir='ltr'>et</span> <span class='ocrx_word' id='word_1_140' title='bbox 582 1495 796 1537; x_wconf 77' lang='lat' dir='ltr'>abrogamus;</span> <span class='ocrx_word' id='word_1_141' title='bbox 823 1501 855 1528; x_wconf 90' lang='lat' dir='ltr'>et</span> <span class='ocrx_word' id='word_1_142' title='bbox 871 1495 1104 1529; x_wconf 86' lang='lat' dir='ltr'>ultimodictam</span> <span class='ocrx_word' id='word_1_143' title='bbox 1123 1507 1172 1530; x_wconf 91' lang='lat' dir='ltr'>re-</span> 
     </span>
     <span class='ocr_line' id='line_1_35' title="bbox 433 1547 1172 1593; baseline 0.003 -12"><span class='ocrx_word' id='word_1_144' title='bbox 433 1547 632 1583; x_wconf 87' lang='lat' dir='ltr'>solutionem</span> <span class='ocrx_word' id='word_1_145' title='bbox 658 1559 712 1581; x_wconf 89' lang='lat' dir='ltr'>seu</span> <span class='ocrx_word' id='word_1_146' title='bbox 739 1549 904 1582; x_wconf 89' lang='lat' dir='ltr'>decretum</span> <span class='ocrx_word' id='word_1_147' title='bbox 940 1559 999 1592; x_wconf 88' lang='lat' dir='ltr'>per</span> <span class='ocrx_word' id='word_1_148' title='bbox 1032 1550 1172 1593; x_wconf 83' lang='lat' dir='ltr'>Congre-</span> 
     </span>
     <span class='ocr_line' id='line_1_36' title="bbox 434 1601 1168 1646; baseline 0.003 -12"><span class='ocrx_word' id='word_1_149' title='bbox 434 1601 598 1644; x_wconf 80' lang='lat' dir='ltr'>gationem</span> <span class='ocrx_word' id='word_1_150' title='bbox 623 1602 857 1645; x_wconf 85' lang='lat' dir='ltr'>particularem</span> <span class='ocrx_word' id='word_1_151' title='bbox 873 1629 880 1642; x_wconf 96' lang='lat'>,</span> <span class='ocrx_word' id='word_1_152' title='bbox 915 1608 950 1635; x_wconf 89' lang='lat' dir='ltr'>ut</span> <span class='ocrx_word' id='word_1_153' title='bbox 974 1603 1168 1646; x_wconf 82' lang='lat' dir='ltr'>praefertur,</span> 
     </span>
     <span class='ocr_line' id='line_1_37' title="bbox 434 1656 1172 1701; baseline 0.005 -14"><span class='ocrx_word' id='word_1_154' title='bbox 434 1660 636 1696; x_wconf 78' lang='lat' dir='ltr'>emanatura,</span> <span class='ocrx_word' id='word_1_155' title='bbox 661 1661 692 1689; x_wconf 90' lang='lat' dir='ltr'>et</span> <span class='ocrx_word' id='word_1_156' title='bbox 728 1656 921 1689; x_wconf 90' lang='lat' dir='ltr'>sententiam</span> <span class='ocrx_word' id='word_1_157' title='bbox 960 1657 1078 1690; x_wconf 88' lang='lat' dir='ltr'>deinde</span> <span class='ocrx_word' id='word_1_158' title='bbox 1113 1668 1172 1701; x_wconf 90' lang='lat' dir='ltr'>per</span> 
     </span>
     <span class='ocr_line' id='line_1_38' title="bbox 435 1709 1171 1754; baseline 0.001 -12"><span class='ocrx_word' id='word_1_159' title='bbox 435 1709 587 1742; x_wconf 89' lang='lat' dir='ltr'>eumdem</span> <span class='ocrx_word' id='word_1_160' title='bbox 613 1709 765 1742; x_wconf 88' lang='lat' dir='ltr'>nuncium</span> <span class='ocrx_word' id='word_1_161' title='bbox 800 1715 947 1743; x_wconf 89' lang='lat' dir='ltr'>nostrum</span> <span class='ocrx_word' id='word_1_162' title='bbox 974 1710 1081 1743; x_wconf 81' lang='lat' dir='ltr'>favore</span> <span class='ocrx_word' id='word_1_163' title='bbox 1105 1711 1171 1754; x_wconf 88' lang='lat' dir='ltr'>pri-</span> 
     </span>
     <span class='ocr_line' id='line_1_39' title="bbox 433 1761 1172 1806; baseline 0.003 -12"><span class='ocrx_word' id='word_1_164' title='bbox 433 1761 648 1795; x_wconf 86' lang='lat' dir='ltr'>modictorum</span> <span class='ocrx_word' id='word_1_165' title='bbox 674 1763 869 1796; x_wconf 86' lang='lat' dir='ltr'>clericorum</span> <span class='ocrx_word' id='word_1_166' title='bbox 899 1763 1096 1806; x_wconf 80' lang='lat' dir='ltr'>regularium</span> <span class='ocrx_word' id='word_1_167' title='bbox 1128 1764 1172 1797; x_wconf 90' lang='lat' dir='ltr'>la-</span> 
     </span>
     <span class='ocr_line' id='line_1_40' title="bbox 437 1815 1172 1861; baseline 0.003 -13"><span class='ocrx_word' id='word_1_168' title='bbox 437 1820 519 1856; x_wconf 87' lang='lat' dir='ltr'>tam,</span> <span class='ocrx_word' id='word_1_169' title='bbox 545 1815 738 1849; x_wconf 87' lang='lat' dir='ltr'>auctoritate</span> <span class='ocrx_word' id='word_1_170' title='bbox 771 1818 881 1849; x_wconf 76' lang='lat' dir='ltr'>nostra</span> <span class='ocrx_word' id='word_1_171' title='bbox 913 1822 1074 1861; x_wconf 90' lang='lat' dir='ltr'>perpetuo</span> <span class='ocrx_word' id='word_1_172' title='bbox 1099 1828 1172 1851; x_wconf 91' lang='lat' dir='ltr'>con-</span> 
     </span>
     <span class='ocr_line' id='line_1_41' title="bbox 434 1869 1172 1916; baseline 0.004 -15"><span class='ocrx_word' id='word_1_173' title='bbox 434 1869 599 1903; x_wconf 76' lang='lat' dir='ltr'>firmamus</span> <span class='ocrx_word' id='word_1_174' title='bbox 626 1875 657 1903; x_wconf 89' lang='lat' dir='ltr'>et</span> <span class='ocrx_word' id='word_1_175' title='bbox 681 1871 920 1914; x_wconf 85' lang='lat' dir='ltr'>approbamus;</span> <span class='ocrx_word' id='word_1_176' title='bbox 947 1872 1078 1916; x_wconf 89' lang='lat' dir='ltr'>illisque</span> <span class='ocrx_word' id='word_1_177' title='bbox 1100 1882 1172 1914; x_wconf 88' lang='lat' dir='ltr'>per-</span> 
     </span>
     <span class='ocr_line' id='line_1_42' title="bbox 434 1923 1172 1968; baseline 0.004 -13"><span class='ocrx_word' id='word_1_178' title='bbox 434 1927 551 1967; x_wconf 89' lang='lat' dir='ltr'>petuae</span> <span class='ocrx_word' id='word_1_179' title='bbox 577 1929 608 1956; x_wconf 93' lang='lat' dir='ltr'>et</span> <span class='ocrx_word' id='word_1_180' title='bbox 632 1923 826 1957; x_wconf 83' lang='lat' dir='ltr'>inviolabilis</span> <span class='ocrx_word' id='word_1_181' title='bbox 853 1925 1048 1968; x_wconf 86' lang='lat' dir='ltr'>apostolicae</span> <span class='ocrx_word' id='word_1_182' title='bbox 1074 1925 1172 1958; x_wconf 82' lang='lat' dir='ltr'>sirmi-</span> 
     </span>
     <span class='ocr_line' id='line_1_43' title="bbox 435 1977 1174 2023; baseline 0.004 -14"><span class='ocrx_word' id='word_1_183' title='bbox 435 1977 508 2010; x_wconf 87' lang='lat' dir='ltr'>tatis</span> <span class='ocrx_word' id='word_1_184' title='bbox 550 1978 651 2010; x_wconf 89' lang='lat' dir='ltr'>robur</span> <span class='ocrx_word' id='word_1_185' title='bbox 690 1978 878 2018; x_wconf 87' lang='lat' dir='ltr'>adiicimus,</span> <span class='ocrx_word' id='word_1_186' title='bbox 923 1990 1101 2023; x_wconf 87' lang='lat' dir='ltr'>omnesque</span> <span class='ocrx_word' id='word_1_187' title='bbox 1141 1984 1174 2012; x_wconf 87' lang='lat' dir='ltr'>et</span> 
     </span>
     <span class='ocr_line' id='line_1_44' title="bbox 435 2031 1174 2077; baseline 0.005 -14"><span class='ocrx_word' id='word_1_188' title='bbox 435 2031 581 2074; x_wconf 79' lang='lat' dir='ltr'>singulos</span> <span class='ocrx_word' id='word_1_189' title='bbox 615 2037 678 2065; x_wconf 90' lang='lat' dir='ltr'>tam</span> <span class='ocrx_word' id='word_1_190' title='bbox 715 2032 793 2066; x_wconf 92' lang='lat' dir='ltr'>iuris</span> <span class='ocrx_word' id='word_1_191' title='bbox 819 2044 913 2077; x_wconf 88' lang='lat' dir='ltr'>quam</span> <span class='ocrx_word' id='word_1_192' title='bbox 940 2034 1013 2066; x_wconf 84' lang='lat' dir='ltr'>sacti</span> <span class='ocrx_word' id='word_1_193' title='bbox 1039 2039 1070 2067; x_wconf 88' lang='lat' dir='ltr'>et</span> <span class='ocrx_word' id='word_1_194' title='bbox 1093 2032 1174 2067; x_wconf 84' lang='lat' dir='ltr'>sote-</span> 
     </span>
     <span class='ocr_line' id='line_1_45' title="bbox 435 2085 1174 2130; baseline 0.004 -13"><span class='ocrx_word' id='word_1_195' title='bbox 435 2085 627 2126; x_wconf 85' lang='lat' dir='ltr'>mnitatum,</span> <span class='ocrx_word' id='word_1_196' title='bbox 655 2098 690 2119; x_wconf 88' lang='lat' dir='ltr'>ae</span> <span class='ocrx_word' id='word_1_197' title='bbox 722 2097 945 2130; x_wconf 82' lang='lat' dir='ltr'>quoscumque</span> <span class='ocrx_word' id='word_1_198' title='bbox 970 2087 1051 2120; x_wconf 90' lang='lat' dir='ltr'>alios</span> <span class='ocrx_word' id='word_1_199' title='bbox 1076 2098 1174 2130; x_wconf 87' lang='lat' dir='ltr'>quan-</span> 
     </span>
     <span class='ocr_line' id='line_1_46' title="bbox 436 2139 1173 2184; baseline 0.004 -14"><span class='ocrx_word' id='word_1_200' title='bbox 436 2139 551 2171; x_wconf 91' lang='lat' dir='ltr'>tumvis</span> <span class='ocrx_word' id='word_1_201' title='bbox 577 2139 806 2172; x_wconf 87' lang='lat' dir='ltr'>substantiales</span> <span class='ocrx_word' id='word_1_202' title='bbox 827 2139 985 2180; x_wconf 86' lang='lat' dir='ltr'>desectus,</span> <span class='ocrx_word' id='word_1_203' title='bbox 1003 2140 1029 2172; x_wconf 89' lang='lat' dir='ltr'>si</span> <span class='ocrx_word' id='word_1_204' title='bbox 1051 2140 1103 2184; x_wconf 89' lang='lat' dir='ltr'>qui</span> <span class='ocrx_word' id='word_1_205' title='bbox 1124 2141 1173 2174; x_wconf 90' lang='lat' dir='ltr'>de-</span> 
     </span>
     <span class='ocr_line' id='line_1_47' title="bbox 435 2192 1172 2236; baseline 0.003 -12"><span class='ocrx_word' id='word_1_206' title='bbox 435 2202 532 2235; x_wconf 85' lang='lat' dir='ltr'>super</span> <span class='ocrx_word' id='word_1_207' title='bbox 567 2192 818 2236; x_wconf 85' lang='lat' dir='ltr'>quomodolibet</span> <span class='ocrx_word' id='word_1_208' title='bbox 854 2192 1109 2235; x_wconf 86' lang='lat' dir='ltr'>intervenerint,</span> <span class='ocrx_word' id='word_1_209' title='bbox 1140 2194 1172 2227; x_wconf 93' lang='lat' dir='ltr'>in</span> 
     </span>
     <span class='ocr_line' id='line_1_48' title="bbox 434 2244 779 2289; baseline 0.003 -12"><span class='ocrx_word' id='word_1_210' title='bbox 434 2244 550 2278; x_wconf 90' lang='lat' dir='ltr'>iisdem</span> <span class='ocrx_word' id='word_1_211' title='bbox 576 2246 779 2289; x_wconf 82' lang='lat' dir='ltr'>supplemus.</span> 
     </span>
    </p>

    <p class='ocr_par' dir='ltr' id='par_1_4' title="bbox 432 2297 1175 2664">
     <span class='ocr_line' id='line_1_49' title="bbox 478 2297 1174 2342; baseline 0.004 -12"><span class='ocrx_word' id='word_1_212' title='bbox 478 2299 492 2342; x_wconf 66' lang='lat' dir='ltr'>g</span> <span class='ocrx_word' id='word_1_213' title='bbox 517 2297 549 2331; x_wconf 72' lang='grc' dir='ltr'>Γ).</span> <span class='ocrx_word' id='word_1_214' title='bbox 577 2300 638 2339; x_wconf 82' lang='lat' dir='ltr'>Ac,</span> <span class='ocrx_word' id='word_1_215' title='bbox 666 2299 705 2332; x_wconf 89' lang='lat' dir='ltr'>de</span> <span class='ocrx_word' id='word_1_216' title='bbox 731 2301 904 2342; x_wconf 79' lang='lat' dir='ltr'>praetensa</span> <span class='ocrx_word' id='word_1_217' title='bbox 929 2300 1079 2334; x_wconf 82' lang='lat' dir='ltr'>facultate</span> <span class='ocrx_word' id='word_1_218' title='bbox 1103 2301 1174 2333; x_wconf 90' lang='lat' dir='ltr'>uni-</span> 
     </span>
     <span class='ocr_line' id='line_1_50' title="bbox 433 2352 1175 2397; baseline 0.003 -13"><span class='ocrx_word' id='word_1_219' title='bbox 433 2352 589 2385; x_wconf 87' lang='lat' dir='ltr'>versitatis</span> <span class='ocrx_word' id='word_1_220' title='bbox 626 2363 681 2385; x_wconf 89' lang='lat' dir='ltr'>seu</span> <span class='ocrx_word' id='word_1_221' title='bbox 715 2353 899 2385; x_wconf 83' lang='lat' dir='ltr'>academiae</span> <span class='ocrx_word' id='word_1_222' title='bbox 934 2352 1092 2386; x_wconf 86' lang='lat' dir='ltr'>Vilnensis</span> <span class='ocrx_word' id='word_1_223' title='bbox 1117 2364 1175 2397; x_wconf 89' lang='lat' dir='ltr'>pu-</span> 
     </span>
     <span class='ocr_line' id='line_1_51' title="bbox 432 2405 1172 2450; baseline 0.003 -12"><span class='ocrx_word' id='word_1_224' title='bbox 432 2405 515 2439; x_wconf 87' lang='lat' dir='ltr'>blice</span> <span class='ocrx_word' id='word_1_225' title='bbox 533 2406 669 2439; x_wconf 82' lang='lat' dir='ltr'>docendi</span> <span class='ocrx_word' id='word_1_226' title='bbox 688 2405 838 2438; x_wconf 87' lang='lat' dir='ltr'>scientias</span> <span class='ocrx_word' id='word_1_227' title='bbox 860 2405 999 2439; x_wconf 88' lang='lat' dir='ltr'>maiores</span> <span class='ocrx_word' id='word_1_228' title='bbox 1016 2406 1172 2450; x_wconf 87' lang='lat' dir='ltr'>privative</span> 
     </span>
     <span class='ocr_line' id='line_1_52' title="bbox 433 2460 1174 2503; baseline 0.003 -11"><span class='ocrx_word' id='word_1_229' title='bbox 433 2460 539 2503; x_wconf 87' lang='lat' dir='ltr'>quoad</span> <span class='ocrx_word' id='word_1_230' title='bbox 556 2461 649 2500; x_wconf 85' lang='lat' dir='ltr'>alios,</span> <span class='ocrx_word' id='word_1_231' title='bbox 667 2460 801 2494; x_wconf 89' lang='lat' dir='ltr'>minime</span> <span class='ocrx_word' id='word_1_232' title='bbox 819 2461 1009 2501; x_wconf 86' lang='lat' dir='ltr'>constitisse,</span> <span class='ocrx_word' id='word_1_233' title='bbox 1029 2461 1174 2494; x_wconf 90' lang='lat' dir='ltr'>minime-</span> 
     </span>
     <span class='ocr_line' id='line_1_53' title="bbox 433 2514 1174 2556; baseline 0.003 -11"><span class='ocrx_word' id='word_1_234' title='bbox 433 2523 495 2556; x_wconf 88' lang='lat' dir='ltr'>que</span> <span class='ocrx_word' id='word_1_235' title='bbox 521 2517 686 2554; x_wconf 87' lang='lat' dir='ltr'>constare,</span> <span class='ocrx_word' id='word_1_236' title='bbox 717 2519 771 2554; x_wconf 87' lang='lat' dir='ltr'>et,</span> <span class='ocrx_word' id='word_1_237' title='bbox 799 2514 909 2556; x_wconf 79' lang='lat' dir='ltr'>vigore</span> <span class='ocrx_word' id='word_1_238' title='bbox 935 2514 1095 2548; x_wconf 89' lang='lat' dir='ltr'>dictarum</span> <span class='ocrx_word' id='word_1_239' title='bbox 1122 2514 1174 2548; x_wconf 89' lang='lat' dir='ltr'>lit-</span> 
     </span>
     <span class='ocr_line' id='line_1_54' title="bbox 434 2567 1173 2612; baseline 0.001 -13"><span class='ocrx_word' id='word_1_240' title='bbox 434 2571 574 2600; x_wconf 87' lang='lat' dir='ltr'>terarum</span> <span class='ocrx_word' id='word_1_241' title='bbox 604 2572 786 2600; x_wconf 89' lang='lat' dir='ltr'>nostrarum</span> <span class='ocrx_word' id='word_1_242' title='bbox 811 2567 911 2601; x_wconf 85' lang='lat' dir='ltr'>Nobis</span> <span class='ocrx_word' id='word_1_243' title='bbox 942 2567 1063 2612; x_wconf 77' lang='lat' dir='ltr'>quibus</span> <span class='ocrx_word' id='word_1_244' title='bbox 1095 2567 1173 2601; x_wconf 90' lang='lat' dir='ltr'>inci-</span> 
     </span>
     <span class='ocr_line' id='line_1_55' title="bbox 433 2619 1173 2664; baseline 0.004 -12"><span class='ocrx_word' id='word_1_245' title='bbox 433 2619 602 2663; x_wconf 88' lang='lat' dir='ltr'>pientium,</span> <span class='ocrx_word' id='word_1_246' title='bbox 617 2620 830 2664; x_wconf 87' lang='lat' dir='ltr'>primodictos</span> <span class='ocrx_word' id='word_1_247' title='bbox 849 2620 984 2655; x_wconf 88' lang='lat' dir='ltr'>clericos</span> <span class='ocrx_word' id='word_1_248' title='bbox 1005 2622 1173 2664; x_wconf 83' lang='lat' dir='ltr'>regulares</span> 
     </span>
    </p>
   </div>
   <div class='ocr_carea' id='block_1_4' title="bbox 1009 214 1378 240">
    <p class='ocr_par' dir='ltr' id='par_1_5' title="bbox 1009 214 1378 240">
     <span class='ocr_line' id='line_1_56' title="bbox 1009 214 1378 240; baseline 0.003 -1"><span class='ocrx_word' id='word_1_249' title='bbox 1009 214 1195 239; x_wconf 82' lang='lat' dir='ltr'><strong>BULLARIUM</strong></span> <span class='ocrx_word' id='word_1_250' title='bbox 1220 214 1378 240; x_wconf 68' lang='lat' dir='ltr'>ROMANUM</span> 
     </span>
    </p>
   </div>
   <div class='ocr_carea' id='block_1_5' title="bbox 1213 264 1954 2665">
    <p class='ocr_par' dir='ltr' id='par_1_6' title="bbox 1213 264 1954 1096">
     <span class='ocr_line' id='line_1_57' title="bbox 1215 264 1949 308; baseline 0 -11"><span class='ocrx_word' id='word_1_251' title='bbox 1215 264 1311 297; x_wconf 89' lang='lat' dir='ltr'>etiam</span> <span class='ocrx_word' id='word_1_252' title='bbox 1337 265 1369 297; x_wconf 89' lang='lat' dir='ltr'>in</span> <span class='ocrx_word' id='word_1_253' title='bbox 1394 264 1521 298; x_wconf 86' lang='lat' dir='ltr'>civitate</span> <span class='ocrx_word' id='word_1_254' title='bbox 1557 265 1699 298; x_wconf 73' lang='lat' dir='ltr'>Vilnensi</span> <span class='ocrx_word' id='word_1_255' title='bbox 1733 265 1859 298; x_wconf 86' lang='lat' dir='ltr'>scholas</span> <span class='ocrx_word' id='word_1_256' title='bbox 1894 275 1949 308; x_wconf 89' lang='lat' dir='ltr'>pu-</span> 
     </span>
     <span class='ocr_line' id='line_1_58' title="bbox 1213 317 1948 361; baseline 0.001 -11"><span class='ocrx_word' id='word_1_257' title='bbox 1213 318 1314 350; x_wconf 86' lang='lat' dir='ltr'>blicas</span> <span class='ocrx_word' id='word_1_258' title='bbox 1340 317 1491 357; x_wconf 89' lang='lat' dir='ltr'>retinere,</span> <span class='ocrx_word' id='word_1_259' title='bbox 1511 317 1657 361; x_wconf 83' lang='lat' dir='ltr'>inibique</span> <span class='ocrx_word' id='word_1_260' title='bbox 1676 317 1827 351; x_wconf 88' lang='lat' dir='ltr'>scientias</span> <span class='ocrx_word' id='word_1_261' title='bbox 1852 318 1948 351; x_wconf 69' lang='lat' dir='ltr'>etiam</span> 
     </span>
     <span class='ocr_line' id='line_1_59' title="bbox 1214 370 1950 404; baseline 0.001 -1"><span class='ocrx_word' id='word_1_262' title='bbox 1214 370 1352 404; x_wconf 86' lang='lat' dir='ltr'>maiores</span> <span class='ocrx_word' id='word_1_263' title='bbox 1376 371 1642 404; x_wconf 86' lang='lat' dir='ltr'>adolescentibus</span> <span class='ocrx_word' id='word_1_264' title='bbox 1668 371 1809 404; x_wconf 87' lang='lat' dir='ltr'>cuiusvis</span> <span class='ocrx_word' id='word_1_265' title='bbox 1840 371 1950 404; x_wconf 89' lang='lat' dir='ltr'>condi-</span> 
     </span>
     <span class='ocr_line' id='line_1_60' title="bbox 1215 423 1951 464; baseline 0.003 -8"><span class='ocrx_word' id='word_1_266' title='bbox 1215 424 1312 457; x_wconf 90' lang='lat' dir='ltr'>tionis</span> <span class='ocrx_word' id='word_1_267' title='bbox 1337 429 1369 457; x_wconf 87' lang='lat' dir='ltr'>et</span> <span class='ocrx_word' id='word_1_268' title='bbox 1392 423 1515 457; x_wconf 84' lang='lat' dir='ltr'>ordinis</span> <span class='ocrx_word' id='word_1_269' title='bbox 1542 424 1680 464; x_wconf 84' lang='lat' dir='ltr'>tradere,</span> <span class='ocrx_word' id='word_1_270' title='bbox 1707 434 1742 457; x_wconf 87' lang='lat' dir='ltr'>ac</span> <span class='ocrx_word' id='word_1_271' title='bbox 1767 424 1862 457; x_wconf 90' lang='lat' dir='ltr'>ctiam</span> <span class='ocrx_word' id='word_1_272' title='bbox 1888 425 1951 458; x_wconf 87' lang='lat' dir='ltr'>col·</span> 
     </span>
     <span class='ocr_line' id='line_1_61' title="bbox 1214 477 1950 520; baseline 0.003 -10"><span class='ocrx_word' id='word_1_273' title='bbox 1214 477 1311 520; x_wconf 79' lang='lat' dir='ltr'>legia,</span> <span class='ocrx_word' id='word_1_274' title='bbox 1338 478 1512 510; x_wconf 85' lang='lat' dir='ltr'>seminaria</span> <span class='ocrx_word' id='word_1_275' title='bbox 1537 483 1565 510; x_wconf 93' lang='lat' dir='ltr'>et</span> <span class='ocrx_word' id='word_1_276' title='bbox 1592 477 1756 510; x_wconf 83' lang='lat' dir='ltr'>convictus</span> <span class='ocrx_word' id='word_1_277' title='bbox 1793 477 1825 510; x_wconf 92' lang='lat' dir='ltr'>in</span> <span class='ocrx_word' id='word_1_278' title='bbox 1862 489 1950 512; x_wconf 90' lang='lat' dir='ltr'>suam</span> 
     </span>
     <span class='ocr_line' id='line_1_62' title="bbox 1215 530 1951 574; baseline 0.004 -12"><span class='ocrx_word' id='word_1_279' title='bbox 1215 541 1322 563; x_wconf 87' lang='lat' dir='ltr'>curam</span> <span class='ocrx_word' id='word_1_280' title='bbox 1348 536 1379 564; x_wconf 90' lang='lat' dir='ltr'>et</span> <span class='ocrx_word' id='word_1_281' title='bbox 1404 530 1550 573; x_wconf 78' lang='lat' dir='ltr'>regimen</span> <span class='ocrx_word' id='word_1_282' title='bbox 1583 530 1747 573; x_wconf 86' lang='lat' dir='ltr'>recipere,</span> <span class='ocrx_word' id='word_1_283' title='bbox 1774 532 1951 574; x_wconf 77' lang='lat' dir='ltr'>apostolica</span> 
     </span>
     <span class='ocr_line' id='line_1_63' title="bbox 1216 582 1952 628; baseline 0.004 -13"><span class='ocrx_word' id='word_1_284' title='bbox 1216 584 1404 617; x_wconf 87' lang='lat' dir='ltr'>auctoritate</span> <span class='ocrx_word' id='word_1_285' title='bbox 1422 590 1579 628; x_wconf 90' lang='lat' dir='ltr'>perpetuo</span> <span class='ocrx_word' id='word_1_286' title='bbox 1604 582 1772 616; x_wconf 86' lang='lat' dir='ltr'>statuimus</span> <span class='ocrx_word' id='word_1_287' title='bbox 1799 590 1830 617; x_wconf 88' lang='lat' dir='ltr'>et</span> <span class='ocrx_word' id='word_1_288' title='bbox 1851 584 1952 618; x_wconf 81' lang='lat' dir='ltr'>decla-</span> 
     </span>
     <span class='ocr_line' id='line_1_64' title="bbox 1215 637 1951 680; baseline 0.001 -11"><span class='ocrx_word' id='word_1_289' title='bbox 1215 647 1332 670; x_wconf 87' lang='lat' dir='ltr'>ramus.</span> <span class='ocrx_word' id='word_1_290' title='bbox 1360 637 1495 680; x_wconf 85' lang='lat' dir='ltr'>lnsuper</span> <span class='ocrx_word' id='word_1_291' title='bbox 1525 637 1637 670; x_wconf 76' lang='lat' dir='ltr'>eadem</span> <span class='ocrx_word' id='word_1_292' title='bbox 1674 637 1866 670; x_wconf 86' lang='lat' dir='ltr'>auctoritate</span> <span class='ocrx_word' id='word_1_293' title='bbox 1904 638 1951 670; x_wconf 93' lang='lat' dir='ltr'>di-</span> 
     </span>
     <span class='ocr_line' id='line_1_65' title="bbox 1215 690 1952 734; baseline 0.003 -12"><span class='ocrx_word' id='word_1_294' title='bbox 1215 696 1298 723; x_wconf 91' lang='lat' dir='ltr'>ctam</span> <span class='ocrx_word' id='word_1_295' title='bbox 1325 696 1469 724; x_wconf 90' lang='lat' dir='ltr'>nostram</span> <span class='ocrx_word' id='word_1_296' title='bbox 1487 690 1747 723; x_wconf 89' lang='lat' dir='ltr'>constitutionem</span> <span class='ocrx_word' id='word_1_297' title='bbox 1766 690 1798 722; x_wconf 92' lang='lat' dir='ltr'>in</span> <span class='ocrx_word' id='word_1_298' title='bbox 1815 690 1952 734; x_wconf 89' lang='lat' dir='ltr'>reliquis</span> 
     </span>
     <span class='ocr_line' id='line_1_66' title="bbox 1216 743 1951 786; baseline 0.003 -11"><span class='ocrx_word' id='word_1_299' title='bbox 1216 743 1335 777; x_wconf 84' lang='lat' dir='ltr'>ibidem</span> <span class='ocrx_word' id='word_1_300' title='bbox 1362 744 1520 786; x_wconf 75' lang='lat' dir='ltr'>expressis</span> <span class='ocrx_word' id='word_1_301' title='bbox 1547 743 1683 783; x_wconf 86' lang='lat' dir='ltr'>firmam,</span> <span class='ocrx_word' id='word_1_302' title='bbox 1711 744 1830 776; x_wconf 91' lang='lat' dir='ltr'>salvam</span> <span class='ocrx_word' id='word_1_303' title='bbox 1856 749 1887 776; x_wconf 89' lang='lat' dir='ltr'>et</span> <span class='ocrx_word' id='word_1_304' title='bbox 1913 744 1951 777; x_wconf 91' lang='lat' dir='ltr'>il-</span> 
     </span>
     <span class='ocr_line' id='line_1_67' title="bbox 1216 796 1951 840; baseline 0.003 -11"><span class='ocrx_word' id='word_1_305' title='bbox 1216 797 1333 829; x_wconf 87' lang='lat' dir='ltr'>laesam</span> <span class='ocrx_word' id='word_1_306' title='bbox 1360 797 1499 830; x_wconf 82' lang='lat' dir='ltr'>existere</span> <span class='ocrx_word' id='word_1_307' title='bbox 1516 802 1546 829; x_wconf 93' lang='lat' dir='ltr'>et</span> <span class='ocrx_word' id='word_1_308' title='bbox 1563 796 1687 829; x_wconf 85' lang='lat' dir='ltr'>censeri</span> <span class='ocrx_word' id='word_1_309' title='bbox 1707 796 1825 830; x_wconf 87' lang='lat' dir='ltr'>debere</span> <span class='ocrx_word' id='word_1_310' title='bbox 1846 797 1951 840; x_wconf 88' lang='lat' dir='ltr'>quoad</span> 
     </span>
     <span class='ocr_line' id='line_1_68' title="bbox 1215 849 1951 893; baseline 0 -11"><span class='ocrx_word' id='word_1_311' title='bbox 1215 851 1322 883; x_wconf 87' lang='lat' dir='ltr'>onmia</span> <span class='ocrx_word' id='word_1_312' title='bbox 1362 856 1393 884; x_wconf 91' lang='lat' dir='ltr'>et</span> <span class='ocrx_word' id='word_1_313' title='bbox 1431 850 1559 893; x_wconf 77' lang='lat' dir='ltr'>singula</span> <span class='ocrx_word' id='word_1_314' title='bbox 1594 849 1628 882; x_wconf 85' lang='lat' dir='ltr'>in</span> <span class='ocrx_word' id='word_1_315' title='bbox 1665 851 1701 883; x_wconf 79' lang='lat' dir='ltr'>ea</span> <span class='ocrx_word' id='word_1_316' title='bbox 1737 850 1769 882; x_wconf 91' lang='lat' dir='ltr'>in</span> <span class='ocrx_word' id='word_1_317' title='bbox 1810 849 1951 883; x_wconf 84' lang='lat' dir='ltr'>savorem</span> 
     </span>
     <span class='ocr_line' id='line_1_69' title="bbox 1217 902 1951 946; baseline 0 -10"><span class='ocrx_word' id='word_1_318' title='bbox 1217 904 1376 937; x_wconf 90' lang='lat' dir='ltr'>dictorum</span> <span class='ocrx_word' id='word_1_319' title='bbox 1408 903 1600 937; x_wconf 86' lang='lat' dir='ltr'>clericorum</span> <span class='ocrx_word' id='word_1_320' title='bbox 1630 903 1811 946; x_wconf 84' lang='lat' dir='ltr'>Pauperum</span> <span class='ocrx_word' id='word_1_321' title='bbox 1843 902 1951 937; x_wconf 88' lang='lat' dir='ltr'>Matris</span> 
     </span>
     <span class='ocr_line' id='line_1_70' title="bbox 1217 955 1954 996; baseline 0 -8"><span class='ocrx_word' id='word_1_322' title='bbox 1217 956 1271 989; x_wconf 91' lang='lat' dir='ltr'>Dei</span> <span class='ocrx_word' id='word_1_323' title='bbox 1297 961 1459 996; x_wconf 87' lang='lat' dir='ltr'>contenta,</span> <span class='ocrx_word' id='word_1_324' title='bbox 1478 956 1716 996; x_wconf 83' lang='lat' dir='ltr'>confirmamus,</span> <span class='ocrx_word' id='word_1_325' title='bbox 1736 961 1767 989; x_wconf 91' lang='lat' dir='ltr'>et</span> <span class='ocrx_word' id='word_1_326' title='bbox 1783 955 1893 989; x_wconf 75' lang='lat' dir='ltr'>Vilnae</span> <span class='ocrx_word' id='word_1_327' title='bbox 1915 966 1954 989; x_wconf 87' lang='lat' dir='ltr'>ac</span> 
     </span>
     <span class='ocr_line' id='line_1_71' title="bbox 1217 1009 1950 1053; baseline 0.003 -12"><span class='ocrx_word' id='word_1_328' title='bbox 1217 1009 1337 1053; x_wconf 89' lang='lat' dir='ltr'>ubique</span> <span class='ocrx_word' id='word_1_329' title='bbox 1362 1010 1509 1043; x_wconf 88' lang='lat' dir='ltr'>locorum</span> <span class='ocrx_word' id='word_1_330' title='bbox 1534 1009 1762 1043; x_wconf 86' lang='lat' dir='ltr'>inviolabiliter</span> <span class='ocrx_word' id='word_1_331' title='bbox 1787 1009 1950 1044; x_wconf 83' lang='lat' dir='ltr'>observari</span> 
     </span>
     <span class='ocr_line' id='line_1_72' title="bbox 1218 1063 1417 1096; baseline 0.005 -1"><span class='ocrx_word' id='word_1_332' title='bbox 1218 1063 1417 1096; x_wconf 86' lang='lat' dir='ltr'>mandamus.</span> 
     </span>
    </p>

    <p class='ocr_par' dir='ltr' id='par_1_7' title="bbox 1216 1115 1954 2665">
     <span class='ocr_line' id='line_1_73' title="bbox 1261 1115 1953 1161; baseline 0 -11"><span class='ocrx_word' id='word_1_333' title='bbox 1261 1117 1276 1160; x_wconf 63' lang='grc' dir='ltr'><strong>ἓ</strong></span> <span class='ocrx_word' id='word_1_334' title='bbox 1304 1117 1334 1150; x_wconf 92' lang='grc'>7.</span> <span class='ocrx_word' id='word_1_335' title='bbox 1368 1117 1558 1161; x_wconf 89' lang='lat' dir='ltr'>Dietamque</span> <span class='ocrx_word' id='word_1_336' title='bbox 1583 1115 1815 1150; x_wconf 87' lang='lat' dir='ltr'>resolutionem</span> <span class='ocrx_word' id='word_1_337' title='bbox 1841 1121 1873 1150; x_wconf 91' lang='lat' dir='ltr'>et</span> <span class='ocrx_word' id='word_1_338' title='bbox 1897 1116 1953 1150; x_wconf 88' lang='lat' dir='ltr'>de-</span> 
     </span>
     <span class='ocr_line' id='line_1_74' title="bbox 1218 1169 1952 1213; baseline 0.001 -10"><span class='ocrx_word' id='word_1_339' title='bbox 1218 1176 1340 1204; x_wconf 88' lang='lat' dir='ltr'>cretum</span> <span class='ocrx_word' id='word_1_340' title='bbox 1376 1169 1645 1213; x_wconf 73' lang='lat' dir='ltr'>Congregationis</span> <span class='ocrx_word' id='word_1_341' title='bbox 1678 1169 1882 1213; x_wconf 82' lang='lat' dir='ltr'>particularis</span> <span class='ocrx_word' id='word_1_342' title='bbox 1920 1175 1952 1204; x_wconf 85' lang='lat' dir='ltr'>et</span> 
     </span>
     <span class='ocr_line' id='line_1_75' title="bbox 1218 1224 1952 1265; baseline 0.003 -9"><span class='ocrx_word' id='word_1_343' title='bbox 1218 1225 1387 1258; x_wconf 88' lang='lat' dir='ltr'>memorati</span> <span class='ocrx_word' id='word_1_344' title='bbox 1414 1225 1522 1258; x_wconf 91' lang='lat' dir='ltr'>nuncii</span> <span class='ocrx_word' id='word_1_345' title='bbox 1548 1224 1650 1257; x_wconf 89' lang='lat' dir='ltr'>nostri</span> <span class='ocrx_word' id='word_1_346' title='bbox 1676 1224 1888 1265; x_wconf 84' lang='lat' dir='ltr'>sententiam,</span> <span class='ocrx_word' id='word_1_347' title='bbox 1915 1235 1952 1258; x_wconf 88' lang='lat' dir='ltr'>ac</span> 
     </span>
     <span class='ocr_line' id='line_1_76' title="bbox 1217 1278 1952 1322; baseline 0.001 -11"><span class='ocrx_word' id='word_1_348' title='bbox 1217 1278 1401 1322; x_wconf 86' lang='lat' dir='ltr'>praedictas</span> <span class='ocrx_word' id='word_1_349' title='bbox 1427 1284 1554 1312; x_wconf 86' lang='lat' dir='ltr'>nostras</span> <span class='ocrx_word' id='word_1_350' title='bbox 1579 1283 1834 1322; x_wconf 87' lang='lat' dir='ltr'>praesentesque</span> <span class='ocrx_word' id='word_1_351' title='bbox 1866 1279 1952 1313; x_wconf 90' lang='lat' dir='ltr'>litte-</span> 
     </span>
     <span class='ocr_line' id='line_1_77' title="bbox 1217 1332 1952 1377; baseline 0.001 -11"><span class='ocrx_word' id='word_1_352' title='bbox 1217 1344 1278 1373; x_wconf 84' lang='lat' dir='ltr'>ras,</span> <span class='ocrx_word' id='word_1_353' title='bbox 1297 1338 1329 1366; x_wconf 90' lang='lat' dir='ltr'>et</span> <span class='ocrx_word' id='word_1_354' title='bbox 1346 1334 1377 1366; x_wconf 89' lang='lat' dir='ltr'>iu</span> <span class='ocrx_word' id='word_1_355' title='bbox 1400 1332 1445 1366; x_wconf 91' lang='lat' dir='ltr'>eis</span> <span class='ocrx_word' id='word_1_356' title='bbox 1464 1338 1616 1367; x_wconf 88' lang='lat' dir='ltr'>contenta</span> <span class='ocrx_word' id='word_1_357' title='bbox 1634 1338 1665 1366; x_wconf 89' lang='lat' dir='ltr'>et</span> <span class='ocrx_word' id='word_1_358' title='bbox 1685 1343 1835 1376; x_wconf 86' lang='lat' dir='ltr'>expressa</span> <span class='ocrx_word' id='word_1_359' title='bbox 1853 1344 1952 1377; x_wconf 85' lang='lat' dir='ltr'>quae-</span> 
     </span>
     <span class='ocr_line' id='line_1_78' title="bbox 1217 1387 1952 1430; baseline 0.003 -11"><span class='ocrx_word' id='word_1_360' title='bbox 1217 1398 1375 1430; x_wconf 81' lang='lat' dir='ltr'>cumque,</span> <span class='ocrx_word' id='word_1_361' title='bbox 1413 1387 1505 1420; x_wconf 92' lang='lat' dir='ltr'>nullo</span> <span class='ocrx_word' id='word_1_362' title='bbox 1544 1397 1686 1430; x_wconf 88' lang='lat' dir='ltr'>unquam</span> <span class='ocrx_word' id='word_1_363' title='bbox 1725 1391 1870 1430; x_wconf 87' lang='lat' dir='ltr'>tempore</span> <span class='ocrx_word' id='word_1_364' title='bbox 1912 1387 1952 1421; x_wconf 88' lang='lat' dir='ltr'>de</span> 
     </span>
     <span class='ocr_line' id='line_1_79' title="bbox 1217 1440 1954 1485; baseline 0.001 -12"><span class='ocrx_word' id='word_1_365' title='bbox 1217 1441 1439 1485; x_wconf 88' lang='lat' dir='ltr'>subreptionis</span> <span class='ocrx_word' id='word_1_366' title='bbox 1465 1441 1514 1474; x_wconf 93' lang='lat' dir='ltr'>vel</span> <span class='ocrx_word' id='word_1_367' title='bbox 1540 1440 1743 1484; x_wconf 89' lang='lat' dir='ltr'>obreptionis</span> <span class='ocrx_word' id='word_1_368' title='bbox 1779 1446 1833 1474; x_wconf 88' lang='lat' dir='ltr'>aut</span> <span class='ocrx_word' id='word_1_369' title='bbox 1864 1441 1954 1474; x_wconf 92' lang='lat' dir='ltr'>nulli-</span> 
     </span>
     <span class='ocr_line' id='line_1_80' title="bbox 1217 1494 1951 1535; baseline 0.001 -8"><span class='ocrx_word' id='word_1_370' title='bbox 1217 1494 1289 1527; x_wconf 88' lang='lat' dir='ltr'>tatis</span> <span class='ocrx_word' id='word_1_371' title='bbox 1314 1494 1401 1534; x_wconf 90' lang='lat' dir='ltr'>vitio,</span> <span class='ocrx_word' id='word_1_372' title='bbox 1423 1495 1471 1528; x_wconf 90' lang='lat' dir='ltr'>vel</span> <span class='ocrx_word' id='word_1_373' title='bbox 1489 1494 1678 1528; x_wconf 86' lang='lat' dir='ltr'>intentionis</span> <span class='ocrx_word' id='word_1_374' title='bbox 1695 1499 1839 1535; x_wconf 86' lang='lat' dir='ltr'>nostrae,</span> <span class='ocrx_word' id='word_1_375' title='bbox 1856 1494 1951 1528; x_wconf 87' lang='lat' dir='ltr'>etiam</span> 
     </span>
     <span class='ocr_line' id='line_1_81' title="bbox 1217 1548 1953 1592; baseline 0 -10"><span class='ocrx_word' id='word_1_376' title='bbox 1217 1559 1253 1582; x_wconf 80' lang='lat' dir='ltr'>ex</span> <span class='ocrx_word' id='word_1_377' title='bbox 1280 1559 1318 1582; x_wconf 88' lang='lat' dir='ltr'>eo</span> <span class='ocrx_word' id='word_1_378' title='bbox 1344 1548 1430 1591; x_wconf 89' lang='lat' dir='ltr'>quod</span> <span class='ocrx_word' id='word_1_379' title='bbox 1456 1559 1581 1588; x_wconf 89' lang='lat' dir='ltr'>causae,</span> <span class='ocrx_word' id='word_1_380' title='bbox 1601 1553 1736 1591; x_wconf 89' lang='lat' dir='ltr'>propter</span> <span class='ocrx_word' id='word_1_381' title='bbox 1756 1559 1835 1591; x_wconf 86' lang='lat' dir='ltr'>quas</span> <span class='ocrx_word' id='word_1_382' title='bbox 1860 1559 1953 1592; x_wconf 84' lang='lat' dir='ltr'>prae·</span> 
     </span>
     <span class='ocr_line' id='line_1_82' title="bbox 1216 1601 1952 1642; baseline -0.001 -7"><span class='ocrx_word' id='word_1_383' title='bbox 1216 1602 1313 1635; x_wconf 89' lang='lat' dir='ltr'>missa</span> <span class='ocrx_word' id='word_1_384' title='bbox 1337 1606 1537 1642; x_wconf 87' lang='lat' dir='ltr'>emanarunt,</span> <span class='ocrx_word' id='word_1_385' title='bbox 1563 1611 1670 1634; x_wconf 91' lang='lat' dir='ltr'>coram</span> <span class='ocrx_word' id='word_1_386' title='bbox 1694 1601 1788 1634; x_wconf 83' lang='lat' dir='ltr'>nobis</span> <span class='ocrx_word' id='word_1_387' title='bbox 1808 1602 1856 1635; x_wconf 86' lang='lat' dir='ltr'>vel</span> <span class='ocrx_word' id='word_1_388' title='bbox 1873 1601 1952 1635; x_wconf 86' lang='lat' dir='ltr'>alibi</span> 
     </span>
     <span class='ocr_line' id='line_1_83' title="bbox 1216 1654 1953 1697; baseline 0 -9"><span class='ocrx_word' id='word_1_389' title='bbox 1216 1656 1392 1697; x_wconf 86' lang='lat' dir='ltr'>adductae,</span> <span class='ocrx_word' id='word_1_390' title='bbox 1418 1654 1601 1688; x_wconf 83' lang='lat' dir='ltr'>verificatae</span> <span class='ocrx_word' id='word_1_391' title='bbox 1627 1661 1657 1688; x_wconf 90' lang='lat' dir='ltr'>et</span> <span class='ocrx_word' id='word_1_392' title='bbox 1681 1654 1884 1697; x_wconf 84' lang='lat' dir='ltr'>iustificatae,</span> <span class='ocrx_word' id='word_1_393' title='bbox 1917 1665 1953 1688; x_wconf 86' lang='lat' dir='ltr'>ac</span> 
     </span>
     <span class='ocr_line' id='line_1_84' title="bbox 1217 1708 1952 1752; baseline 0 -10"><span class='ocrx_word' id='word_1_394' title='bbox 1217 1710 1293 1743; x_wconf 87' lang='lat' dir='ltr'>dicti</span> <span class='ocrx_word' id='word_1_395' title='bbox 1330 1708 1440 1742; x_wconf 83' lang='lat' dir='ltr'>elerici</span> <span class='ocrx_word' id='word_1_396' title='bbox 1475 1710 1642 1752; x_wconf 84' lang='lat' dir='ltr'>regulares</span> <span class='ocrx_word' id='word_1_397' title='bbox 1678 1708 1845 1742; x_wconf 81' lang='lat' dir='ltr'>Societatis</span> <span class='ocrx_word' id='word_1_398' title='bbox 1880 1708 1952 1742; x_wconf 91' lang='lat' dir='ltr'>Iesu</span> 
     </span>
     <span class='ocr_line' id='line_1_85' title="bbox 1216 1762 1952 1796; baseline -0.001 0"><span class='ocrx_word' id='word_1_399' title='bbox 1216 1763 1352 1796; x_wconf 89' lang='lat' dir='ltr'>civitatis</span> <span class='ocrx_word' id='word_1_400' title='bbox 1383 1762 1545 1796; x_wconf 69' lang='lat' dir='ltr'>Vilnensis</span> <span class='ocrx_word' id='word_1_401' title='bbox 1580 1773 1617 1796; x_wconf 89' lang='lat' dir='ltr'>ac</span> <span class='ocrx_word' id='word_1_402' title='bbox 1647 1762 1865 1795; x_wconf 87' lang='lat' dir='ltr'>universitatis</span> <span class='ocrx_word' id='word_1_403' title='bbox 1893 1772 1952 1796; x_wconf 90' lang='lat' dir='ltr'>seu</span> 
     </span>
     <span class='ocr_line' id='line_1_86' title="bbox 1216 1816 1953 1860; baseline 0 -10"><span class='ocrx_word' id='word_1_404' title='bbox 1216 1817 1398 1850; x_wconf 87' lang='lat' dir='ltr'>academiae</span> <span class='ocrx_word' id='word_1_405' title='bbox 1423 1816 1606 1860; x_wconf 85' lang='lat' dir='ltr'>praedictae</span> <span class='ocrx_word' id='word_1_406' title='bbox 1631 1821 1773 1850; x_wconf 86' lang='lat' dir='ltr'>rectores</span> <span class='ocrx_word' id='word_1_407' title='bbox 1798 1827 1854 1850; x_wconf 89' lang='lat' dir='ltr'>seu</span> <span class='ocrx_word' id='word_1_408' title='bbox 1880 1827 1953 1850; x_wconf 87' lang='lat' dir='ltr'>con-</span> 
     </span>
     <span class='ocr_line' id='line_1_87' title="bbox 1217 1870 1953 1914; baseline -0.001 -10"><span class='ocrx_word' id='word_1_409' title='bbox 1217 1876 1398 1904; x_wconf 85' lang='lat' dir='ltr'>servatores</span> <span class='ocrx_word' id='word_1_410' title='bbox 1424 1881 1461 1903; x_wconf 90' lang='lat' dir='ltr'>ac</span> <span class='ocrx_word' id='word_1_411' title='bbox 1491 1870 1786 1911; x_wconf 86' lang='lat' dir='ltr'>administratores,</span> <span class='ocrx_word' id='word_1_412' title='bbox 1819 1875 1850 1903; x_wconf 91' lang='lat' dir='ltr'>et</span> <span class='ocrx_word' id='word_1_413' title='bbox 1882 1870 1953 1914; x_wconf 88' lang='lat' dir='ltr'>qui-</span> 
     </span>
     <span class='ocr_line' id='line_1_88' title="bbox 1217 1924 1952 1968; baseline 0 -10"><span class='ocrx_word' id='word_1_414' title='bbox 1217 1936 1354 1968; x_wconf 87' lang='lat' dir='ltr'>cumque</span> <span class='ocrx_word' id='word_1_415' title='bbox 1376 1925 1428 1958; x_wconf 94' lang='lat' dir='ltr'>alii</span> <span class='ocrx_word' id='word_1_416' title='bbox 1448 1924 1479 1958; x_wconf 94' lang='lat' dir='ltr'>in</span> <span class='ocrx_word' id='word_1_417' title='bbox 1497 1924 1682 1968; x_wconf 87' lang='lat' dir='ltr'>praemissis</span> <span class='ocrx_word' id='word_1_418' title='bbox 1700 1930 1731 1958; x_wconf 90' lang='lat' dir='ltr'>et</span> <span class='ocrx_word' id='word_1_419' title='bbox 1748 1924 1833 1958; x_wconf 89' lang='lat' dir='ltr'>circa</span> <span class='ocrx_word' id='word_1_420' title='bbox 1850 1935 1888 1958; x_wconf 89' lang='lat' dir='ltr'>ea</span> <span class='ocrx_word' id='word_1_421' title='bbox 1904 1924 1952 1958; x_wconf 88' lang='lat' dir='ltr'>ius</span> 
     </span>
     <span class='ocr_line' id='line_1_89' title="bbox 1218 1976 1953 2022; baseline -0.001 -10"><span class='ocrx_word' id='word_1_422' title='bbox 1218 1980 1266 2012; x_wconf 88' lang='lat' dir='ltr'>vel</span> <span class='ocrx_word' id='word_1_423' title='bbox 1285 1980 1443 2012; x_wconf 88' lang='lat' dir='ltr'>interesse</span> <span class='ocrx_word' id='word_1_424' title='bbox 1461 1978 1632 2018; x_wconf 76' lang='lat' dir='ltr'>habentes,</span> <span class='ocrx_word' id='word_1_425' title='bbox 1650 1983 1705 2011; x_wconf 88' lang='lat' dir='ltr'>aut</span> <span class='ocrx_word' id='word_1_426' title='bbox 1722 1976 1953 2022; x_wconf 73' lang='lat' dir='ltr'>liabere&#39;prae-</span> 
     </span>
     <span class='ocr_line' id='line_1_90' title="bbox 1219 2031 1951 2072; baseline 0 -8"><span class='ocrx_word' id='word_1_427' title='bbox 1219 2032 1408 2072; x_wconf 86' lang='lat' dir='ltr'>tendentes,</span> <span class='ocrx_word' id='word_1_428' title='bbox 1434 2032 1473 2064; x_wconf 86' lang='lat' dir='ltr'>ad</span> <span class='ocrx_word' id='word_1_429' title='bbox 1498 2032 1528 2064; x_wconf 89' lang='lat' dir='ltr'>id</span> <span class='ocrx_word' id='word_1_430' title='bbox 1556 2031 1658 2064; x_wconf 84' lang='lat' dir='ltr'>vocati</span> <span class='ocrx_word' id='word_1_431' title='bbox 1694 2036 1727 2065; x_wconf 92' lang='lat' dir='ltr'>et</span> <span class='ocrx_word' id='word_1_432' title='bbox 1761 2031 1859 2064; x_wconf 90' lang='lat' dir='ltr'>auditi</span> <span class='ocrx_word' id='word_1_433' title='bbox 1885 2041 1951 2064; x_wconf 91' lang='lat' dir='ltr'>non</span> 
     </span>
     <span class='ocr_line' id='line_1_91' title="bbox 1217 2084 1953 2128; baseline 0 -10"><span class='ocrx_word' id='word_1_434' title='bbox 1217 2085 1346 2127; x_wconf 79' lang='lat' dir='ltr'>suerint,</span> <span class='ocrx_word' id='word_1_435' title='bbox 1360 2091 1391 2118; x_wconf 86' lang='lat' dir='ltr'>et</span> <span class='ocrx_word' id='word_1_436' title='bbox 1406 2095 1599 2119; x_wconf 83' lang='lat' dir='ltr'>consensum</span> <span class='ocrx_word' id='word_1_437' title='bbox 1613 2095 1706 2117; x_wconf 92' lang='lat' dir='ltr'>suum</span> <span class='ocrx_word' id='word_1_438' title='bbox 1726 2084 1844 2118; x_wconf 90' lang='lat' dir='ltr'>eisdem</span> <span class='ocrx_word' id='word_1_439' title='bbox 1859 2095 1953 2128; x_wconf 87' lang='lat' dir='ltr'>prae-</span> 
     </span>
     <span class='ocr_line' id='line_1_92' title="bbox 1217 2138 1953 2182; baseline 0 -10"><span class='ocrx_word' id='word_1_440' title='bbox 1217 2139 1325 2172; x_wconf 90' lang='lat' dir='ltr'>missis</span> <span class='ocrx_word' id='word_1_441' title='bbox 1343 2149 1407 2172; x_wconf 93' lang='lat' dir='ltr'>non</span> <span class='ocrx_word' id='word_1_442' title='bbox 1426 2138 1660 2182; x_wconf 88' lang='lat' dir='ltr'>praestiterint,</span> <span class='ocrx_word' id='word_1_443' title='bbox 1681 2144 1736 2171; x_wconf 90' lang='lat' dir='ltr'>aut</span> <span class='ocrx_word' id='word_1_444' title='bbox 1755 2139 1819 2172; x_wconf 90' lang='lat' dir='ltr'>alio</span> <span class='ocrx_word' id='word_1_445' title='bbox 1840 2138 1953 2182; x_wconf 90' lang='lat' dir='ltr'>quovis</span> 
     </span>
     <span class='ocr_line' id='line_1_93' title="bbox 1218 2191 1954 2235; baseline -0.003 -9"><span class='ocrx_word' id='word_1_446' title='bbox 1218 2193 1370 2233; x_wconf 81' lang='lat' dir='ltr'>defectu,</span> <span class='ocrx_word' id='word_1_447' title='bbox 1397 2193 1492 2226; x_wconf 89' lang='lat' dir='ltr'>etiam</span> <span class='ocrx_word' id='word_1_448' title='bbox 1530 2191 1732 2235; x_wconf 90' lang='lat' dir='ltr'>quantumvis</span> <span class='ocrx_word' id='word_1_449' title='bbox 1771 2201 1888 2234; x_wconf 83' lang='lat' dir='ltr'>magno</span> <span class='ocrx_word' id='word_1_450' title='bbox 1921 2197 1954 2225; x_wconf 90' lang='lat' dir='ltr'>et</span> 
     </span>
     <span class='ocr_line' id='line_1_94' title="bbox 1218 2245 1951 2290; baseline 0 -11"><span class='ocrx_word' id='word_1_451' title='bbox 1218 2247 1437 2286; x_wconf 81' lang='lat' dir='ltr'>substantiali,</span> <span class='ocrx_word' id='word_1_452' title='bbox 1464 2246 1529 2280; x_wconf 90' lang='lat' dir='ltr'>sive</span> <span class='ocrx_word' id='word_1_453' title='bbox 1556 2246 1652 2279; x_wconf 89' lang='lat' dir='ltr'>etiam</span> <span class='ocrx_word' id='word_1_454' title='bbox 1677 2256 1714 2278; x_wconf 78' lang='lat' dir='ltr'>ex</span> <span class='ocrx_word' id='word_1_455' title='bbox 1741 2256 1780 2278; x_wconf 91' lang='lat' dir='ltr'>eo</span> <span class='ocrx_word' id='word_1_456' title='bbox 1806 2246 1894 2290; x_wconf 91' lang='lat' dir='ltr'>quod</span> <span class='ocrx_word' id='word_1_457' title='bbox 1918 2245 1951 2279; x_wconf 90' lang='lat' dir='ltr'>in</span> 
     </span>
     <span class='ocr_line' id='line_1_95' title="bbox 1218 2299 1953 2343; baseline 0 -10"><span class='ocrx_word' id='word_1_458' title='bbox 1218 2300 1263 2333; x_wconf 89' lang='lat' dir='ltr'>eis</span> <span class='ocrx_word' id='word_1_459' title='bbox 1277 2300 1510 2339; x_wconf 88' lang='lat' dir='ltr'>solemnitates,</span> <span class='ocrx_word' id='word_1_460' title='bbox 1525 2310 1562 2332; x_wconf 87' lang='lat' dir='ltr'>ac</span> <span class='ocrx_word' id='word_1_461' title='bbox 1576 2299 1704 2343; x_wconf 85' lang='lat' dir='ltr'>quaevis</span> <span class='ocrx_word' id='word_1_462' title='bbox 1718 2299 1780 2332; x_wconf 89' lang='lat' dir='ltr'>alia</span> <span class='ocrx_word' id='word_1_463' title='bbox 1794 2299 1953 2333; x_wconf 88' lang='lat' dir='ltr'>servanda</span> 
     </span>
     <span class='ocr_line' id='line_1_96' title="bbox 1219 2353 1953 2397; baseline -0.001 -10"><span class='ocrx_word' id='word_1_464' title='bbox 1219 2359 1250 2387; x_wconf 86' lang='lat' dir='ltr'>et</span> <span class='ocrx_word' id='word_1_465' title='bbox 1281 2353 1508 2397; x_wconf 85' lang='lat' dir='ltr'>adimplenda,</span> <span class='ocrx_word' id='word_1_466' title='bbox 1545 2357 1673 2386; x_wconf 86' lang='lat' dir='ltr'>servata</span> <span class='ocrx_word' id='word_1_467' title='bbox 1711 2357 1743 2386; x_wconf 92' lang='lat' dir='ltr'>et</span> <span class='ocrx_word' id='word_1_468' title='bbox 1777 2353 1953 2397; x_wconf 89' lang='lat' dir='ltr'>adimpleta</span> 
     </span>
     <span class='ocr_line' id='line_1_97' title="bbox 1218 2406 1952 2450; baseline 0 -10"><span class='ocrx_word' id='word_1_469' title='bbox 1218 2418 1283 2440; x_wconf 91' lang='lat' dir='ltr'>non</span> <span class='ocrx_word' id='word_1_470' title='bbox 1310 2406 1450 2447; x_wconf 89' lang='lat' dir='ltr'>suerint,</span> <span class='ocrx_word' id='word_1_471' title='bbox 1491 2411 1544 2439; x_wconf 92' lang='lat' dir='ltr'>aut</span> <span class='ocrx_word' id='word_1_472' title='bbox 1572 2417 1609 2439; x_wconf 79' lang='lat' dir='ltr'>ex</span> <span class='ocrx_word' id='word_1_473' title='bbox 1645 2416 1851 2450; x_wconf 89' lang='lat' dir='ltr'>quocumque</span> <span class='ocrx_word' id='word_1_474' title='bbox 1887 2406 1952 2440; x_wconf 89' lang='lat' dir='ltr'>alio</span> 
     </span>
     <span class='ocr_line' id='line_1_98' title="bbox 1218 2459 1949 2505; baseline 0.001 -12"><span class='ocrx_word' id='word_1_475' title='bbox 1218 2461 1340 2505; x_wconf 83' lang='lat' dir='ltr'>capite,</span> <span class='ocrx_word' id='word_1_476' title='bbox 1373 2460 1468 2493; x_wconf 87' lang='lat' dir='ltr'>etiam</span> <span class='ocrx_word' id='word_1_477' title='bbox 1505 2460 1537 2492; x_wconf 90' lang='lat' dir='ltr'>in</span> <span class='ocrx_word' id='word_1_478' title='bbox 1573 2470 1709 2503; x_wconf 87' lang='lat' dir='ltr'>corpore</span> <span class='ocrx_word' id='word_1_479' title='bbox 1745 2459 1822 2493; x_wconf 90' lang='lat' dir='ltr'>iuris</span> <span class='ocrx_word' id='word_1_480' title='bbox 1859 2461 1949 2494; x_wconf 83' lang='lat' dir='ltr'>elau-</span> 
     </span>
     <span class='ocr_line' id='line_1_99' title="bbox 1218 2513 1953 2558; baseline 0.001 -11"><span class='ocrx_word' id='word_1_481' title='bbox 1218 2525 1270 2555; x_wconf 88' lang='lat' dir='ltr'>so,</span> <span class='ocrx_word' id='word_1_482' title='bbox 1297 2519 1328 2547; x_wconf 91' lang='lat' dir='ltr'>et</span> <span class='ocrx_word' id='word_1_483' title='bbox 1361 2513 1471 2558; x_wconf 90' lang='lat' dir='ltr'>quovis</span> <span class='ocrx_word' id='word_1_484' title='bbox 1496 2513 1560 2546; x_wconf 89' lang='lat' dir='ltr'>alio</span> <span class='ocrx_word' id='word_1_485' title='bbox 1585 2518 1755 2557; x_wconf 82' lang='lat' dir='ltr'>praetextu</span> <span class='ocrx_word' id='word_1_486' title='bbox 1780 2514 1830 2546; x_wconf 89' lang='lat' dir='ltr'>vel</span> <span class='ocrx_word' id='word_1_487' title='bbox 1856 2516 1953 2548; x_wconf 75' lang='lat' dir='ltr'>eausa</span> 
     </span>
     <span class='ocr_line' id='line_1_100' title="bbox 1218 2566 1952 2611; baseline 0 -11"><span class='ocrx_word' id='word_1_488' title='bbox 1218 2568 1314 2601; x_wconf 90' lang='lat' dir='ltr'>etiam</span> <span class='ocrx_word' id='word_1_489' title='bbox 1333 2567 1541 2610; x_wconf 86' lang='lat' dir='ltr'>quantumvis</span> <span class='ocrx_word' id='word_1_490' title='bbox 1560 2566 1721 2610; x_wconf 77' lang='lat' dir='ltr'>legitima,</span> <span class='ocrx_word' id='word_1_491' title='bbox 1739 2566 1821 2600; x_wconf 66' lang='lat' dir='ltr'>iusta</span> <span class='ocrx_word' id='word_1_492' title='bbox 1839 2571 1871 2600; x_wconf 88' lang='lat' dir='ltr'>et</span> <span class='ocrx_word' id='word_1_493' title='bbox 1886 2567 1952 2611; x_wconf 89' lang='lat' dir='ltr'>pri-</span> 
     </span>
     <span class='ocr_line' id='line_1_101' title="bbox 1217 2620 1953 2665; baseline 0.001 -10"><span class='ocrx_word' id='word_1_494' title='bbox 1217 2620 1367 2664; x_wconf 79' lang='lat' dir='ltr'>vilegiata</span> <span class='ocrx_word' id='word_1_495' title='bbox 1392 2631 1428 2654; x_wconf 82' lang='lat' dir='ltr'>ae</span> <span class='ocrx_word' id='word_1_496' title='bbox 1452 2620 1617 2665; x_wconf 88' lang='lat' dir='ltr'>publicum</span> <span class='ocrx_word' id='word_1_497' title='bbox 1643 2623 1674 2656; x_wconf 86' lang='lat' dir='ltr'>et</span> <span class='ocrx_word' id='word_1_498' title='bbox 1697 2630 1867 2656; x_wconf 88' lang='lat' dir='ltr'>commune</span> <span class='ocrx_word' id='word_1_499' title='bbox 1895 2620 1953 2656; x_wconf 88' lang='lat' dir='ltr'>bo-</span> 
     </span>
    </p>
   </div>
   <div class='ocr_carea' id='block_1_6' title="bbox 1952 213 2179 255">
    <p class='ocr_par' dir='ltr' id='par_1_8' title="bbox 1952 213 2179 255">
     <span class='ocr_line' id='line_1_102' title="bbox 1952 213 2179 255; baseline 0.009 -15"><span class='ocrx_word' id='word_1_500' title='bbox 1952 216 2000 240; x_wconf 78' lang='lat' dir='ltr'>An.</span> <span class='ocrx_word' id='word_1_501' title='bbox 2023 215 2051 240; x_wconf 90' lang='lat' dir='ltr'>C.</span> <span class='ocrx_word' id='word_1_502' title='bbox 2077 213 2146 242; x_wconf 72' lang='lat'><strong>17:33</strong></span> <span class='ocrx_word' id='word_1_503' title='bbox 2175 223 2179 255; x_wconf 44' lang='grc' dir='ltr'><em>χ</em></span> 
     </span>
    </p>
   </div>
   <div class='ocr_carea' id='block_1_7' title="bbox 1988 1135 2109 1157">
    <p class='ocr_par' dir='ltr' id='par_1_9' title="bbox 1988 1135 2109 1157">
     <span class='ocr_line' id='line_1_103' title="bbox 1988 1135 2109 1157; baseline 0.008 -1"><span class='ocrx_word' id='word_1_504' title='bbox 1988 1135 2109 1157; x_wconf 70' lang='lat' dir='ltr'>clausulae.</span> 
     </span>
    </p>
   </div>
   <div class='ocr_carea' id='block_1_8' title="bbox 2147 1988 2159 2106">
    <p class='ocr_par' dir='ltr' id='par_1_10' title="bbox 2147 1988 2159 2106">
     <span class='ocr_line' id='line_1_104' title="bbox 2147 1988 2159 2106; textangle 90"><span class='ocrx_word' id='word_1_505' title='bbox 2147 2055 2158 2106; x_wconf 47' lang='lat'>2¹³</span> <span class='ocrx_word' id='word_1_506' title='bbox 2155 1988 2159 2010; x_wconf 67' lang='lat'>.-</span> 
     </span>
    </p>
   </div>
  </div>
 </body>
</html>
