2182 3137
1638 252 1658 283 C*

1660 251 1680 282 {v

849 260 943 286 messx
969 260 1074 285 nanum
1616 250 1635 283 6

184 315 368 360 Hieronymi
394 315 459 359 (S.)
487 315 634 348 monaehi
658 315 728 348 vide
754 314 907 347 Monaclii.

185 368 349 413 Hippolyti
376 368 434 412 (S.)
460 368 609 401 Mexicani
634 367 737 408 Ordo,
762 367 832 401 vide
856 366 951 401 Ordo.

187 422 384 466 Hispalensis
416 422 604 455 universitas
637 421 732 455 totius
766 420 934 464 Hispaniae
965 420 1175 463 percelebris,
1201 419 1264 453 637
1298 432 1337 458 a:
1366 420 1561 464 antiquiores
1586 419 1733 453 doctores

274 474 401 508 Ordinis
426 475 637 508 Eremitarum
663 475 693 508 S.
718 473 885 516 Augustini
911 473 1092 517 provinciae
1118 473 1258 507 Baeticae
1289 474 1319 506 in
1351 474 1404 506 itta
1434 473 1633 508 universitate
1665 484 1736 518 pro-

278 529 353 562 moti
380 529 554 572 privilegiis
580 529 734 569 fruantur,
760 526 837 560 ibid.

189 581 419 625 Hospitalarius
444 581 527 615 Ordo
552 582 582 615 S.
610 581 794 625 Hippolyti,
822 579 892 613 vide
916 578 1000 612 Ordo
1024 579 1254 623 Hospitalarius
1278 580 1310 613 S.
1339 581 1510 625 Hippolyti.

191 635 351 679 Ilospitale
376 635 406 668 S.
431 635 557 668 Ioannis
582 632 860 678 Hierosolymitani
886 631 950 665 ⁶256
976 644 1014 672 α;
1043 632 1204 667 decretum
1239 634 1342 678 magni
1379 634 1520 677 magistri
1554 639 1583 667 et
1614 635 1736 668 consilii

279 688 317 721 ad
342 688 459 721 abusus
484 688 640 722 tollendos
665 687 695 720 in
722 686 929 720 exmutitione
954 685 1214 719 commendaram
1244 687 1384 720 eiusdem
1410 687 1534 721 Ordinis
1567 688 1736 721 confirma-

282 747 343 782 tur,
369 741 433 774 256
458 743 474 774 b
500 748 529 775 et
553 752 613 785 seq.

190 795 352 839 Ilospitale
377 795 405 828 S.
432 795 538 828 Lazari
564 805 664 838 prope
688 793 878 827 Placentiam
906 793 936 826 in
961 804 1023 838 quo
1057 793 1132 826 olim
1157 804 1314 838 pauperes
1347 793 1464 838 leprosi
1495 795 1612 838 recepti
1645 804 1735 828 cura-

279 849 405 888 bantur,
430 847 494 881 418
518 859 556 887 α;
590 847 816 891 supprimitur,
842 845 906 879 418
932 847 970 887 b;
998 852 1027 881 et
1054 847 1083 880 in
1109 848 1277 890 collegium
1315 848 1601 882 ecclesiasticorum
1635 849 1735 892 erigi-

279 908 341 943 tur,
367 901 431 935 4⁴19
456 901 495 941 b,·
519 901 591 935 vide
615 900 789 944 Collegium

191 1169 340 1211 Iesuitae‚
365 1170 437 1204 vide
461 1169 601 1203 Societas
626 1168 708 1202 Iesu.

189 1224 355 1257 llerdensis
380 1224 568 1257 universitas
592 1223 787 1258 Cervariensi
814 1224 937 1267 unitur,
957 1224 1022 1258 202
1046 1224 1062 1256 b
1088 1228 1118 1257 et
1141 1234 1218 1268 seq.;
1248 1223 1319 1256 item
1343 1222 1405 1256 duo
1431 1223 1564 1266 collegia
1585 1223 1638 1257 SS.
1660 1222 1737 1257 Con-

279 1277 432 1321 ceptionis
457 1282 487 1310 et
511 1276 740 1321 Assumptionis
766 1276 796 1309 B.
816 1278 854 1310 M.
876 1278 907 1311 V.
934 1278 965 1311 in
991 1277 1142 1312 Ilerdensi
1168 1277 1290 1311 civitate
1317 1282 1420 1310 erecta
1445 1276 1640 1311 universitati
1663 1276 1737 1310 Cer-

279 1332 411 1365 variensi
439 1331 660 1371 subiiciuntur,
686 1330 750 1364 203
775 1331 791 1363 b
817 1335 847 1364 et
872 1342 935 1375 seq.

189 1385 416 1429 Indulgentiae.
439 1405 480 1410 —
500 1384 698 1428 Indulgentia
731 1390 884 1428 perpetua
910 1385 942 1417 in
977 1385 1090 1418 diebus
1115 1384 1334 1419 Conversionis
1364 1390 1394 1418 et
1418 1385 1737 1419 Commemorationis

279 1439 309 1472 S.
330 1439 416 1472 Pauli
442 1439 588 1484 apostoli,
609 1439 685 1472 alias
706 1449 856 1472 concessa
881 1439 1023 1472 ecclesiis
1049 1439 1301 1479 Barnabitarum,
1318 1438 1497 1472 extenditur
1521 1438 1559 1471 ad
1585 1438 1735 1472 eeclesias

278 1493 463 1527 monialium
490 1493 713 1535 Angelicarum
740 1492 881 1525 eiusdem
902 1492 1037 1532 Ordinis,
1063 1491 1128 1524 *214
1152 1492 1168 1523 b
1193 1496 1220 1525 el
1244 1503 1330 1535 δίης,
1354 1492 1495 1536 plenaria
1520 1498 1671 1536 perpetua
1697 1492 1739 1524 vi-

277 1546 445 1579 sitantibus
471 1546 619 1579 ecclesias
644 1546 875 1579 monachorum
901 1552 931 1578 et
954 1545 1139 1579 monialium
1174 1545 1435 1589 Congregationis
1459 1546 1488 1577 S.
1522 1545 1681 1578 Benedicti
1707 1545 1737 1578 in

279 1600 357 1633 sesto
382 1601 412 1634 S.
434 1601 576 1634 Silvestri
602 1601 734 1641 abbatis,
755 1600 818 1633 503
832 1600 860 1641 b3
882 1600 1079 1633 visitantibus
1093 1600 1229 1643 aliquam
1249 1610 1284 1633 ex
1302 1599 1443 1633 ecclesiis
1460 1599 1585 1632 Ordinis
1602 1599 1736 1632 fratrum

278 1654 434 1687 lllinorurn
460 1655 557 1687 sancti
585 1654 741 1687 Francisci
767 1654 1027 1688 Conventualiuni
1055 1654 1085 1686 in
1110 1654 1140 1687 S.
1161 1653 1267 1686 Didaci
1293 1653 1482 1687 confessoris
1515 1659 1545 1686 et
1576 1652 1605 1686 S.
1631 1653 1737 1686 Clarae

279 1707 411 1751 virginis
436 1708 523 1741 festis
547 1708 667 1749 diebus,
693 1707 757 1742 5223
782 1708 799 1741 b
825 1713 854 1741 et
878 1719 958 1752 seq.;
984 1708 1096 1741 similis
1121 1718 1180 1752 pro
1206 1707 1406 1741 visitantibus
1426 1707 1562 1750 aliquem
1584 1717 1619 1739 ex
1642 1706 1738 1740 eccle-

273 1761 333 1795 vsiis
356 1761 514 1795 Minorum
540 1762 801 1796 Conventualium
828 1762 858 1794 in
882 1761 968 1795 sestis
994 1761 1024 1794 S.
1050 1761 1199 1795 Ludovici
1225 1761 1309 1804 regis
1331 1771 1367 1794 ae
1391 1760 1422 1794 S.
1444 1759 1602 1794 Elisabeth
1627 1759 1738 1793 viduae

281 1816 363 1859 regis
380 1817 561 1860 Hungariae
578 1822 685 1858 natae,
710 1816 774 1851 617
800 1828 820 1851 a
845 1822 875 1850 et
898 1816 930 1857 b;
958 1816 1069 1849 similis
1089 1816 1284 1859 indulgentia
1310 1814 1506 1849 visitantibus
1534 1814 1671 1858 aliquam
1700 1824 1737 1847 ex

278 1871 418 1904 ecclesiis
450 1871 582 1904 fratrum
612 1871 737 1904 Ordinis
772 1871 929 1904 Minoi-um
961 1870 1059 1903 sancti
1092 1869 1250 1903 Francisci
1280 1868 1530 1913 Capuccinorum
1564 1866 1732 1900 missionu-

279 1924 401 1958 riorum
426 1924 457 1957 in
485 1925 626 1969 partibus
655 1924 831 1958 infidelium
857 1935 875 1957 a
906 1923 1035 1959 custode
1065 1934 1120 1957 seu
1150 1923 1310 1968 praesecto
1343 1921 1529 1956 missionum
1562 1920 1732 1964 designan—

281 1978 352 2012 dam
368 2005 375 2019 ‚
401 1977 466 2011 644
488 1990 507 2012 α
532 1984 562 2012 et
587 1979 614 2012 b.

190 2032 321 2066 loannes
345 2032 497 2066 Antonius
523 2032 692 2078 episcopus
717 2033 864 2067 Aretinus
888 2033 1004 2067 summi
1031 2031 1191 2067 Pontifieis
1215 2031 1383 2065 Clementis
1407 2029 1460 2063 Xll
1486 2028 1605 2063 sororis
1638 2027 1735 2069 filius,

189 2138 435 2174 lubilaeum.—
454 2140 628 2174 lubilaeum
653 2141 830 2175 universale
855 2141 894 2174 ad
919 2140 1156 2186 implorandum
1182 2139 1322 2173 divinum
1348 2137 1498 2171 auxilium
1524 2146 1582 2181 pro
1607 2135 1734 2169 salutari

278 2192 436 2227 Ecclesiae
460 2193 634 2227 catholicae
659 2194 824 2238 regimine,
842 2194 883 2227 47
901 2195 918 2228 b
934 2199 964 2229 et
980 2206 1061 2238 seq.;
1082 2195 1254 2228 iubilaeum
1275 2203 1334 2237 pro
1351 2190 1614 2225 cluistilidelibus
1633 2189 1735 2236 Urbis,

278 2247 384 2281 Italiae
409 2253 440 2281 et
464 2248 639 2281 insularum
677 2248 889 2282 adiacentium
926 2248 1064 2281 divinam
1098 2258 1191 2292 opem
1225 2244 1470 2291 implorantibus
1495 2253 1554 2287 pro
1579 2242 1737 2276 Ecclesiae

278 2300 530 2344 necessitatibus,
547 2300 611 2335 318
636 2313 655 2336 a
681 2308 711 2335 et
734 2313 814 2347 seq.;
841 2302 1037 2346 indulgentia
1061 2302 1142 2336 sicut
1167 2301 1198 2335 in
1223 2310 1306 2334 anno
1332 2297 1459 2333 iubilaei
1485 2296 1675 2340 degentibus
1704 2296 1736 2329 in

279 2364 378 2398 regno
398 2355 568 2389 Hiberniae
586 2356 747 2401 Deumque
771 2356 974 2401 precantibus
994 2367 1053 2400 pro
1079 2355 1167 2399 regni
1193 2354 1335 2388 eiusdem
1361 2351 1577 2396 spiritualibus
1602 2349 1736 2384 necessi.

280 2409 407 2451 tatibus,
428 2409 493 2444 329
506 2422 526 2444 α
543 2415 573 2444 et
590 2421 653 2456 seq.

191 2460 287 2497 lulius
312 2463 478 2498 cardinalis
502 2464 699 2507 Affieronus,
724 2465 795 2498 vide
818 2465 1010 2499 Alberonus.

192 2517 290 2552 Iulius
314 2518 482 2553 cardinalis
506 2519 545 2553 de
568 2518 695 2554 Medicis
719 2518 816 2553 frater
839 2518 990 2564 patruelis
1014 2517 1126 2552 Leonis
1151 2516 1176 2551 X
1201 2514 1265 2550 ⁶218
1291 2526 1332 2558 (13
1359 2512 1509 2549 ecclesiae
1536 2511 1734 2547 Florentinae

279 2572 424 2617 praesul,
449 2572 528 2608 ibid.
