2182 3137
107 188 154 215 An.
171 186 200 214 C.
224 186 292 215 1730

56 238 59 240 ’
299 235 420 274 riusque
443 244 534 265 novae
557 235 626 265 anni
648 243 775 265 nucem]
807 235 867 273 iugi
895 239 1045 265 contento-

299 293 355 323 que
377 284 474 314 studio
496 284 670 313 examinatis
692 288 721 313 et
744 284 885 314 discussis
899 308 906 321 ,
931 283 1045 313 duobus

300 332 452 363 monachis
475 332 628 372 Hispanis,
653 332 703 372 qui
726 332 864 371 utrinque
894 332 956 361 iura
981 341 1045 371 pro-

300 381 459 420 pugnaturi
489 381 524 410 ad
557 380 665 410 Urbem
699 385 907 418 accesserant,
933 381 1044 420 pluries

299 431 443 469 pleneque
466 429 593 466 auditis,
619 433 705 468 atque
728 429 953 459 difficultatibus
986 438 1043 458 non

299 478 399 517 paucis
422 478 457 508 ad
480 478 611 516 regulam
635 478 708 507 iuris
731 482 757 507 et
780 478 904 508 rationis
935 477 1045 507 exami—

299 527 392 564 natis,
429 527 501 557 haec
537 526 694 556 novissima
731 526 839 566 prodiit
875 526 1044 565 compilatio

299 575 543 605 constitutionum
566 579 594 605 et
616 575 714 613 legum
737 575 1002 613 extravagantium.

137 632 191 656 Quia
212 632 238 662 <re
254 637 288 653 ex·
338 624 370 654 In
393 624 447 654 hac
470 624 689 663 compilatione,
707 628 739 653 ut
756 624 888 654 numeris
907 623 1044 654 omnibus

103 659 274 707 aig-mgganubus
299 676 492 711 consurgeret
514 672 765 703 absolutissimum
783 681 868 711 opus,
886 672 1043 702 consilium

298 722 363 759 suit,
379 723 456 752 circa
473 722 598 762 aliquas,
614 722 788 761 praesertim
807 725 1041 760 extravagantes,

298 770 467 801 declinandi
483 775 512 800 et
530 770 694 810 respective
710 770 880 801 declarandi
903 770 933 800 in
956 779 1044 800 sensu

299 819 344 849 vel
362 819 392 849 in
417 819 514 849 verbis
529 819 687 858 implexam
703 818 925 857 obscuritatem,
943 828 1044 858 super-

298 877 420 898 vacuam
442 868 681 906 similitudinem,
715 868 866 898 molestam
891 867 1043 907 prolixita-

298 921 368 956 tem,
387 921 579 956 apparentem
602 917 854 954 contrarietatem,
872 916 973 956 paucis
996 917 1044 947 acl-

297 965 365 995 ditis
388 965 433 995 vel
456 965 619 1005 respective
642 965 777 996 sublatis.
809 964 886 996 Ordo
919 965 980 995 sive
1003 965 1044 996 lo-

297 1014 373 1044 catio
389 1013 645 1051 constitutionum,
671 1018 756 1054 prout
772 1014 802 1044 in
819 1014 948 1054 antiquis
967 1024 1044 1044 com-

297 1063 490 1103 pilationibus
512 1063 736 1103 disponebatur,
757 1068 892 1094 servatus
916 1064 985 1094 suit:
1004 1064 1043 1093 le-

297 1122 347 1152 ges
370 1122 438 1143 vero
458 1117 695 1151 extravagantes,
713 1118 744 1143 ut
761 1113 866 1153 potuit,
885 1113 964 1144 iuxta
983 1123 1044 1143 ma-

297 1162 385 1192 terias
406 1162 459 1192 suh
482 1162 554 1201 ipsis
577 1162 843 1192 constitutionibus
866 1166 1019 1193 contentas
1033 1188 1040 1201 ,

296 1211 456 1242 collocatae
478 1212 597 1242 suerunt
613 1221 647 1242 ex
664 1212 786 1251 antiquo
809 1222 902 1242 more.
928 1213 962 1242 Et
978 1213 1043 1252 qui-

296 1260 361 1291 dem
384 1260 523 1300 antiquae
545 1261 775 1291 constitutiones
792 1260 964 1300 desumptae
980 1262 1043 1291 sue-

295 1314 366 1340 runt
388 1319 422 1339 ex
440 1309 535 1349 prima
551 1310 644 1339 latina
659 1309 787 1340 editione
803 1320 851 1339 an.
869 1318 1040 1347 nxcnxxxvn,

295 1362 328 1388 ut
350 1367 384 1388 ex
408 1361 489 1388 textu
513 1358 649 1397 originali
672 1359 809 1388 monachi
836 1359 972 1389 audirent
995 1369 1043 1389 vo-

296 1417 359 1438 cem
383 1408 545 1447 primorum
570 1412 702 1448 patrum,
732 1418 788 1447 qua
811 1418 877 1438 cum
900 1409 972 1448 ipsis
1001 1409 1043 1439 lo-

296 1456 359 1486 cuti
380 1460 470 1494 sunt,
494 1456 574 1495 leges
591 1466 659 1486 vero
678 1461 903 1495 extravagantes
919 1467 953 1487 ex
970 1458 1042 1488 actis

295 1504 434 1535 idiomate
465 1505 619 1544 hispanico
650 1505 732 1535 iuxta
763 1505 885 1535 latinam
919 1506 1042 1536 transla-

296 1553 418 1590 tionem,
442 1553 569 1593 partium
593 1563 739 1584 consensu
761 1553 968 1593 approbatam,
992 1563 1041 1584 ex-

295 1602 408 1642 positae
429 1602 559 1633 fuerunt.

336 1651 414 1681 Haec
429 1651 520 1690 igitur
534 1651 695 1681 novissima
712 1652 894 1692 compilatio,
911 1662 986 1692 quae
1004 1663 1038 1683 ex

101 1694 284 1746 ξ’ξξυῃεῖεέζζῖζῆ
295 1700 408 1740 privato
431 1700 528 1731 studio
547 1701 678 1731 eiusdem
694 1701 922 1731 eminentissimi
945 1706 973 1732 et
994 1711 1040 1733 re-

103 1752 128 1768 ¹¹⁹
143 1748 270 1774 ³P1¹¹'⁰¹’“¹³·
294 1749 501 1780 verendissimi
533 1749 645 1779 domini
678 1749 838 1780 cardinalis
859 1750 945 1780 Petra
974 1760 1040 1790 pro-

294 1799 393 1837 cessit,
416 1799 534 1838 deinde,
558 1799 659 1829 eodem
681 1799 838 1838 referente,
856 1800 957 1830 sedulo
972 1810 1039 1831 exa-

294 1848 406 1879 minata
427 1852 456 1879 et
479 1848 563 1888 plene
586 1848 745 1888 approbata
768 1849 853 1879 suita
870 1851 952 1879 sacra
968 1849 1038 1881 Con-

294 1898 464 1937 gregatione
479 1897 533 1928 sub
549 1897 595 1927 die
618 1906 665 1927 xv1
687 1897 853 1928 decembris
874 1907 1036 1938 noccxrnx,

295 1956 362 1977 cum
385 1947 440 1976 hoc
473 1946 608 1986 sequenti
641 1946 778 1977 decreto:
807 1947 931 1978 «Sacra
964 1949 1038 1979 Con-

295 1994 428 2034 gregatio
450 1994 753 2025 eminentissimorum
775 1999 804 2025 et
825 1996 1037 2027 reverendissi-

295 2052 411 2074 morum
429 2042 458 2074 S.
482 2043 518 2073 R.
543 2043 574 2072 E.
599 2043 806 2081 cardinalium,
830 2044 955 2083 negotiis
978 2045 1039 2085 epi-

296 2101 452 2132 scoporum
474 2095 504 2121 et
519 2091 698 2131 regularium
716 2093 893 2132 praeposita,
911 2098 1038 2133 ponente

296 2141 531 2172 eminentissimo
566 2144 594 2171 et
633 2142 881 2173 reverendissimo
919 2143 1038 2174 domino

297 2189 440 2220 cardinali
456 2189 611 2220 Vincentio
624 2189 709 2220 Petra
725 2191 803 2221 tituli
828 2191 858 2220 S.
880 2191 1036 2231 Onuphrii,

297 2238 411 2268 censuit
431 2242 459 2268 et
480 2238 620 2278 decrevit,
639 2239 865 2279 supplicandum
888 2240 1039 2271 sanctissi-

298 2295 344 2317 mo
366 2287 484 2318 domino
505 2293 606 2319 nostro
634 2298 685 2328 pro
713 2289 899 2329 expeditione
926 2290 1039 2321 littera-

297 2343 362 2365 rum
395 2336 424 2365 in
452 2336 547 2366 forma
577 2337 678 2368 Brevis
709 2347 798 2378 super
826 2338 1038 2379 approbatione

297 2383 460 2424 apostolica
481 2385 695 2424 compilationis
717 2387 963 2418 constitutionum
986 2388 1038 2419 Or-

298 2432 377 2463 dinis
399 2433 429 2462 S.
447 2432 616 2473 Hieronymi
639 2444 705 2466 cum
728 2445 780 2466 suo
803 2437 923 2476 prologo
945 2438 1038 2468 sactae

297 2480 332 2511 ab
355 2480 589 2512 eminentissimo
615 2486 643 2512 et
670 2485 915 2515 reverendissimo
943 2486 1037 2517 cardi·

296 2529 357 2561 nali
374 2529 460 2560 Petra
485 2535 612 2570 ponente
634 2531 669 2561 de
692 2533 829 2564 mandato
851 2543 951 2565 sacrae
967 2534 1039 2566 Con-

295 2579 497 2620 gregationis3
520 2579 595 2610 itaut
613 2580 773 2620 capitulum
788 2583 925 2622 generale
941 2584 1038 2624 ipsum

368 2638 448 2672 Ball,
470 2637 554 2668 Rom.
578 2654 609 2660 —
634 2639 693 2668 Vol.
718 2639 827 2671 XXIII.
988 2643 1004 2670 9

128 1668 187 1688 Nova
202 1667 285 1693 compi-

931 187 1072 211 CLEMExs
1097 189 1140 213 xn
1165 191 1212 214 FP.

1750 186 1791 217 05
1839 195 1887 222 An.
1904 195 1931 222 C.
1956 195 2028 223 ¹730

1088 238 1252 276 prologum,
1277 240 1514 279 constitutiones,
1539 246 1779 281 extravagantes,
1804 253 1832 273 a—

1088 285 1183 324 liaque
1206 292 1343 317 contenta
1360 293 1387 318 et
1405 289 1546 328 disposita
1571 290 1599 319 iu
1623 291 1727 320 ofulem
1753 301 1832 320 com—

1087 334 1237 372 pilatione,
1255 340 1367 366 mature
1383 337 1530 375 corrigere
1553 343 1580 368 et
1605 339 1747 377 derogare
1772 350 1829 369 uon

1087 381 1191 412 valeat.
1224 383 1382 422 Ceterum,
1409 386 1443 414 ad
1467 395 1582 416 omnem
1606 387 1827 425 ambiguitatem

1087 430 1267 468 tollendam,
1293 436 1351 461 tam
1379 434 1605 464 constitutiones
1629 445 1716 475 quam
1751 437 1830 475 leges

1086 483 1323 517 extravagantes,
1341 490 1406 511 cum
1423 483 1559 513 omnibus
1582 484 1779 515 additionibus
1803 491 1828 515 et

1086 528 1321 558 correctionibus
1343 530 1417 566 suis,
1437 530 1524 560 sicuti
1541 531 1568 560 in
1588 533 1733 570 praesenti
1753 543 1831 563 rom-

1086 575 1238 615 pilatione,
1250 586 1302 615 pro
1314 578 1506 615 originalibus
1520 579 1695 617 habeantur,
1713 581 1830 611 etiamsi

1086 632 1144 653 non
1166 624 1343 654 concordent
1376 635 1443 655 cum
1477 626 1542 656 aliis
1573 628 1830 667 compilationibus

1086 671 1129 701 vel
1153 672 1225 702 acus
1248 672 1367 703 Ordinis
1390 682 1425 703 ex
1449 674 1556 713 quibus
1579 675 1748 715 desumptae
1772 678 1831 706 sue-

1085 724 1176 758 runt,
1194 721 1377 760 proindeque
1400 722 1435 751 ad
1458 727 1628 762 perpetuam
1653 725 1696 754 rei
1720 734 1830 756 memo-

1086 769 1160 799 riam
1179 769 1252 800 haec
1274 770 1338 809 ipsa
1360 771 1528 810 compilatio
1555 772 1584 801 in
1608 773 1738 803 archivio
1762 774 1830 804 reli-

1085 818 1180 857 gionis
1202 823 1363 859 reponatur
1385 823 1414 849 et
1437 824 1520 850 caute
1539 821 1763 852 custodiatur».
1781 822 1832 853 Ce-

1087 871 1166 898 terae
1189 872 1285 898 autem
1309 878 1410 898 omnes
1440 873 1468 899 et
1493 869 1626 908 singulae
1649 871 1831 910 compilatio-

1085 926 1149 956 nes,
1167 927 1260 957 usque
1283 927 1363 948 nunc
1385 918 1489 955 sactae,
1508 919 1618 949 nullius
1637 919 1830 959 imposterum

1086 965 1145 996 sint
1168 966 1354 996 auctoritatis
1377 966 1569 1005 legislativae.

1126 1014 1233 1045 Omnes
1253 1016 1342 1054 igitur
1365 1017 1510 1055 praeclari
1527 1016 1646 1047 Ordinis
1669 1017 1761 1047 sancti
1783 1027 1831 1057 pa-

1086 1063 1138 1093 tris
1161 1064 1331 1103 Hieronymi
1355 1065 1491 1095 monachi
1514 1065 1600 1094 enixe
1628 1065 1759 1095 animum
1788 1066 1833 1095 in-

1085 1111 1215 1150 tendant,
1233 1112 1267 1141 ad
1290 1112 1507 1143 observantiam
1531 1113 1775 1143 constitutionum
1800 1118 1829 1144 et

1085 1161 1181 1199 legum
1205 1161 1470 1200 extramgantium,
1495 1172 1570 1201 quae
1597 1162 1626 1191 in
1661 1163 1829 1193 huiusmodi

1085 1220 1172 1250 opere
1206 1215 1262 1240 tam
1297 1212 1416 1250 provide
1451 1221 1538 1251 quam
1572 1211 1731 1242 salubriter
1762 1216 1830 1242 sunt

1085 1260 1278 1299 compilatae,
1302 1265 1333 1290 ut
1353 1270 1404 1300 per
1426 1260 1501 1291 bona
1524 1270 1613 1300 opera
1644 1265 1753 1291 certam
1782 1271 1832 1291 eo-

1085 1317 1150 1337 rum
1167 1309 1349 1339 vocationem
1366 1309 1485 1347 saciant,
1503 1314 1599 1349 atque,
1618 1309 1675 1339 Deo
1693 1308 1829 1348 propitio,

1084 1357 1160 1387 Ordo
1194 1358 1256 1397 ipse
1271 1383 1278 1397 ,
1304 1359 1412 1389 nedum
1435 1359 1592 1389 incolumis
1615 1359 1643 1388 in
1667 1359 1828 1398 spirituali-

1086 1406 1139 1437 bus
1161 1411 1188 1437 et
1211 1408 1423 1447 temporalibus
1446 1412 1591 1446 servetur,
1609 1408 1659 1438 sed
1677 1408 1707 1438 in
1724 1408 1828 1438 melius

1084 1465 1199 1495 semper
1215 1465 1307 1495 usque
1323 1457 1353 1486 in
1370 1457 1457 1486 tinem
1474 1457 1660 1487 saeculorum
1678 1457 1826 1496 procedat.

1336 1531 1531 1562 Coxsurrrio
1554 1532 1576 1562 Ι.

1122 1603 1244 1642 Antiqua
1265 1607 1395 1633 statutum
1413 1608 1472 1634 erat
1487 1605 1688 1639 constitutione,
1707 1608 1736 1633 ut
1748 1606 1829 1643 prior
1866 1615 1896 1645 οφ
1918 1615 2023 1636 electione

1080 1662 1132 1691 pro
1161 1656 1281 1692 tempore
1310 1654 1470 1683 monasterii
1502 1653 1533 1683 S.
1560 1653 1767 1683 Bartlzolomaei
1798 1644 1906 1688 (18ξὲἱῖξῖ
1918 1644 2023 1690 ἕὶῗῗὲῗὲῖξ

1082 1700 1220 1740 aniana,
1245 1700 1359 1731 Ordinis
1381 1702 1468 1731 nostri
1487 1703 1568 1741 prior
1591 1703 1690 1741 maior,
1714 1713 1830 1741 genera·
1840 1695 2025 1749 {},³g¹1,3,¹}g⁸p‘0¹¹rss

1082 1748 1117 1778 lis
1138 1753 1164 1780 ei
1185 1754 1268 1789 caput
1290 1751 1372 1779 totius
1395 1751 1510 1780 Ordinis
1532 1755 1616 1785 esset,
1640 1752 1753 1790 eiusque
1775 1752 1829 1781 etc-
1840 1750 1914 1770 ‘¹⁰⁹³'-

1081 1801 1134 1828 ctio
1163 1800 1198 1828 ad
1230 1799 1376 1829 monachos
1408 1800 1579 1839 capitulares
1608 1801 1747 1839 praedicti
1775 1811 1830 1832 nto-

1082 1849 1217 1885 nasterii,
1242 1852 1267 1878 et
1289 1858 1344 1877 non
1366 1849 1401 1877 ad
1423 1848 1530 1888 aliquos
1549 1849 1637 1886 alios,
1661 1851 1691 1879 in
1712 1850 1830 1879 solidam

1081 1901 1106 1927 et
1129 1897 1296 1927 solummodo
1316 1898 1480 1937 pertineret,
1504 1902 1584 1937 atque
1609 1899 1639 1928 in
1660 1899 1750 1928 eodem
1774 1909 1830 1929 mo-

1082 1948 1202 1977 nasterio
1221 1947 1351 1977 continuo
1375 1948 1433 1986 ipse
1449 1951 1529 1987 pater
1545 1947 1684 1986 generatis
1705 1949 1827 1979 residen-

1081 1997 1149 2026 tiam
1170 2000 1282 2031 teneret,
1305 2000 1453 2036 propterea
1476 1997 1546 2035 quod
1568 1998 1625 2026 iam
1647 1998 1750 2027 dictum
1773 2008 1828 2028 mo-

1082 2046 1235 2076 nasterium
1263 2046 1389 2085 primum
1420 2046 1486 2075 olim
1508 2047 1601 2086 fruit,
1629 2048 1660 2076 in
1682 2057 1733 2086 quo
1757 2047 1828 2078 Ordo

1081 2095 1195 2124 initium
1218 2095 1331 2130 habuit,
1356 2096 1509 2135 animeque
1528 2100 1698 2136 propagatus
1720 2098 1785 2136 fuit,
1802 2102 1827 2127 et

1081 2146 1160 2183 qnasi
1181 2146 1212 2174 in
1234 2145 1321 2176 medio
1343 2144 1464 2174 aliorum
1479 2146 1709 2176 monasteriorum
1728 2148 1828 2176 consti-

1081 2197 1170 2223 tutum
1205 2197 1275 2223 erat.
1312 2192 1524 2233 Confirmatores
1560 2199 1650 2224 antem
1686 2195 1827 2225 electionis

1077 2243 1236 2282 praedictae
1270 2252 1443 2281 nequaquam
1478 2244 1662 2273 consentirent
1696 2243 1764 2282 eli9i
1798 2245 1827 2274 in

1078 2293 1202 2332 priorem
1224 2292 1356 2321 maiorem
1378 2293 1540 2322 monasterii
1561 2291 1590 2322 S.
1606 2291 1825 2330 Bardoolomaei,

1081 2341 1128 2380 qui
1149 2341 1228 2380 infra
1257 2341 1323 2370 duos
1355 2350 1460 2370 menses
1490 2350 1541 2370 non
1571 2345 1663 2380 posset
1684 2342 1712 2371 in
1735 2342 1826 2372 eodem

1080 2390 1245 2420 monasterio
1275 2389 1463 2428 personaliter
1494 2390 1625 2419 interesse
1657 2394 1682 2419 et
1714 2400 1762 2420 suo
1784 2392 1826 2421 uti

1081 2438 1189 2477 officim
1222 2438 1293 2467 itant
1321 2437 1404 2467 aliter
1431 2440 1505 2476 sacta
1534 2438 1629 2468 electio
1655 2439 1747 2468 statim
1772 2450 1824 2480 per

1080 2496 1123 2516 eos
1143 2490 1319 2520 cassaretur,
1343 2490 1368 2516 et
1389 2486 1424 2515 ad
1441 2485 1558 2517 alterius
1580 2487 1738 2520 electionem
1757 2498 1823 2528 pro-

1080 2536 1234 2566 cederetur.

1122 2583 1256 2622 Quoniam
1288 2593 1374 2625 roro,
1394 2589 1574 2625 procuratore
1593 2586 1719 2627 generati
1740 2587 1821 2620 totius
