2182 3137
53 241 101 263 An.
117 236 146 261 C.
169 234 238 261 1733

77 1728 199 1750 Exordium.

863 238 1007 260 etnussas

247 289 280 315 et
303 285 609 325 consuetudinibus,
637 285 818 328 privilegiis
845 295 986 328 quoque,

247 335 381 368 indultis
407 342 439 369 et
464 337 582 369 litteris
614 337 821 380 apostolicis,
849 338 881 369 in
915 348 990 370 con-

250 389 386 422 trarium
432 390 691 433 praemissorum
741 390 992 433 quomodolibet

248 442 422 480 concessis,
448 443 648 475 confirmatis
668 449 699 476 et
717 444 900 483 innovatis3
921 443 992 485 qui·
1013 465 1015 473 ,

247 496 306 527 bus
331 496 494 536 omnibus,
522 496 654 529 illorum
683 502 812 529 tenores
838 507 993 539 praesen-

248 547 334 580 tibus
361 559 419 591 pro
442 549 538 591 plene
557 554 589 581 et
606 549 808 582 sufficienter
825 549 993 592 expressis

246 612 283 634 ac
318 601 357 634 ad
395 602 528 634 verbum
556 602 687 635 insertis
714 603 894 641 babentes,
922 602 989 634 illis
1014 598 1015 601 ¹

248 654 327 687 alias
364 655 395 687 in
433 666 490 687 suo
527 656 645 688 robore
682 656 926 698 permansuris,
953 655 990 687 ad

248 708 500 750 praemissorum
527 708 688 748 effectum,
719 709 779 740 bae
806 708 874 740 viee
901 708 992 740 dum-

249 767 344 801 taxat,
361 762 549 805 specialiter
567 767 598 794 et
616 772 771 805 expresse
786 763 991 804 derogamus,

249 815 434 858 ceterisque
460 815 633 848 contrariis
660 816 935 859 quibusmlmque.

292 869 405 901 Datum
428 869 567 908 Romae,
596 869 681 911 apud
713 868 745 901 S.
772 869 904 901 Mariam
931 869 993 901 Ma-

248 922 367 962 iorem,
394 922 454 955 sub
469 923 591 955 annulo
619 922 808 961 piscatoris,
831 922 882 955 die
909 933 993 955 xxvlt
1014 943 1016 946 -

248 974 402 1007 februarii
418 984 616 1015 MDCCxxxni,
651 975 862 1018 pontificatus
890 975 992 1008 nostri

247 1039 334 1061 anno
356 1039 404 1061 111.

285 1091 343 1116 Dat.
365 1090 408 1116 die
428 1090 461 1116 27
483 1090 617 1117 februarii
637 1090 715 1124 1733,
737 1090 832 1125 pontif.
850 1098 920 1117 anno
937 1097 973 1116 111.

543 1144 575 1176 1³.
603 1144 691 1176 card.
719 1143 900 1177 Otivssmes.

540 1295 699 1327 LXXXVI.

245 1373 415 1407 Slatutum
439 1374 659 1408 alternam-ae
682 1377 719 1408 in
743 1375 895 1408 electione
917 1387 992 1419 pro-

288 1427 444 1460 vincialis
467 1438 525 1471 pro
547 1429 720 1472 provincie?
745 1429 909 1462 Frmzciae
934 1430 992 1463 Or-

290 1481 380 1513 dinis
404 1482 547 1524 fratrum
574 1482 612 1514 B.
641 1482 686 1514 M.
721 1482 758 1513 (Ic
783 1482 892 1515 Monte
918 1483 993 1516 Car-

290 1533 385 1566 melo.

456 1606 592 1632 Clemens
614 1607 694 1639 Papa
714 1606 777 1638 XII,

361 1651 397 1677 ad
419 1655 599 1684 perpetuam
620 1651 666 1677 rei
685 1652 872 1677 memoriam.

292 1721 464 1754 pastoralis
491 1721 607 1761 officii,
635 1722 722 1764 quod
759 1728 891 1754 auctore
927 1722 991 1755 Deo

248 1776 406 1817 gerimus,
434 1785 511 1807 cura
537 1775 680 1807 animum
707 1781 850 1807 nostrum
872 1776 992 1808 sollici-

249 1833 293 1860 tat
317 1828 358 1860 ad
384 1838 421 1860 ca
446 1828 604 1870 peculiari
632 1834 787 1871 paternae
824 1829 991 1862 charitatis

249 1880 355 1912 studio
382 1881 574 1921 statuenda,
601 1891 660 1924 per
685 1893 767 1924 quae
793 1882 992 1915 christifide-

1034 238 1079 260 ΧΗ
1107 239 1156 261 ΡΡ.

1035 286 1110 318 lecti
1136 287 1316 319 conficiunt
1342 298 1512 321 numerum
1550 294 1678 321 centum
1718 293 1784 321 tre·

1036 338 1139 370 decim
1181 341 1386 373 sacerdotum
1429 346 1461 373 et
1499 341 1721 383 clericorum),
1749 346 1782 374 et

1036 398 1153 434 quarto
1180 393 1359 426 districtum
1382 394 1555 433 Picardiae,
1587 395 1781 427 Atrebatum

1036 449 1065 475 et
1094 445 1287 478 llannoniae
1314 452 1443 479 centum
1469 447 1634 489 octoginta
1672 458 1781 480 sacer-

1037 496 1129 529 dotes
1167 503 1198 529 et
1235 498 1371 531 clericos
1408 500 1700 542 complectentem,
1741 501 1782 533 sit

1038 549 1154 588 divisa;
1181 561 1303 591 verum,
1329 558 1466 595 propter
1486 554 1663 585 multorum
1683 564 1781 596 cxpe-

1037 602 1241 640 stolationes,
1268 604 1298 635 111
1324 607 1412 636 certa
1437 606 1575 647 quadam
1601 606 1780 648 agitatione

1038 660 1069 687 et
1095 655 1296 689 dissensione
1322 663 1480 697 versetur,
1507 659 1626 700 quibus
1654 660 1781 691 nullum

1037 707 1123 740 aliud
1151 709 1457 742 1·01110(1111111;111“01ἰ·1
1481 717 1597 753 potest,
1621 722 1679 754 pro
1701 723 1782 754 paee

1038 766 1069 792 et
1096 762 1329 804 tranquillitate
1356 763 1388 795 in
1414 764 1527 796 eadem
1546 765 1711 807 provincia
1730 765 1782 796 tir-

1038 814 1135 846 miter
1160 814 1378 855 stabilienda,
1410 827 1504 860 quam
1532 817 1710 850 istituendo
1736 819 1783 850 al-

1039 868 1230 900 ternativam
1256 880 1310 901 seu
1343 875 1470 902 1111111111]
1509 881 1565 912 pro
1602 871 1784 913 provincia-

1038 922 1102 953 latu
1137 922 1176 953 ad
1212 922 1313 954 instar
1350 923 1486 954 duarum
1524 924 1660 955 aliarum
1689 923 1782 965 regni

1037 974 1157 1007 Galliae
1182 975 1446 1017 provinciarum:
1481 977 1555 1009 ideo
1583 977 1687 1009 dietus
1717 977 1783 1009 Eli-

1037 1038 1111 1059 scus
1130 1034 1324 1071 procurator
1345 1029 1505 1071 generalis
1524 1029 1621 1062 animi
1641 1030 1689 1062 sui
1709 1041 1782 1062 scn-

1037 1092 1108 1113 311111
1134 1083 1196 1113 una
1222 1093 1294 1114 eum
1321 1082 1377 1115 illo
1403 1083 1520 1126 prioris
1546 1084 1709 1125 generalis
1727 1083 1784 1116 Or-

1013 1161 1015 1168 1
1037 1134 1121 1166 dinis
1148 1135 1333 1167 huiusmodi
1362 1136 1507 1178 protulit,
1544 1137 1582 1169 ad
1611 1147 1783 1169 oecurren-

1013 1186 1015 1194 ’
1037 1187 1110 1219 dum
1138 1188 1295 1221 eiusmodi
1315 1189 1531 1222 incommodis
1550 1190 1715 1232 expedite,
1734 1196 1782 1229 ut,

1013 1273 1014 1281 ἵ
1037 1247 1193 1283 quantum
1221 1242 1289 1274 fieri
1316 1248 1432 1284 potest,
1459 1243 1546 1275 inter
1585 1243 1663 1275 duas
1696 1244 1783 1275 eius-

1037 1294 1109 1326 dem
1136 1295 1324 1337 provinciae
1351 1301 1458 1338 partes
1484 1296 1714 1339 aequilibrium
1750 1303 1783 1329 et

1036 1348 1179 1390 aequitas
1206 1354 1372 1381 servetur:
1412 1355 1476 1381 tres
1514 1349 1645 1392 quidem
1685 1350 1781 1392 primi

1013 1416 1014 1421 =
1037 1401 1202 1434 districtus
1228 1403 1352 1435 seilicet
1372 1403 1538 1442 Franciae,
1557 1403 1780 1437 Normanniae

1037 1459 1069 1486 et
1094 1454 1463 1498 Leodii-Lotliaringiae
1482 1467 1517 1489 ex
1538 1459 1601 1489 una
1619 1462 1723 1500 parte,
1743 1467 1782 1489 ex

1036 1509 1137 1541 altera
1163 1519 1238 1542 vcro
1265 1509 1433 1541 districtus
1460 1509 1651 1549 Picardiao,
1691 1511 1783 1543 Atre-

1037 1562 1147 1593 batum
1173 1568 1204 1594 et
1229 1562 1425 1595 IIannonum
1443 1564 1577 1595 alternis
1595 1563 1716 1595 vicibus
1740 1564 1780 1596 de

1038 1614 1179 1647 triennio
1195 1615 1226 1647 in
1247 1615 1421 1647 triennium
1440 1616 1712 1658 provinc-inlatum
1728 1617 1783 1649 ob-

1037 1668 1172 1701 tineant.
1189 1667 1292 1706 Quare
1316 1669 1502 1711 praedictus
1516 1668 1642 1702 Eliseus
1661 1681 1782 1713 procu-

1036 1727 1124 1754 rator
1149 1722 1312 1764 generalis
1339 1722 1431 1754 nobis
1460 1723 1628 1755 humiliter
1659 1724 1782 1766 suppli-

1036 1775 1101 1807 cari
1135 1775 1209 1807 l'ceit
1246 1780 1279 1806 ut
1311 1774 1343 1807 in
1378 1776 1566 1817 praemissis
1592 1782 1779 1820 opportune

1036 1828 1209 1871 providere
1236 1835 1267 1861 et
1293 1834 1326 1861 ut
1351 1829 1435 1861 infra
1461 1830 1632 1871 indulgere
1659 1831 1698 1863 de
1727 1831 1782 1864 be-

1036 1883 1195 1924 nignitate
1222 1883 1401 1926 apostolica
1427 1883 1650 1925 dignaremur.

1679 230 1745 263 485
1793 242 1844 266 An.
1860 241 1891 267 (2.
1914 241 1983 269 1733

249 1933 350 1972 1111111,
376 1934 494 1965 divinis
518 1934 686 1978 obsequiis
715 1935 776 1967 sub
802 1936 890 1968 suavi
917 1935 992 1968 reli-

249 1985 354 2027 gionis
380 1986 456 2028 iugo
483 1987 750 2030 mancipatorum,
778 1988 877 2030 quieti
900 1994 931 2020 et
949 1989 991 2021 se-

250 2039 301 2071 liei
328 2039 478 2082 regimini
505 2041 697 2083 opportunis
719 2041 897 2073 rationibus
915 2052 990 2073 con-

1079 1937 1093 1978 §
1111 1935 1141 1968 Ξ).
1159 1935 1223 1968 Nos
1238 1936 1344 1977 igitur,
1361 1936 1461 1978 ipsius
1478 1936 1572 1968 Elisei
1589 1943 1798 1989 procurato·t
1818 1945 1924 1990 Staltqitur
1942 1947 1976 1984 :3¹-

1035 1988 1078 2020 ris
1104 1988 1267 2030 generalis
1294 1989 1375 2021 votis
1401 1989 1460 2021 liae
1487 1989 1517 2020 in
1545 2000 1593 2026 re,
1623 1977 1977 2032 [1113011111]*Ἧιῗῖἷιῖὲῖιεωιῗέ

1792 2027 1882 2044 [Νι-1111111
1955 2033 1973 2046 ιι]

1035 2053 1105 2073 cum
1125 2041 1259 2073 Domino
1279 2052 1464 2084 possumus,
1485 2042 1705 2076 favorabiliter
1723 2053 1912 2076 annin-unium.

81 2152 156 2173 Petilio
168 2169 172 2177 ,
190 2158 235 2178 qm-

52 2177 91 2199 bus
101 2179 173 2200 innixa
191 2180 235 2200 sun-

53 2204 164 2227 (lamentis.

248 2093 383 2124 sulatur.

291 2145 306 2188 g
330 2145 361 2178 1.
389 2145 510 2188 Exponi
534 2146 695 2189 siquidem
715 2147 808 2179 nobis
828 2158 933 2189 nuper
953 2148 991 2180 se-

246 2199 289 2232 cit
325 2199 463 2231 dilectus
502 2199 586 2231 1111113
624 2199 748 2232 Eliseus
774 2200 987 2242 Monsignani,

248 2259 440 2295 procurator
480 2253 643 2295 generalis
686 2253 815 2285 Ordinis
858 2254 990 2286 t'ratrum

249 2306 280 2338 Β.
305 2305 422 2338 Mariae
456 2306 495 2338 dc
522 2306 628 2339 Monte
655 2306 800 2339 Carmelo
837 2307 990 2350 antiquae

247 2358 474 2392 observantiae
502 2359 670 2401 regularis,
694 2360 790 2402 quod,
818 2371 889 2392 cum
916 2371 991 2403 pro-

247 2412 350 2444 vincia
376 2412 529 2444 Franciae
555 2412 631 2444 dieti
657 2413 787 2445 Ordinis
819 2424 855 2445 ex
883 2413 989 2445 diver-

246 2465 288 2498 sis
314 2465 500 2497 nationibus
525 2471 758 2508 componatur,
785 2478 820 2498 ac
854 2466 885 2498 in
913 2478 990 2509 qua-

248 2525 320 2551 tuor
333 2518 513 2558 districtus,
542 2518 724 2551 districtum
741 2519 863 2552 seilicet
883 2520 989 2563 primo

248 2572 420 2611 Franciae,
448 2572 592 2604 secundo
625 2572 864 2613 Noiwnaniiiae,
893 2574 988 2607 tcrtio

235 2624 357 2658 Leodii
384 2630 415 2657 ct
439 2624 670 2667 Lotliaringiae
697 2626 765 2668 (qui
804 2626 897 2659 simul
924 2628 989 2660 eol-

1035 2106 1135 2127 nuere
1153 2096 1310 2134 volentes,
1337 2106 1475 2138 cumque
1494 2107 1509 2127 a
1529 2096 1697 2138 quibusvis
1724 2108 1780 2130 cx-

1035 2148 1349 2186 commamicationis,
1364 2148 1587 2191 suspensionis
1602 2156 1631 2181 et
1646 2150 1780 2183 interdi-

1036 2201 1086 2239 cti,
1103 2201 1238 2244 aliisque
1258 2201 1484 2234 ecclesiasticis
1503 2202 1686 2241 sententiis,
1701 2214 1779 2235 cen-

1036 2254 1119 2286 suris
1146 2260 1177 2286 et
1203 2254 1329 2296 poenis,
1352 2265 1369 2286 a
1396 2254 1465 2286 iure
1491 2256 1540 2286 vel
1565 2256 1604 2287 ab
1631 2255 1780 2294 homine,

1035 2307 1147 2350 quavis
1175 2307 1344 2339 occasione
1372 2309 1421 2340 vcl
1447 2309 1542 2339 causa
1564 2308 1643 2348 latis,
1664 2309 1689 2340 si
1711 2310 1780 2352 qui-

1035 2361 1094 2392 bus
1122 2360 1369 2403 quomodolibet
1395 2361 1566 2393 innodatus
1592 2361 1711 2401 existit,
1738 2364 1777 2395 ad

1035 2413 1185 2445 etl'cctum
1224 2413 1445 2455 praesentium
1472 2414 1637 2446 dumtaxat
1662 2426 1780 2447 conse-

1034 2467 1222 2509 quendum,
1251 2467 1366 2498 barum
1393 2467 1476 2499 serie
1503 2468 1709 2500 absolventes
1747 2474 1779 2501 ct

1033 2519 1215 2551 absolutum
1253 2519 1319 2551 sore
1356 2526 1547 2560 censentes,
1588 2520 1776 2553 huiusmodi

1034 2572 1328 2615 supplicatioi‘iibus
1343 2572 1498 2612 inclinati,
1512 2579 1545 2605 ut
1560 2574 1591 2605 in
1607 2580 1775 2617 posterum

1034 2626 1064 2658 in
1092 2626 1260 2668 praedicta
1285 2625 1453 2668 provincia
1486 2626 1640 2660 Franciae
1677 2629 1776 2661 alter-
