<?xml version="1.0" encoding="UTF-8"?>
<!DOCTYPE html PUBLIC "-//W3C//DTD XHTML 1.0 Transitional//EN"
    "http://www.w3.org/TR/xhtml1/DTD/xhtml1-transitional.dtd">
<html xmlns="http://www.w3.org/1999/xhtml" xml:lang="en" lang="en">
 <head>
  <title>
</title>
<meta http-equiv="Content-Type" content="text/html;charset=utf-8" />
  <meta name='ocr-system' content='tesseract 3.04.00' />
  <meta name='ocr-capabilities' content='ocr_page ocr_carea ocr_par ocr_line ocrx_word'/>
</head>
<body>
  <div class='ocr_page' id='page_1' title='image "./bullarumdiplomat23cath_0223.png"; bbox 0 0 2182 3137; ppageno 0'>
   <div class='ocr_carea' id='block_1_1' title="bbox 91 204 286 230">
    <p class='ocr_par' dir='ltr' id='par_1_1' title="bbox 91 204 286 230">
     <span class='ocr_line' id='line_1_1' title="bbox 91 204 286 230; baseline -0.01 0"><span class='ocrx_word' id='word_1_1' title='bbox 91 204 143 230; x_wconf 80' lang='lat' dir='ltr'>An.</span> <span class='ocrx_word' id='word_1_2' title='bbox 163 205 192 228; x_wconf 77' lang='lat' dir='ltr'>C.</span> <span class='ocrx_word' id='word_1_3' title='bbox 217 204 286 229; x_wconf 74' lang='lat'>¹730</span> 
     </span>
    </p>
   </div>
   <div class='ocr_carea' id='block_1_2' title="bbox 91 1214 278 1343">
    <p class='ocr_par' dir='ltr' id='par_1_2' title="bbox 91 1214 278 1343">
     <span class='ocr_line' id='line_1_2' title="bbox 146 1214 275 1235; baseline -0.008 0"><span class='ocrx_word' id='word_1_4' title='bbox 146 1214 197 1235; x_wconf 73' lang='lat' dir='ltr'>Eam</span> <span class='ocrx_word' id='word_1_5' title='bbox 229 1220 275 1234; x_wconf 81' lang='lat' dir='ltr'>rum</span> 
     </span>
     <span class='ocr_line' id='line_1_3' title="bbox 92 1241 275 1265; baseline -0.005 -4"><span class='ocrx_word' id='word_1_6' title='bbox 92 1241 154 1261; x_wconf 75' lang='lat' dir='ltr'>bonu</span> <span class='ocrx_word' id='word_1_7' title='bbox 171 1242 275 1265; x_wconf 77' lang='lat' dir='ltr'>omnibus,</span> 
     </span>
     <span class='ocr_line' id='line_1_4' title="bbox 91 1268 275 1293; baseline 0 -6"><span class='ocrx_word' id='word_1_8' title='bbox 91 1273 117 1287; x_wconf 79' lang='lat' dir='ltr'>ac</span> <span class='ocrx_word' id='word_1_9' title='bbox 142 1268 275 1293; x_wconf 74' lang='lat' dir='ltr'>privilegiis,</span> 
     </span>
     <span class='ocr_line' id='line_1_5' title="bbox 93 1294 278 1319; baseline 0.005 -5"><span class='ocrx_word' id='word_1_10' title='bbox 93 1294 260 1315; x_wconf 69' lang='lat' dir='ltr'>immunitatibus</span> <span class='ocrx_word' id='word_1_11' title='bbox 273 1310 278 1319; x_wconf 75' lang='lat'>,</span> 
     </span>
     <span class='ocr_line' id='line_1_6' title="bbox 94 1321 276 1343; baseline 0.016 -3"><span class='ocrx_word' id='word_1_12' title='bbox 94 1323 136 1341; x_wconf 77' lang='lat' dir='ltr'>etc.</span> <span class='ocrx_word' id='word_1_13' title='bbox 159 1321 276 1343; x_wconf 62' lang='lat' dir='ltr'>confirmat.</span> 
     </span>
    </p>
   </div>
   <div class='ocr_carea' id='block_1_3' title="bbox 284 250 1033 2580">
    <p class='ocr_par' dir='ltr' id='par_1_3' title="bbox 284 250 1030 1195">
     <span class='ocr_line' id='line_1_7' title="bbox 285 250 1028 295; baseline -0.004 -11"><span class='ocrx_word' id='word_1_14' title='bbox 285 251 469 295; x_wconf 83' lang='lat' dir='ltr'>triumphos</span> <span class='ocrx_word' id='word_1_15' title='bbox 495 262 628 285; x_wconf 85' lang='lat' dir='ltr'>evasura</span> <span class='ocrx_word' id='word_1_16' title='bbox 653 251 694 284; x_wconf 89' lang='lat' dir='ltr'>sit</span> <span class='ocrx_word' id='word_1_17' title='bbox 726 250 1028 293; x_wconf 73' lang='lat' dir='ltr'>propugnaculum,</span> 
     </span>
     <span class='ocr_line' id='line_1_8' title="bbox 285 303 1028 348; baseline -0.005 -10"><span class='ocrx_word' id='word_1_18' title='bbox 285 311 540 348; x_wconf 77' lang='lat' dir='ltr'>proptereaque,</span> <span class='ocrx_word' id='word_1_19' title='bbox 563 311 599 337; x_wconf 90' lang='lat' dir='ltr'>ut</span> <span class='ocrx_word' id='word_1_20' title='bbox 622 304 678 338; x_wconf 87' lang='lat' dir='ltr'>itta</span> <span class='ocrx_word' id='word_1_21' title='bbox 703 303 827 336; x_wconf 77' lang='lat' dir='ltr'>firmior</span> <span class='ocrx_word' id='word_1_22' title='bbox 852 303 1028 342; x_wconf 82' lang='lat' dir='ltr'>subsistat,</span> 
     </span>
     <span class='ocr_line' id='line_1_9' title="bbox 287 355 1028 400; baseline -0.004 -10"><span class='ocrx_word' id='word_1_23' title='bbox 287 358 368 390; x_wconf 82' lang='lat' dir='ltr'>etin</span> <span class='ocrx_word' id='word_1_24' title='bbox 387 358 457 391; x_wconf 91' lang='lat' dir='ltr'>dies</span> <span class='ocrx_word' id='word_1_25' title='bbox 482 357 606 400; x_wconf 80' lang='lat' dir='ltr'>gratior</span> <span class='ocrx_word' id='word_1_26' title='bbox 624 358 655 390; x_wconf 94' lang='lat' dir='ltr'>in</span> <span class='ocrx_word' id='word_1_27' title='bbox 681 361 857 399; x_wconf 88' lang='lat' dir='ltr'>conspectu</span> <span class='ocrx_word' id='word_1_28' title='bbox 884 355 1028 388; x_wconf 87' lang='lat' dir='ltr'>eiusdem</span> 
     </span>
     <span class='ocr_line' id='line_1_10' title="bbox 285 408 1028 454; baseline -0.007 -10"><span class='ocrx_word' id='word_1_29' title='bbox 285 410 412 444; x_wconf 87' lang='lat' dir='ltr'>Domini</span> <span class='ocrx_word' id='word_1_30' title='bbox 446 415 628 454; x_wconf 83' lang='lat' dir='ltr'>appareat,</span> <span class='ocrx_word' id='word_1_31' title='bbox 654 410 739 442; x_wconf 91' lang='lat' dir='ltr'>idem</span> <span class='ocrx_word' id='word_1_32' title='bbox 777 408 947 452; x_wconf 83' lang='lat' dir='ltr'>Philippus</span> <span class='ocrx_word' id='word_1_33' title='bbox 972 419 1028 441; x_wconf 90' lang='lat' dir='ltr'>rex</span> 
     </span>
     <span class='ocr_line' id='line_1_11' title="bbox 288 460 1030 496; baseline -0.005 0"><span class='ocrx_word' id='word_1_34' title='bbox 288 463 485 496; x_wconf 69' lang='lat' dir='ltr'>erectionem</span> <span class='ocrx_word' id='word_1_35' title='bbox 508 468 540 495; x_wconf 88' lang='lat' dir='ltr'>et</span> <span class='ocrx_word' id='word_1_36' title='bbox 561 462 783 495; x_wconf 72' lang='lat' dir='ltr'>fundationem</span> <span class='ocrx_word' id='word_1_37' title='bbox 810 460 1030 493; x_wconf 89' lang='lat' dir='ltr'>universitatis</span> 
     </span>
     <span class='ocr_line' id='line_1_12' title="bbox 286 514 1028 558; baseline -0.004 -11"><span class='ocrx_word' id='word_1_38' title='bbox 286 516 471 558; x_wconf 85' lang='lat' dir='ltr'>praefatae,</span> <span class='ocrx_word' id='word_1_39' title='bbox 500 516 539 547; x_wconf 86' lang='lat' dir='ltr'>ab</span> <span class='ocrx_word' id='word_1_40' title='bbox 566 525 605 548; x_wconf 93' lang='lat' dir='ltr'>eo</span> <span class='ocrx_word' id='word_1_41' title='bbox 639 521 672 547; x_wconf 91' lang='lat' dir='ltr'>ut</span> <span class='ocrx_word' id='word_1_42' title='bbox 696 514 877 557; x_wconf 88' lang='lat' dir='ltr'>praefertur</span> <span class='ocrx_word' id='word_1_43' title='bbox 902 518 1028 545; x_wconf 90' lang='lat' dir='ltr'>erectae</span> 
     </span>
     <span class='ocr_line' id='line_1_13' title="bbox 287 566 1030 608; baseline -0.004 -8"><span class='ocrx_word' id='word_1_44' title='bbox 287 574 318 600; x_wconf 87' lang='lat' dir='ltr'>et</span> <span class='ocrx_word' id='word_1_45' title='bbox 341 568 493 600; x_wconf 89' lang='lat' dir='ltr'>fundatae</span> <span class='ocrx_word' id='word_1_46' title='bbox 509 595 516 607; x_wconf 91' lang='lat'>,</span> <span class='ocrx_word' id='word_1_47' title='bbox 545 578 671 600; x_wconf 88' lang='lat' dir='ltr'>necnon</span> <span class='ocrx_word' id='word_1_48' title='bbox 691 572 808 599; x_wconf 85' lang='lat' dir='ltr'>statuta</span> <span class='ocrx_word' id='word_1_49' title='bbox 834 566 977 608; x_wconf 81' lang='lat' dir='ltr'>desuper</span> <span class='ocrx_word' id='word_1_50' title='bbox 994 571 1030 597; x_wconf 88' lang='lat' dir='ltr'>ut</span> 
     </span>
     <span class='ocr_line' id='line_1_14' title="bbox 288 618 1028 664; baseline -0.005 -10"><span class='ocrx_word' id='word_1_51' title='bbox 288 622 470 664; x_wconf 84' lang='lat' dir='ltr'>praefertur</span> <span class='ocrx_word' id='word_1_52' title='bbox 506 622 615 660; x_wconf 88' lang='lat' dir='ltr'>edita,</span> <span class='ocrx_word' id='word_1_53' title='bbox 646 621 790 662; x_wconf 71' lang='lat' dir='ltr'>benigno</span> <span class='ocrx_word' id='word_1_54' title='bbox 828 618 1028 662; x_wconf 88' lang='lat' dir='ltr'>apostolicae</span> 
     </span>
     <span class='ocr_line' id='line_1_15' title="bbox 287 671 1028 717; baseline -0.005 -11"><span class='ocrx_word' id='word_1_55' title='bbox 287 679 420 706; x_wconf 84' lang='lat' dir='ltr'>nostrae</span> <span class='ocrx_word' id='word_1_56' title='bbox 445 673 692 717; x_wconf 84' lang='lat' dir='ltr'>approbationis</span> <span class='ocrx_word' id='word_1_57' title='bbox 717 679 748 706; x_wconf 88' lang='lat' dir='ltr'>et</span> <span class='ocrx_word' id='word_1_58' title='bbox 773 671 1028 705; x_wconf 77' lang='lat' dir='ltr'>confirmationis</span> 
     </span>
     <span class='ocr_line' id='line_1_16' title="bbox 287 723 1028 768; baseline -0.004 -10"><span class='ocrx_word' id='word_1_59' title='bbox 287 726 406 760; x_wconf 82' lang='lat' dir='ltr'>robore</span> <span class='ocrx_word' id='word_1_60' title='bbox 432 727 644 765; x_wconf 85' lang='lat' dir='ltr'>communiri,</span> <span class='ocrx_word' id='word_1_61' title='bbox 670 726 841 768; x_wconf 81' lang='lat' dir='ltr'>eidemque</span> <span class='ocrx_word' id='word_1_62' title='bbox 868 723 1028 756; x_wconf 86' lang='lat' dir='ltr'>universi-</span> 
     </span>
     <span class='ocr_line' id='line_1_17' title="bbox 287 777 1029 822; baseline -0.005 -10"><span class='ocrx_word' id='word_1_63' title='bbox 287 780 343 812; x_wconf 84' lang='lat' dir='ltr'>tati</span> <span class='ocrx_word' id='word_1_64' title='bbox 369 780 408 813; x_wconf 86' lang='lat' dir='ltr'>ab</span> <span class='ocrx_word' id='word_1_65' title='bbox 435 781 552 813; x_wconf 88' lang='lat' dir='ltr'>eodem</span> <span class='ocrx_word' id='word_1_66' title='bbox 571 779 723 822; x_wconf 88' lang='lat' dir='ltr'>Philippo</span> <span class='ocrx_word' id='word_1_67' title='bbox 741 789 815 820; x_wconf 80' lang='lat' dir='ltr'>rege</span> <span class='ocrx_word' id='word_1_68' title='bbox 834 784 867 810; x_wconf 90' lang='lat' dir='ltr'>ut</span> <span class='ocrx_word' id='word_1_69' title='bbox 885 777 1029 820; x_wconf 87' lang='lat' dir='ltr'>praefer-</span> 
     </span>
     <span class='ocr_line' id='line_1_18' title="bbox 286 830 1029 870; baseline -0.005 -5"><span class='ocrx_word' id='word_1_70' title='bbox 286 839 336 865; x_wconf 86' lang='lat' dir='ltr'>tur</span> <span class='ocrx_word' id='word_1_71' title='bbox 361 839 487 866; x_wconf 79' lang='lat' dir='ltr'>erectae</span> <span class='ocrx_word' id='word_1_72' title='bbox 513 838 545 865; x_wconf 91' lang='lat' dir='ltr'>et</span> <span class='ocrx_word' id='word_1_73' title='bbox 570 833 730 870; x_wconf 75' lang='lat' dir='ltr'>fundatae,</span> <span class='ocrx_word' id='word_1_74' title='bbox 757 842 792 864; x_wconf 84' lang='lat' dir='ltr'>ac</span> <span class='ocrx_word' id='word_1_75' title='bbox 811 830 1029 869; x_wconf 88' lang='lat' dir='ltr'>scholaribus,</span> 
     </span>
     <span class='ocr_line' id='line_1_19' title="bbox 284 885 1029 927; baseline -0.004 -9"><span class='ocrx_word' id='word_1_76' title='bbox 284 896 413 918; x_wconf 82' lang='lat' dir='ltr'>necnon</span> <span class='ocrx_word' id='word_1_77' title='bbox 439 886 622 923; x_wconf 84' lang='lat' dir='ltr'>lectoribus,</span> <span class='ocrx_word' id='word_1_78' title='bbox 645 885 814 927; x_wconf 78' lang='lat' dir='ltr'>magistris,</span> <span class='ocrx_word' id='word_1_79' title='bbox 837 888 1029 927; x_wconf 85' lang='lat' dir='ltr'>praecepto-</span> 
     </span>
     <span class='ocr_line' id='line_1_20' title="bbox 285 937 1030 981; baseline -0.003 -10"><span class='ocrx_word' id='word_1_80' title='bbox 285 940 388 980; x_wconf 83' lang='lat' dir='ltr'>ribus,</span> <span class='ocrx_word' id='word_1_81' title='bbox 407 939 605 978; x_wconf 88' lang='lat' dir='ltr'>doctoribus,</span> <span class='ocrx_word' id='word_1_82' title='bbox 628 939 759 972; x_wconf 84' lang='lat' dir='ltr'>bidellis</span> <span class='ocrx_word' id='word_1_83' title='bbox 776 938 914 981; x_wconf 81' lang='lat' dir='ltr'>aliisque</span> <span class='ocrx_word' id='word_1_84' title='bbox 937 937 1030 969; x_wconf 88' lang='lat' dir='ltr'>mini-</span> 
     </span>
     <span class='ocr_line' id='line_1_21' title="bbox 285 991 1029 1035; baseline -0.004 -10"><span class='ocrx_word' id='word_1_85' title='bbox 285 993 373 1033; x_wconf 82' lang='lat' dir='ltr'>stris,</span> <span class='ocrx_word' id='word_1_86' title='bbox 392 992 423 1024; x_wconf 91' lang='lat' dir='ltr'>in</span> <span class='ocrx_word' id='word_1_87' title='bbox 442 994 479 1025; x_wconf 77' lang='lat' dir='ltr'>ea</span> <span class='ocrx_word' id='word_1_88' title='bbox 498 1002 581 1024; x_wconf 92' lang='lat' dir='ltr'>nunc</span> <span class='ocrx_word' id='word_1_89' title='bbox 598 997 629 1024; x_wconf 92' lang='lat' dir='ltr'>et</span> <span class='ocrx_word' id='word_1_90' title='bbox 646 1002 704 1035; x_wconf 92' lang='lat' dir='ltr'>pro</span> <span class='ocrx_word' id='word_1_91' title='bbox 724 997 869 1034; x_wconf 89' lang='lat' dir='ltr'>tempore</span> <span class='ocrx_word' id='word_1_92' title='bbox 889 991 1029 1023; x_wconf 85' lang='lat' dir='ltr'>existen-</span> 
     </span>
     <span class='ocr_line' id='line_1_22' title="bbox 286 1044 1029 1088; baseline -0.003 -11"><span class='ocrx_word' id='word_1_93' title='bbox 286 1045 371 1078; x_wconf 86' lang='lat' dir='ltr'>tibus</span> <span class='ocrx_word' id='word_1_94' title='bbox 398 1045 564 1088; x_wconf 82' lang='lat' dir='ltr'>praefatis,</span> <span class='ocrx_word' id='word_1_95' title='bbox 583 1045 692 1077; x_wconf 85' lang='lat' dir='ltr'>omnia</span> <span class='ocrx_word' id='word_1_96' title='bbox 718 1051 749 1077; x_wconf 89' lang='lat' dir='ltr'>et</span> <span class='ocrx_word' id='word_1_97' title='bbox 776 1045 905 1086; x_wconf 77' lang='lat' dir='ltr'>singula</span> <span class='ocrx_word' id='word_1_98' title='bbox 931 1044 1029 1076; x_wconf 88' lang='lat' dir='ltr'>infra-</span> 
     </span>
     <span class='ocr_line' id='line_1_23' title="bbox 287 1097 1029 1142; baseline -0.004 -11"><span class='ocrx_word' id='word_1_99' title='bbox 287 1099 408 1142; x_wconf 85' lang='lat' dir='ltr'>scripta</span> <span class='ocrx_word' id='word_1_100' title='bbox 426 1110 442 1131; x_wconf 90' lang='lat' dir='ltr'>a</span> <span class='ocrx_word' id='word_1_101' title='bbox 459 1100 564 1138; x_wconf 86' lang='lat' dir='ltr'>nobis,</span> <span class='ocrx_word' id='word_1_102' title='bbox 585 1104 620 1130; x_wconf 88' lang='lat' dir='ltr'>ut</span> <span class='ocrx_word' id='word_1_103' title='bbox 637 1099 738 1136; x_wconf 87' lang='lat' dir='ltr'>infra,</span> <span class='ocrx_word' id='word_1_104' title='bbox 757 1097 904 1137; x_wconf 87' lang='lat' dir='ltr'>concedi,</span> <span class='ocrx_word' id='word_1_105' title='bbox 924 1097 1029 1129; x_wconf 88' lang='lat' dir='ltr'>indul-</span> 
     </span>
     <span class='ocr_line' id='line_1_24' title="bbox 288 1151 1028 1195; baseline -0.003 -11"><span class='ocrx_word' id='word_1_106' title='bbox 288 1152 369 1194; x_wconf 82' lang='lat' dir='ltr'>geri,</span> <span class='ocrx_word' id='word_1_107' title='bbox 388 1152 518 1195; x_wconf 83' lang='lat' dir='ltr'>elargiri</span> <span class='ocrx_word' id='word_1_108' title='bbox 538 1164 573 1184; x_wconf 84' lang='lat' dir='ltr'>ac</span> <span class='ocrx_word' id='word_1_109' title='bbox 598 1152 694 1184; x_wconf 86' lang='lat' dir='ltr'>statui</span> <span class='ocrx_word' id='word_1_110' title='bbox 714 1152 887 1195; x_wconf 86' lang='lat' dir='ltr'>plurimum</span> <span class='ocrx_word' id='word_1_111' title='bbox 907 1151 1028 1193; x_wconf 85' lang='lat' dir='ltr'>cupiat:</span> 
     </span>
    </p>

    <p class='ocr_par' dir='ltr' id='par_1_4' title="bbox 286 1203 1033 2580">
     <span class='ocr_line' id='line_1_25' title="bbox 332 1203 1030 1248; baseline -0.006 -9"><span class='ocrx_word' id='word_1_112' title='bbox 332 1208 346 1248; x_wconf 71' lang='grc' dir='ltr'>,ξ</span> <span class='ocrx_word' id='word_1_113' title='bbox 371 1206 402 1239; x_wconf 80' lang='lat'>3.</span> <span class='ocrx_word' id='word_1_114' title='bbox 430 1206 514 1246; x_wconf 87' lang='lat' dir='ltr'>Nos,</span> <span class='ocrx_word' id='word_1_115' title='bbox 534 1206 588 1248; x_wconf 84' lang='lat' dir='ltr'>qui</span> <span class='ocrx_word' id='word_1_116' title='bbox 608 1206 647 1238; x_wconf 86' lang='lat' dir='ltr'>ad</span> <span class='ocrx_word' id='word_1_117' title='bbox 673 1205 926 1237; x_wconf 85' lang='lat' dir='ltr'>christianorum</span> <span class='ocrx_word' id='word_1_118' title='bbox 945 1203 1030 1246; x_wconf 90' lang='lat' dir='ltr'>prin-</span> 
     </span>
     <span class='ocr_line' id='line_1_26' title="bbox 286 1257 1030 1302; baseline -0.004 -11"><span class='ocrx_word' id='word_1_119' title='bbox 286 1259 392 1302; x_wconf 88' lang='lat' dir='ltr'>cipum</span> <span class='ocrx_word' id='word_1_120' title='bbox 419 1259 634 1301; x_wconf 80' lang='lat' dir='ltr'>religionem,</span> <span class='ocrx_word' id='word_1_121' title='bbox 660 1259 691 1291; x_wconf 92' lang='lat' dir='ltr'>in</span> <span class='ocrx_word' id='word_1_122' title='bbox 718 1259 755 1290; x_wconf 91' lang='lat' dir='ltr'>iis</span> <span class='ocrx_word' id='word_1_123' title='bbox 782 1268 863 1301; x_wconf 81' lang='lat' dir='ltr'>quac</span> <span class='ocrx_word' id='word_1_124' title='bbox 898 1257 937 1290; x_wconf 81' lang='lat' dir='ltr'>ad</span> <span class='ocrx_word' id='word_1_125' title='bbox 963 1257 1030 1289; x_wconf 89' lang='lat' dir='ltr'>ani-</span> 
     </span>
     <span class='ocr_line' id='line_1_27' title="bbox 288 1312 1030 1354; baseline -0.003 -10"><span class='ocrx_word' id='word_1_126' title='bbox 288 1322 417 1345; x_wconf 88' lang='lat' dir='ltr'>morum</span> <span class='ocrx_word' id='word_1_127' title='bbox 442 1312 661 1345; x_wconf 81' lang='lat' dir='ltr'>eruditionem</span> <span class='ocrx_word' id='word_1_128' title='bbox 688 1312 875 1345; x_wconf 83' lang='lat' dir='ltr'>elevandam</span> <span class='ocrx_word' id='word_1_129' title='bbox 901 1321 960 1354; x_wconf 87' lang='lat' dir='ltr'>per</span> <span class='ocrx_word' id='word_1_130' title='bbox 978 1321 1030 1343; x_wconf 89' lang='lat' dir='ltr'>eo-</span> 
     </span>
     <span class='ocr_line' id='line_1_28' title="bbox 289 1365 1030 1408; baseline -0.004 -10"><span class='ocrx_word' id='word_1_131' title='bbox 289 1375 360 1398; x_wconf 87' lang='lat' dir='ltr'>rum</span> <span class='ocrx_word' id='word_1_132' title='bbox 387 1366 510 1408; x_wconf 79' lang='lat' dir='ltr'>regiam</span> <span class='ocrx_word' id='word_1_133' title='bbox 547 1366 730 1407; x_wconf 83' lang='lat' dir='ltr'>largitatem</span> <span class='ocrx_word' id='word_1_134' title='bbox 768 1365 875 1396; x_wconf 86' lang='lat' dir='ltr'>studia</span> <span class='ocrx_word' id='word_1_135' title='bbox 900 1374 1030 1406; x_wconf 89' lang='lat' dir='ltr'>promo-</span> 
     </span>
     <span class='ocr_line' id='line_1_29' title="bbox 289 1418 1029 1457; baseline -0.003 -7"><span class='ocrx_word' id='word_1_136' title='bbox 289 1429 364 1452; x_wconf 87' lang='lat' dir='ltr'>vere</span> <span class='ocrx_word' id='word_1_137' title='bbox 388 1429 454 1451; x_wconf 90' lang='lat' dir='ltr'>non</span> <span class='ocrx_word' id='word_1_138' title='bbox 484 1419 655 1457; x_wconf 85' lang='lat' dir='ltr'>desinunt,</span> <span class='ocrx_word' id='word_1_139' title='bbox 682 1418 872 1450; x_wconf 88' lang='lat' dir='ltr'>adiutricem</span> <span class='ocrx_word' id='word_1_140' title='bbox 898 1422 1029 1449; x_wconf 84' lang='lat' dir='ltr'>nostrae</span> 
     </span>
     <span class='ocr_line' id='line_1_30' title="bbox 289 1471 1029 1515; baseline -0.003 -12"><span class='ocrx_word' id='word_1_141' title='bbox 289 1482 418 1515; x_wconf 83' lang='lat' dir='ltr'>quoque</span> <span class='ocrx_word' id='word_1_142' title='bbox 452 1471 656 1505; x_wconf 82' lang='lat' dir='ltr'>liberalitatis</span> <span class='ocrx_word' id='word_1_143' title='bbox 691 1472 856 1505; x_wconf 86' lang='lat' dir='ltr'>dexteram</span> <span class='ocrx_word' id='word_1_144' title='bbox 883 1476 917 1502; x_wconf 89' lang='lat' dir='ltr'>ut</span> <span class='ocrx_word' id='word_1_145' title='bbox 941 1480 1029 1512; x_wconf 85' lang='lat' dir='ltr'>prae-</span> 
     </span>
     <span class='ocr_line' id='line_1_31' title="bbox 289 1526 1029 1569; baseline -0.004 -11"><span class='ocrx_word' id='word_1_146' title='bbox 289 1526 389 1558; x_wconf 81' lang='lat' dir='ltr'>fertur</span> <span class='ocrx_word' id='word_1_147' title='bbox 414 1526 642 1569; x_wconf 85' lang='lat' dir='ltr'>protendimus</span> <span class='ocrx_word' id='word_1_148' title='bbox 658 1552 665 1565; x_wconf 96' lang='lat'>,</span> <span class='ocrx_word' id='word_1_149' title='bbox 691 1535 846 1567; x_wconf 86' lang='lat' dir='ltr'>eamque,</span> <span class='ocrx_word' id='word_1_150' title='bbox 874 1529 1029 1567; x_wconf 85' lang='lat' dir='ltr'>quantum</span> 
     </span>
     <span class='ocr_line' id='line_1_32' title="bbox 288 1578 1031 1622; baseline -0.003 -12"><span class='ocrx_word' id='word_1_151' title='bbox 288 1578 320 1611; x_wconf 91' lang='lat' dir='ltr'>in</span> <span class='ocrx_word' id='word_1_152' title='bbox 339 1579 477 1612; x_wconf 89' lang='lat' dir='ltr'>Domino</span> <span class='ocrx_word' id='word_1_153' title='bbox 503 1589 685 1622; x_wconf 86' lang='lat' dir='ltr'>possumus,</span> <span class='ocrx_word' id='word_1_154' title='bbox 704 1578 936 1616; x_wconf 73' lang='lat' dir='ltr'>confovemus;</span> <span class='ocrx_word' id='word_1_155' title='bbox 958 1587 1031 1619; x_wconf 88' lang='lat' dir='ltr'>pro-</span> 
     </span>
     <span class='ocr_line' id='line_1_33' title="bbox 286 1630 1031 1675; baseline -0.004 -11"><span class='ocrx_word' id='word_1_156' title='bbox 286 1637 466 1675; x_wconf 87' lang='lat' dir='ltr'>ptereaque</span> <span class='ocrx_word' id='word_1_157' title='bbox 493 1631 720 1670; x_wconf 76' lang='lat' dir='ltr'>laudabilibus,</span> <span class='ocrx_word' id='word_1_158' title='bbox 744 1637 776 1663; x_wconf 90' lang='lat' dir='ltr'>et</span> <span class='ocrx_word' id='word_1_159' title='bbox 793 1630 881 1673; x_wconf 77' lang='lat' dir='ltr'>regia</span> <span class='ocrx_word' id='word_1_160' title='bbox 899 1630 1031 1673; x_wconf 88' lang='lat' dir='ltr'>quidem</span> 
     </span>
     <span class='ocr_line' id='line_1_34' title="bbox 287 1683 1031 1728; baseline -0.003 -10"><span class='ocrx_word' id='word_1_161' title='bbox 287 1685 447 1718; x_wconf 79' lang='lat' dir='ltr'>charitate</span> <span class='ocrx_word' id='word_1_162' title='bbox 474 1685 590 1728; x_wconf 80' lang='lat' dir='ltr'>dignis,</span> <span class='ocrx_word' id='word_1_163' title='bbox 617 1685 694 1718; x_wconf 88' lang='lat' dir='ltr'>dicti</span> <span class='ocrx_word' id='word_1_164' title='bbox 721 1684 851 1727; x_wconf 86' lang='lat' dir='ltr'>Philppi</span> <span class='ocrx_word' id='word_1_165' title='bbox 877 1683 962 1726; x_wconf 79' lang='lat' dir='ltr'>regis</span> <span class='ocrx_word' id='word_1_166' title='bbox 980 1693 1031 1716; x_wconf 83' lang='lat' dir='ltr'>vo-</span> 
     </span>
     <span class='ocr_line' id='line_1_35' title="bbox 287 1738 1032 1779; baseline -0.003 -8"><span class='ocrx_word' id='word_1_167' title='bbox 287 1739 327 1771; x_wconf 81' lang='lat' dir='ltr'>tis</span> <span class='ocrx_word' id='word_1_168' title='bbox 352 1749 509 1779; x_wconf 78' lang='lat' dir='ltr'>annuere,</span> <span class='ocrx_word' id='word_1_169' title='bbox 541 1750 577 1772; x_wconf 86' lang='lat' dir='ltr'>ac</span> <span class='ocrx_word' id='word_1_170' title='bbox 603 1739 846 1771; x_wconf 80' lang='lat' dir='ltr'>universitatem</span> <span class='ocrx_word' id='word_1_171' title='bbox 872 1738 911 1770; x_wconf 86' lang='lat' dir='ltr'>ab</span> <span class='ocrx_word' id='word_1_172' title='bbox 934 1748 972 1770; x_wconf 91' lang='lat' dir='ltr'>eo</span> <span class='ocrx_word' id='word_1_173' title='bbox 998 1742 1032 1769; x_wconf 87' lang='lat' dir='ltr'>ut</span> 
     </span>
     <span class='ocr_line' id='line_1_36' title="bbox 287 1791 1032 1836; baseline -0.004 -11"><span class='ocrx_word' id='word_1_174' title='bbox 287 1793 472 1836; x_wconf 88' lang='lat' dir='ltr'>praefertur</span> <span class='ocrx_word' id='word_1_175' title='bbox 502 1799 642 1825; x_wconf 85' lang='lat' dir='ltr'>erectam</span> <span class='ocrx_word' id='word_1_176' title='bbox 669 1798 700 1825; x_wconf 88' lang='lat' dir='ltr'>et</span> <span class='ocrx_word' id='word_1_177' title='bbox 725 1793 891 1825; x_wconf 79' lang='lat' dir='ltr'>fundatam</span> <span class='ocrx_word' id='word_1_178' title='bbox 918 1791 1032 1823; x_wconf 86' lang='lat' dir='ltr'>huius-</span> 
     </span>
     <span class='ocr_line' id='line_1_37' title="bbox 288 1846 1030 1890; baseline -0.003 -11"><span class='ocrx_word' id='word_1_179' title='bbox 288 1846 397 1887; x_wconf 83' lang='lat' dir='ltr'>modi,</span> <span class='ocrx_word' id='word_1_180' title='bbox 425 1851 460 1879; x_wconf 88' lang='lat' dir='ltr'>ut</span> <span class='ocrx_word' id='word_1_181' title='bbox 494 1846 551 1879; x_wconf 90' lang='lat' dir='ltr'>illa</span> <span class='ocrx_word' id='word_1_182' title='bbox 584 1857 643 1890; x_wconf 89' lang='lat' dir='ltr'>per</span> <span class='ocrx_word' id='word_1_183' title='bbox 674 1846 873 1889; x_wconf 85' lang='lat' dir='ltr'>apostolicae</span> <span class='ocrx_word' id='word_1_184' title='bbox 899 1855 1030 1888; x_wconf 87' lang='lat' dir='ltr'>quoque</span> 
     </span>
     <span class='ocr_line' id='line_1_38' title="bbox 287 1889 1030 1943; baseline -0.001 -12"><span class='ocrx_word' id='word_1_185' title='bbox 287 1900 493 1933; x_wconf 83' lang='lat' dir='ltr'>liberalitatis</span> <span class='ocrx_word' id='word_1_186' title='bbox 508 1910 603 1943; x_wconf 92' lang='lat' dir='ltr'>opem</span> <span class='ocrx_word' id='word_1_187' title='bbox 619 1910 705 1932; x_wconf 91' lang='lat' dir='ltr'>nunc</span> <span class='ocrx_word' id='word_1_188' title='bbox 723 1905 753 1931; x_wconf 92' lang='lat' dir='ltr'>et</span> <span class='ocrx_word' id='word_1_189' title='bbox 767 1889 935 1942; x_wconf 84' lang='lat' dir='ltr'>perpetuis</span> <span class='ocrx_word' id='word_1_190' title='bbox 955 1898 1030 1930; x_wconf 87' lang='lat' dir='ltr'>inde</span> 
     </span>
     <span class='ocr_line' id='line_1_39' title="bbox 289 1952 1031 1996; baseline -0.001 -12"><span class='ocrx_word' id='word_1_191' title='bbox 289 1953 403 1986; x_wconf 88' lang='lat' dir='ltr'>futuris</span> <span class='ocrx_word' id='word_1_192' title='bbox 429 1953 630 1996; x_wconf 86' lang='lat' dir='ltr'>temporibus</span> <span class='ocrx_word' id='word_1_193' title='bbox 658 1953 743 1986; x_wconf 85' lang='lat' dir='ltr'>felici</span> <span class='ocrx_word' id='word_1_194' title='bbox 769 1952 932 1985; x_wconf 85' lang='lat' dir='ltr'>successui</span> <span class='ocrx_word' id='word_1_195' title='bbox 955 1958 986 1984; x_wconf 90' lang='lat' dir='ltr'>et</span> <span class='ocrx_word' id='word_1_196' title='bbox 1015 1962 1031 1984; x_wconf 88' lang='lat' dir='ltr'>a</span> 
     </span>
     <span class='ocr_line' id='line_1_40' title="bbox 289 2006 1030 2050; baseline -0.004 -11"><span class='ocrx_word' id='word_1_197' title='bbox 289 2007 434 2050; x_wconf 87' lang='lat' dir='ltr'>praefato</span> <span class='ocrx_word' id='word_1_198' title='bbox 460 2007 612 2050; x_wconf 81' lang='lat' dir='ltr'>Philippo</span> <span class='ocrx_word' id='word_1_199' title='bbox 637 2017 716 2049; x_wconf 86' lang='lat' dir='ltr'>rege</span> <span class='ocrx_word' id='word_1_200' title='bbox 745 2006 935 2048; x_wconf 81' lang='lat' dir='ltr'>concupitae</span> <span class='ocrx_word' id='word_1_201' title='bbox 958 2016 1030 2037; x_wconf 85' lang='lat' dir='ltr'>coa-</span> 
     </span>
     <span class='ocr_line' id='line_1_41' title="bbox 288 2058 1032 2103; baseline -0.003 -11"><span class='ocrx_word' id='word_1_202' title='bbox 288 2060 390 2093; x_wconf 86' lang='lat' dir='ltr'>lescat</span> <span class='ocrx_word' id='word_1_203' title='bbox 407 2060 585 2099; x_wconf 83' lang='lat' dir='ltr'>stabilitati,</span> <span class='ocrx_word' id='word_1_204' title='bbox 605 2059 802 2103; x_wconf 84' lang='lat' dir='ltr'>specialibus</span> <span class='ocrx_word' id='word_1_205' title='bbox 820 2058 983 2091; x_wconf 87' lang='lat' dir='ltr'>favoribus</span> <span class='ocrx_word' id='word_1_206' title='bbox 1002 2064 1032 2090; x_wconf 92' lang='lat' dir='ltr'>et</span> 
     </span>
     <span class='ocr_line' id='line_1_42' title="bbox 289 2111 1032 2156; baseline -0.004 -11"><span class='ocrx_word' id='word_1_207' title='bbox 289 2113 400 2155; x_wconf 83' lang='lat' dir='ltr'>gratiis</span> <span class='ocrx_word' id='word_1_208' title='bbox 425 2113 578 2156; x_wconf 80' lang='lat' dir='ltr'>prosequi</span> <span class='ocrx_word' id='word_1_209' title='bbox 608 2113 774 2152; x_wconf 89' lang='lat' dir='ltr'>volentes,</span> <span class='ocrx_word' id='word_1_210' title='bbox 801 2122 837 2144; x_wconf 91' lang='lat' dir='ltr'>ac</span> <span class='ocrx_word' id='word_1_211' title='bbox 862 2111 1032 2144; x_wconf 83' lang='lat' dir='ltr'>scholasti-</span> 
     </span>
     <span class='ocr_line' id='line_1_43' title="bbox 288 2165 1032 2207; baseline 0 -11"><span class='ocrx_word' id='word_1_212' title='bbox 288 2176 371 2206; x_wconf 82' lang='lat' dir='ltr'>cum,</span> <span class='ocrx_word' id='word_1_213' title='bbox 384 2167 564 2204; x_wconf 85' lang='lat' dir='ltr'>scholares,</span> <span class='ocrx_word' id='word_1_214' title='bbox 580 2166 731 2204; x_wconf 79' lang='lat' dir='ltr'>lectores,</span> <span class='ocrx_word' id='word_1_215' title='bbox 747 2165 930 2207; x_wconf 83' lang='lat' dir='ltr'>magistros,</span> <span class='ocrx_word' id='word_1_216' title='bbox 943 2174 1032 2207; x_wconf 87' lang='lat' dir='ltr'>prae-</span> 
     </span>
     <span class='ocr_line' id='line_1_44' title="bbox 289 2217 1033 2262; baseline -0.001 -12"><span class='ocrx_word' id='word_1_217' title='bbox 289 2221 446 2262; x_wconf 82' lang='lat' dir='ltr'>ceptores,</span> <span class='ocrx_word' id='word_1_218' title='bbox 466 2219 627 2259; x_wconf 87' lang='lat' dir='ltr'>doctores,</span> <span class='ocrx_word' id='word_1_219' title='bbox 646 2218 787 2251; x_wconf 88' lang='lat' dir='ltr'>bidellos</span> <span class='ocrx_word' id='word_1_220' title='bbox 810 2217 957 2260; x_wconf 81' lang='lat' dir='ltr'>aliosque</span> <span class='ocrx_word' id='word_1_221' title='bbox 978 2217 1033 2249; x_wconf 91' lang='lat' dir='ltr'>mi-</span> 
     </span>
     <span class='ocr_line' id='line_1_45' title="bbox 289 2270 1031 2314; baseline 0.001 -11"><span class='ocrx_word' id='word_1_222' title='bbox 289 2271 408 2305; x_wconf 83' lang='lat' dir='ltr'>nistros</span> <span class='ocrx_word' id='word_1_223' title='bbox 434 2272 653 2305; x_wconf 87' lang='lat' dir='ltr'>universitatis</span> <span class='ocrx_word' id='word_1_224' title='bbox 678 2272 716 2304; x_wconf 86' lang='lat' dir='ltr'>ab</span> <span class='ocrx_word' id='word_1_225' title='bbox 738 2272 852 2304; x_wconf 89' lang='lat' dir='ltr'>codem</span> <span class='ocrx_word' id='word_1_226' title='bbox 878 2270 1031 2314; x_wconf 87' lang='lat' dir='ltr'>Philippo</span> 
     </span>
     <span class='ocr_line' id='line_1_46' title="bbox 291 2324 1032 2368; baseline -0.001 -11"><span class='ocrx_word' id='word_1_227' title='bbox 291 2336 366 2368; x_wconf 78' lang='lat' dir='ltr'>rege</span> <span class='ocrx_word' id='word_1_228' title='bbox 392 2330 427 2357; x_wconf 90' lang='lat' dir='ltr'>ut</span> <span class='ocrx_word' id='word_1_229' title='bbox 452 2326 637 2368; x_wconf 85' lang='lat' dir='ltr'>praefertur</span> <span class='ocrx_word' id='word_1_230' title='bbox 662 2330 789 2358; x_wconf 87' lang='lat' dir='ltr'>erectae</span> <span class='ocrx_word' id='word_1_231' title='bbox 811 2330 843 2357; x_wconf 88' lang='lat' dir='ltr'>et</span> <span class='ocrx_word' id='word_1_232' title='bbox 868 2324 1032 2363; x_wconf 84' lang='lat' dir='ltr'>fundatae,</span> 
     </span>
     <span class='ocr_line' id='line_1_47' title="bbox 291 2378 1033 2422; baseline -0.005 -9"><span class='ocrx_word' id='word_1_233' title='bbox 291 2390 469 2422; x_wconf 88' lang='lat' dir='ltr'>corumque</span> <span class='ocrx_word' id='word_1_234' title='bbox 496 2379 678 2421; x_wconf 76' lang='lat' dir='ltr'>singulares</span> <span class='ocrx_word' id='word_1_235' title='bbox 703 2389 884 2422; x_wconf 77' lang='lat' dir='ltr'>personas,</span> <span class='ocrx_word' id='word_1_236' title='bbox 912 2389 929 2410; x_wconf 90' lang='lat' dir='ltr'>a</span> <span class='ocrx_word' id='word_1_237' title='bbox 962 2378 1033 2421; x_wconf 88' lang='lat' dir='ltr'>qui-</span> 
     </span>
     <span class='ocr_line' id='line_1_48' title="bbox 290 2431 1032 2475; baseline -0.004 -9"><span class='ocrx_word' id='word_1_238' title='bbox 290 2433 401 2466; x_wconf 87' lang='lat' dir='ltr'>busvis</span> <span class='ocrx_word' id='word_1_239' title='bbox 428 2432 785 2471; x_wconf 63' lang='lat' dir='ltr'>excommunicationis,</span> <span class='ocrx_word' id='word_1_240' title='bbox 804 2431 1032 2475; x_wconf 82' lang='lat' dir='ltr'>suspensionis</span> 
     </span>
     <span class='ocr_line' id='line_1_49' title="bbox 291 2484 1033 2528; baseline -0.003 -10"><span class='ocrx_word' id='word_1_241' title='bbox 291 2492 323 2519; x_wconf 85' lang='lat' dir='ltr'>et</span> <span class='ocrx_word' id='word_1_242' title='bbox 348 2486 523 2525; x_wconf 86' lang='lat' dir='ltr'>interdicti,</span> <span class='ocrx_word' id='word_1_243' title='bbox 543 2486 681 2528; x_wconf 84' lang='lat' dir='ltr'>aliisque</span> <span class='ocrx_word' id='word_1_244' title='bbox 707 2484 938 2517; x_wconf 88' lang='lat' dir='ltr'>ecclesiasticis</span> <span class='ocrx_word' id='word_1_245' title='bbox 959 2494 1033 2517; x_wconf 87' lang='lat' dir='ltr'>sen-</span> 
     </span>
     <span class='ocr_line' id='line_1_50' title="bbox 292 2537 1033 2580; baseline -0.003 -8"><span class='ocrx_word' id='word_1_246' title='bbox 292 2539 424 2578; x_wconf 87' lang='lat' dir='ltr'>tentiis,</span> <span class='ocrx_word' id='word_1_247' title='bbox 450 2538 596 2571; x_wconf 82' lang='lat' dir='ltr'>censuris</span> <span class='ocrx_word' id='word_1_248' title='bbox 628 2543 659 2570; x_wconf 92' lang='lat' dir='ltr'>et</span> <span class='ocrx_word' id='word_1_249' title='bbox 684 2537 821 2580; x_wconf 86' lang='lat' dir='ltr'>poenis,</span> <span class='ocrx_word' id='word_1_250' title='bbox 848 2548 864 2569; x_wconf 86' lang='lat' dir='ltr'>a</span> <span class='ocrx_word' id='word_1_251' title='bbox 890 2537 958 2569; x_wconf 87' lang='lat' dir='ltr'>iure</span> <span class='ocrx_word' id='word_1_252' title='bbox 984 2539 1033 2570; x_wconf 91' lang='lat' dir='ltr'>vel</span> 
     </span>
    </p>
   </div>
   <div class='ocr_carea' id='block_1_4' title="bbox 293 2591 1035 2634">
    <p class='ocr_par' dir='ltr' id='par_1_5' title="bbox 293 2591 1035 2634">
     <span class='ocr_line' id='line_1_51' title="bbox 293 2591 1035 2634; baseline -0.004 -8"><span class='ocrx_word' id='word_1_253' title='bbox 293 2594 331 2626; x_wconf 90' lang='lat' dir='ltr'>ab</span> <span class='ocrx_word' id='word_1_254' title='bbox 359 2592 502 2631; x_wconf 89' lang='lat' dir='ltr'>homine,</span> <span class='ocrx_word' id='word_1_255' title='bbox 531 2591 641 2634; x_wconf 87' lang='lat' dir='ltr'>quavis</span> <span class='ocrx_word' id='word_1_256' title='bbox 667 2591 837 2623; x_wconf 88' lang='lat' dir='ltr'>occasione</span> <span class='ocrx_word' id='word_1_257' title='bbox 862 2591 911 2623; x_wconf 91' lang='lat' dir='ltr'>vel</span> <span class='ocrx_word' id='word_1_258' title='bbox 942 2592 1035 2623; x_wconf 76' lang='lat' dir='ltr'>causa</span> 
     </span>
    </p>
   </div>
   <div class='ocr_carea' id='block_1_5' title="bbox 381 2654 1003 2682">
    <p class='ocr_par' dir='ltr' id='par_1_6' title="bbox 381 2654 1003 2682">
     <span class='ocr_line' id='line_1_52' title="bbox 381 2654 1003 2682; baseline -0.003 -1"><span class='ocrx_word' id='word_1_259' title='bbox 381 2656 459 2681; x_wconf 64' lang='lat' dir='ltr'>lsult.</span> <span class='ocrx_word' id='word_1_260' title='bbox 480 2657 559 2682; x_wconf 71' lang='lat' dir='ltr'>Rom.</span> <span class='ocrx_word' id='word_1_261' title='bbox 579 2670 613 2674; x_wconf 88' lang='lat'><strong>—</strong></span> <span class='ocrx_word' id='word_1_262' title='bbox 637 2655 696 2680; x_wconf 85' lang='lat' dir='ltr'>Vol.</span> <span class='ocrx_word' id='word_1_263' title='bbox 715 2655 822 2681; x_wconf 81' lang='lat' dir='ltr'><em>XXIII.</em></span> <span class='ocrx_word' id='word_1_264' title='bbox 968 2654 1003 2679; x_wconf 66' lang='lat'>20</span> 
     </span>
    </p>
   </div>
   <div class='ocr_carea' id='block_1_6' title="bbox 906 201 1192 227">
    <p class='ocr_par' dir='ltr' id='par_1_7' title="bbox 906 201 1192 227">
     <span class='ocr_line' id='line_1_53' title="bbox 906 201 1192 227; baseline 0.007 -2"><span class='ocrx_word' id='word_1_265' title='bbox 906 201 1050 226; x_wconf 77' lang='lat' dir='ltr'><strong>CLEMENS</strong></span> <span class='ocrx_word' id='word_1_266' title='bbox 1076 203 1118 226; x_wconf 83' lang='lat' dir='ltr'>xlt</span> <span class='ocrx_word' id='word_1_267' title='bbox 1144 204 1192 227; x_wconf 77' lang='lat' dir='ltr'>Pr.</span> 
     </span>
    </p>
   </div>
   <div class='ocr_carea' id='block_1_7' title="bbox 1051 261 1057 2616">
    <p class='ocr_par' dir='ltr' id='par_1_8' title="bbox 1051 261 1057 2616">
     <span class='ocr_line' id='line_1_54' title="bbox 1051 261 1057 2616; baseline 0 0"><span class='ocrx_word' id='word_1_268' title='bbox 1051 261 1057 2616; x_wconf 95' lang='lat' dir='ltr'> </span> 
     </span>
    </p>
   </div>
   <div class='ocr_carea' id='block_1_8' title="bbox 1708 194 1768 226">
    <p class='ocr_par' dir='ltr' id='par_1_9' title="bbox 1708 194 1768 226">
     <span class='ocr_line' id='line_1_55' title="bbox 1708 194 1768 226; baseline -0.017 0"><span class='ocrx_word' id='word_1_269' title='bbox 1708 194 1768 226; x_wconf 70' lang='lat'>201</span> 
     </span>
    </p>
   </div>
   <div class='ocr_carea' id='block_1_9' title="bbox 1072 250 1822 2626">
    <p class='ocr_par' dir='ltr' id='par_1_10' title="bbox 1072 250 1822 2626">
     <span class='ocr_line' id='line_1_56' title="bbox 1073 250 1814 294; baseline 0.001 -12"><span class='ocrx_word' id='word_1_270' title='bbox 1073 250 1165 290; x_wconf 82' lang='lat' dir='ltr'>latis,</span> <span class='ocrx_word' id='word_1_271' title='bbox 1195 251 1221 283; x_wconf 87' lang='lat' dir='ltr'>si</span> <span class='ocrx_word' id='word_1_272' title='bbox 1253 251 1369 294; x_wconf 87' lang='lat' dir='ltr'>quibus</span> <span class='ocrx_word' id='word_1_273' title='bbox 1400 251 1645 294; x_wconf 86' lang='lat' dir='ltr'>quomodolibet</span> <span class='ocrx_word' id='word_1_274' title='bbox 1677 250 1814 284; x_wconf 86' lang='lat' dir='ltr'>innoda-</span> 
     </span>
     <span class='ocr_line' id='line_1_57' title="bbox 1073 304 1814 347; baseline 0.001 -13"><span class='ocrx_word' id='word_1_275' title='bbox 1073 308 1122 335; x_wconf 83' lang='lat' dir='ltr'>tae</span> <span class='ocrx_word' id='word_1_276' title='bbox 1149 304 1306 344; x_wconf 85' lang='lat' dir='ltr'>existunt,</span> <span class='ocrx_word' id='word_1_277' title='bbox 1333 305 1371 336; x_wconf 92' lang='lat' dir='ltr'>ad</span> <span class='ocrx_word' id='word_1_278' title='bbox 1405 304 1554 337; x_wconf 82' lang='lat' dir='ltr'>etl&#39;ectnm</span> <span class='ocrx_word' id='word_1_279' title='bbox 1590 304 1814 347; x_wconf 84' lang='lat' dir='ltr'>praesentium</span> 
     </span>
     <span class='ocr_line' id='line_1_58' title="bbox 1075 356 1814 399; baseline 0.003 -12"><span class='ocrx_word' id='word_1_280' title='bbox 1075 360 1198 388; x_wconf 86' lang='lat' dir='ltr'>tantum</span> <span class='ocrx_word' id='word_1_281' title='bbox 1217 358 1495 399; x_wconf 86' lang='lat' dir='ltr'>consequendum,</span> <span class='ocrx_word' id='word_1_282' title='bbox 1521 357 1635 389; x_wconf 89' lang='lat' dir='ltr'>harum</span> <span class='ocrx_word' id='word_1_283' title='bbox 1661 356 1746 389; x_wconf 89' lang='lat' dir='ltr'>serie</span> <span class='ocrx_word' id='word_1_284' title='bbox 1764 356 1814 389; x_wconf 88' lang='lat' dir='ltr'>ab·</span> 
     </span>
     <span class='ocr_line' id='line_1_59' title="bbox 1072 409 1810 449; baseline 0.003 -9"><span class='ocrx_word' id='word_1_285' title='bbox 1072 409 1234 441; x_wconf 87' lang='lat' dir='ltr'>solventes</span> <span class='ocrx_word' id='word_1_286' title='bbox 1259 414 1290 441; x_wconf 92' lang='lat' dir='ltr'>et</span> <span class='ocrx_word' id='word_1_287' title='bbox 1316 410 1480 442; x_wconf 87' lang='lat' dir='ltr'>absolutas</span> <span class='ocrx_word' id='word_1_288' title='bbox 1516 410 1583 442; x_wconf 88' lang='lat' dir='ltr'>fore</span> <span class='ocrx_word' id='word_1_289' title='bbox 1618 415 1810 449; x_wconf 87' lang='lat' dir='ltr'>censentes,</span> 
     </span>
     <span class='ocr_line' id='line_1_60' title="bbox 1073 461 1812 504; baseline 0.001 -12"><span class='ocrx_word' id='word_1_290' title='bbox 1073 470 1202 492; x_wconf 88' lang='lat' dir='ltr'>necnon</span> <span class='ocrx_word' id='word_1_291' title='bbox 1229 461 1523 500; x_wconf 87' lang='lat' dir='ltr'>denominationes,</span> <span class='ocrx_word' id='word_1_292' title='bbox 1543 461 1812 504; x_wconf 86' lang='lat' dir='ltr'>nuncupationes,</span> 
     </span>
     <span class='ocr_line' id='line_1_61' title="bbox 1072 513 1814 556; baseline 0.001 -12"><span class='ocrx_word' id='word_1_293' title='bbox 1072 513 1271 552; x_wconf 85' lang='lat' dir='ltr'>situatioues,</span> <span class='ocrx_word' id='word_1_294' title='bbox 1293 518 1410 546; x_wconf 85' lang='lat' dir='ltr'>statum</span> <span class='ocrx_word' id='word_1_295' title='bbox 1436 520 1466 546; x_wconf 90' lang='lat' dir='ltr'>et</span> <span class='ocrx_word' id='word_1_296' title='bbox 1493 514 1662 556; x_wconf 86' lang='lat' dir='ltr'>qualitates</span> <span class='ocrx_word' id='word_1_297' title='bbox 1691 515 1814 546; x_wconf 88' lang='lat' dir='ltr'>univer-</span> 
     </span>
     <span class='ocr_line' id='line_1_62' title="bbox 1073 565 1815 609; baseline 0.003 -12"><span class='ocrx_word' id='word_1_298' title='bbox 1073 565 1175 598; x_wconf 82' lang='lat' dir='ltr'>sitatis</span> <span class='ocrx_word' id='word_1_299' title='bbox 1191 577 1207 598; x_wconf 88' lang='lat' dir='ltr'>a</span> <span class='ocrx_word' id='word_1_300' title='bbox 1225 566 1369 608; x_wconf 87' lang='lat' dir='ltr'>praefato</span> <span class='ocrx_word' id='word_1_301' title='bbox 1396 566 1548 609; x_wconf 85' lang='lat' dir='ltr'>Philippo</span> <span class='ocrx_word' id='word_1_302' title='bbox 1575 577 1651 609; x_wconf 78' lang='lat' dir='ltr'>rege</span> <span class='ocrx_word' id='word_1_303' title='bbox 1673 573 1708 599; x_wconf 92' lang='lat' dir='ltr'>ut</span> <span class='ocrx_word' id='word_1_304' title='bbox 1726 578 1815 609; x_wconf 82' lang='lat' dir='ltr'>prae-</span> 
     </span>
     <span class='ocr_line' id='line_1_63' title="bbox 1073 619 1814 660; baseline 0.003 -10"><span class='ocrx_word' id='word_1_305' title='bbox 1073 619 1177 651; x_wconf 86' lang='lat' dir='ltr'>fertur</span> <span class='ocrx_word' id='word_1_306' title='bbox 1202 624 1331 651; x_wconf 85' lang='lat' dir='ltr'>erectae</span> <span class='ocrx_word' id='word_1_307' title='bbox 1363 624 1394 651; x_wconf 87' lang='lat' dir='ltr'>et</span> <span class='ocrx_word' id='word_1_308' title='bbox 1426 620 1575 651; x_wconf 87' lang='lat' dir='ltr'>fundatae</span> <span class='ocrx_word' id='word_1_309' title='bbox 1602 620 1814 660; x_wconf 87' lang='lat' dir='ltr'>huiusmodi,</span> 
     </span>
     <span class='ocr_line' id='line_1_64' title="bbox 1073 672 1815 715; baseline 0.001 -11"><span class='ocrx_word' id='word_1_310' title='bbox 1073 672 1225 715; x_wconf 87' lang='lat' dir='ltr'>illiusque</span> <span class='ocrx_word' id='word_1_311' title='bbox 1253 673 1427 705; x_wconf 87' lang='lat' dir='ltr'>erectionis</span> <span class='ocrx_word' id='word_1_312' title='bbox 1444 678 1474 704; x_wconf 92' lang='lat' dir='ltr'>et</span> <span class='ocrx_word' id='word_1_313' title='bbox 1501 672 1698 705; x_wconf 87' lang='lat' dir='ltr'>fundationis</span> <span class='ocrx_word' id='word_1_314' title='bbox 1724 683 1815 715; x_wconf 82' lang='lat' dir='ltr'>prae-</span> 
     </span>
     <span class='ocr_line' id='line_1_65' title="bbox 1073 725 1815 768; baseline 0.001 -11"><span class='ocrx_word' id='word_1_315' title='bbox 1073 726 1208 758; x_wconf 83' lang='lat' dir='ltr'>fatarum</span> <span class='ocrx_word' id='word_1_316' title='bbox 1228 731 1370 763; x_wconf 83' lang='lat' dir='ltr'>tenores,</span> <span class='ocrx_word' id='word_1_317' title='bbox 1391 735 1426 757; x_wconf 84' lang='lat' dir='ltr'>ac</span> <span class='ocrx_word' id='word_1_318' title='bbox 1447 725 1605 757; x_wconf 87' lang='lat' dir='ltr'>bonorum</span> <span class='ocrx_word' id='word_1_319' title='bbox 1626 726 1653 758; x_wconf 89' lang='lat' dir='ltr'>ei</span> <span class='ocrx_word' id='word_1_320' title='bbox 1673 726 1815 768; x_wconf 86' lang='lat' dir='ltr'>applica-</span> 
     </span>
     <span class='ocr_line' id='line_1_66' title="bbox 1073 779 1814 822; baseline -0.001 -11"><span class='ocrx_word' id='word_1_321' title='bbox 1073 785 1181 812; x_wconf 88' lang='lat' dir='ltr'>torum</span> <span class='ocrx_word' id='word_1_322' title='bbox 1208 785 1238 811; x_wconf 89' lang='lat' dir='ltr'>et</span> <span class='ocrx_word' id='word_1_323' title='bbox 1273 779 1557 822; x_wconf 86' lang='lat' dir='ltr'>appropriatorum</span> <span class='ocrx_word' id='word_1_324' title='bbox 1597 779 1814 820; x_wconf 73' lang='lat' dir='ltr'>(piantitateS‚</span> 
     </span>
     <span class='ocr_line' id='line_1_67' title="bbox 1072 831 1812 874; baseline -0.003 -9"><span class='ocrx_word' id='word_1_325' title='bbox 1072 843 1109 865; x_wconf 84' lang='lat' dir='ltr'>ac</span> <span class='ocrx_word' id='word_1_326' title='bbox 1133 832 1242 865; x_wconf 85' lang='lat' dir='ltr'>omnia</span> <span class='ocrx_word' id='word_1_327' title='bbox 1268 838 1298 864; x_wconf 88' lang='lat' dir='ltr'>et</span> <span class='ocrx_word' id='word_1_328' title='bbox 1323 831 1451 874; x_wconf 81' lang='lat' dir='ltr'>singula</span> <span class='ocrx_word' id='word_1_329' title='bbox 1476 831 1657 874; x_wconf 76' lang='lat' dir='ltr'>privilegia,</span> <span class='ocrx_word' id='word_1_330' title='bbox 1682 831 1812 872; x_wconf 82' lang='lat' dir='ltr'>gratias,</span> 
     </span>
     <span class='ocr_line' id='line_1_68' title="bbox 1073 883 1817 928; baseline -0.005 -10"><span class='ocrx_word' id='word_1_331' title='bbox 1073 886 1295 928; x_wconf 82' lang='lat' dir='ltr'>exemptiones</span> <span class='ocrx_word' id='word_1_332' title='bbox 1321 890 1352 917; x_wconf 93' lang='lat' dir='ltr'>et</span> <span class='ocrx_word' id='word_1_333' title='bbox 1376 884 1609 922; x_wconf 87' lang='lat' dir='ltr'>immunitates,</span> <span class='ocrx_word' id='word_1_334' title='bbox 1628 883 1745 926; x_wconf 84' lang='lat' dir='ltr'>quibus</span> <span class='ocrx_word' id='word_1_335' title='bbox 1762 883 1817 915; x_wconf 87' lang='lat' dir='ltr'>illa</span> 
     </span>
     <span class='ocr_line' id='line_1_69' title="bbox 1072 937 1817 982; baseline -0.005 -10"><span class='ocrx_word' id='word_1_336' title='bbox 1072 950 1090 972; x_wconf 84' lang='lat' dir='ltr'>a</span> <span class='ocrx_word' id='word_1_337' title='bbox 1116 940 1260 982; x_wconf 85' lang='lat' dir='ltr'>praefato</span> <span class='ocrx_word' id='word_1_338' title='bbox 1285 939 1438 982; x_wconf 82' lang='lat' dir='ltr'>Philippo</span> <span class='ocrx_word' id='word_1_339' title='bbox 1473 948 1548 980; x_wconf 82' lang='lat' dir='ltr'>rege</span> <span class='ocrx_word' id='word_1_340' title='bbox 1575 943 1608 969; x_wconf 89' lang='lat' dir='ltr'>ut</span> <span class='ocrx_word' id='word_1_341' title='bbox 1635 937 1817 979; x_wconf 84' lang='lat' dir='ltr'>praefertur</span> 
     </span>
     <span class='ocr_line' id='line_1_70' title="bbox 1073 990 1816 1033; baseline -0.005 -8"><span class='ocrx_word' id='word_1_342' title='bbox 1073 993 1195 1025; x_wconf 87' lang='lat' dir='ltr'>donata</span> <span class='ocrx_word' id='word_1_343' title='bbox 1227 992 1331 1026; x_wconf 74' lang='lat' dir='ltr'>extitit</span> <span class='ocrx_word' id='word_1_344' title='bbox 1356 998 1387 1024; x_wconf 89' lang='lat' dir='ltr'>et</span> <span class='ocrx_word' id='word_1_345' title='bbox 1413 991 1520 1024; x_wconf 78' lang='lat' dir='ltr'>existit</span> <span class='ocrx_word' id='word_1_346' title='bbox 1552 991 1591 1023; x_wconf 91' lang='lat' dir='ltr'>de</span> <span class='ocrx_word' id='word_1_347' title='bbox 1624 990 1816 1033; x_wconf 86' lang='lat' dir='ltr'>praesenti,</span> 
     </span>
     <span class='ocr_line' id='line_1_71' title="bbox 1074 1043 1815 1089; baseline -0.001 -12"><span class='ocrx_word' id='word_1_348' title='bbox 1074 1057 1131 1088; x_wconf 88' lang='lat' dir='ltr'>pro</span> <span class='ocrx_word' id='word_1_349' title='bbox 1152 1046 1314 1089; x_wconf 83' lang='lat' dir='ltr'>expressis</span> <span class='ocrx_word' id='word_1_350' title='bbox 1334 1045 1503 1082; x_wconf 82' lang='lat' dir='ltr'>habentes,</span> <span class='ocrx_word' id='word_1_351' title='bbox 1523 1045 1562 1076; x_wconf 92' lang='lat' dir='ltr'>de</span> <span class='ocrx_word' id='word_1_352' title='bbox 1579 1043 1815 1076; x_wconf 82' lang='lat' dir='ltr'>venerabilium</span> 
     </span>
     <span class='ocr_line' id='line_1_72' title="bbox 1073 1096 1816 1132; baseline -0.004 -1"><span class='ocrx_word' id='word_1_353' title='bbox 1073 1100 1207 1131; x_wconf 87' lang='lat' dir='ltr'>fratrum</span> <span class='ocrx_word' id='word_1_354' title='bbox 1226 1105 1410 1132; x_wconf 83' lang='lat' dir='ltr'>nostrorum</span> <span class='ocrx_word' id='word_1_355' title='bbox 1437 1097 1588 1130; x_wconf 76' lang='lat' dir='ltr'>Ludovici</span> <span class='ocrx_word' id='word_1_356' title='bbox 1609 1097 1682 1129; x_wconf 88' lang='lat' dir='ltr'>Pico</span> <span class='ocrx_word' id='word_1_357' title='bbox 1708 1103 1739 1129; x_wconf 88' lang='lat' dir='ltr'>ct</span> <span class='ocrx_word' id='word_1_358' title='bbox 1760 1096 1816 1128; x_wconf 88' lang='lat' dir='ltr'>Lu-</span> 
     </span>
     <span class='ocr_line' id='line_1_73' title="bbox 1074 1150 1815 1194; baseline -0.004 -9"><span class='ocrx_word' id='word_1_359' title='bbox 1074 1153 1179 1185; x_wconf 89' lang='lat' dir='ltr'>dovici</span> <span class='ocrx_word' id='word_1_360' title='bbox 1217 1154 1350 1194; x_wconf 75' lang='lat' dir='ltr'>Belluga</span> <span class='ocrx_word' id='word_1_361' title='bbox 1382 1157 1413 1184; x_wconf 89' lang='lat' dir='ltr'>et</span> <span class='ocrx_word' id='word_1_362' title='bbox 1446 1151 1598 1184; x_wconf 80' lang='lat' dir='ltr'>Moncada</span> <span class='ocrx_word' id='word_1_363' title='bbox 1630 1150 1815 1193; x_wconf 78' lang='lat' dir='ltr'>respective</span> 
     </span>
     <span class='ocr_line' id='line_1_74' title="bbox 1073 1203 1817 1249; baseline -0.008 -10"><span class='ocrx_word' id='word_1_364' title='bbox 1073 1212 1338 1249; x_wconf 86' lang='lat' dir='ltr'>nuncupatorum</span> <span class='ocrx_word' id='word_1_365' title='bbox 1357 1205 1388 1237; x_wconf 89' lang='lat' dir='ltr'>S.</span> <span class='ocrx_word' id='word_1_366' title='bbox 1406 1205 1441 1236; x_wconf 76' lang='lat' dir='ltr'>R.</span> <span class='ocrx_word' id='word_1_367' title='bbox 1460 1204 1494 1236; x_wconf 84' lang='lat' dir='ltr'>E.</span> <span class='ocrx_word' id='word_1_368' title='bbox 1512 1203 1725 1236; x_wconf 75' lang='lat' dir='ltr'>cardinalium</span> <span class='ocrx_word' id='word_1_369' title='bbox 1743 1213 1817 1234; x_wconf 88' lang='lat' dir='ltr'>con-</span> 
     </span>
     <span class='ocr_line' id='line_1_75' title="bbox 1074 1256 1818 1303; baseline -0.008 -10"><span class='ocrx_word' id='word_1_370' title='bbox 1074 1260 1155 1301; x_wconf 83' lang='lat' dir='ltr'>silio,</span> <span class='ocrx_word' id='word_1_371' title='bbox 1181 1260 1298 1303; x_wconf 86' lang='lat' dir='ltr'>quibus</span> <span class='ocrx_word' id='word_1_372' title='bbox 1324 1270 1341 1291; x_wconf 81' lang='lat' dir='ltr'>a</span> <span class='ocrx_word' id='word_1_373' title='bbox 1368 1258 1468 1290; x_wconf 83' lang='lat' dir='ltr'>felicis</span> <span class='ocrx_word' id='word_1_374' title='bbox 1493 1256 1728 1289; x_wconf 85' lang='lat' dir='ltr'>recordationis</span> <span class='ocrx_word' id='word_1_375' title='bbox 1762 1256 1818 1288; x_wconf 89' lang='lat' dir='ltr'>Be-</span> 
     </span>
     <span class='ocr_line' id='line_1_76' title="bbox 1074 1310 1816 1355; baseline -0.008 -9"><span class='ocrx_word' id='word_1_376' title='bbox 1074 1314 1203 1346; x_wconf 89' lang='lat' dir='ltr'>nedicto</span> <span class='ocrx_word' id='word_1_377' title='bbox 1230 1313 1315 1355; x_wconf 82' lang='lat' dir='ltr'>Papa</span> <span class='ocrx_word' id='word_1_378' title='bbox 1340 1311 1404 1343; x_wconf 87' lang='lat' dir='ltr'>Xlll</span> <span class='ocrx_word' id='word_1_379' title='bbox 1427 1310 1678 1353; x_wconf 83' lang='lat' dir='ltr'>praedecessore</span> <span class='ocrx_word' id='word_1_380' title='bbox 1705 1313 1816 1341; x_wconf 85' lang='lat' dir='ltr'>nostro</span> 
     </span>
     <span class='ocr_line' id='line_1_77' title="bbox 1074 1361 1817 1406; baseline -0.009 -7"><span class='ocrx_word' id='word_1_381' title='bbox 1074 1366 1182 1400; x_wconf 89' lang='lat' dir='ltr'>omnia</span> <span class='ocrx_word' id='word_1_382' title='bbox 1201 1371 1231 1398; x_wconf 91' lang='lat' dir='ltr'>et</span> <span class='ocrx_word' id='word_1_383' title='bbox 1249 1365 1376 1406; x_wconf 76' lang='lat' dir='ltr'>singula</span> <span class='ocrx_word' id='word_1_384' title='bbox 1402 1363 1581 1406; x_wconf 83' lang='lat' dir='ltr'>praemissa</span> <span class='ocrx_word' id='word_1_385' title='bbox 1599 1373 1634 1394; x_wconf 91' lang='lat' dir='ltr'>ac</span> <span class='ocrx_word' id='word_1_386' title='bbox 1652 1361 1817 1394; x_wconf 81' lang='lat' dir='ltr'>infrascri-</span> 
     </span>
     <span class='ocr_line' id='line_1_78' title="bbox 1073 1414 1817 1462; baseline -0.005 -12"><span class='ocrx_word' id='word_1_387' title='bbox 1073 1424 1129 1462; x_wconf 84' lang='lat' dir='ltr'>pta</span> <span class='ocrx_word' id='word_1_388' title='bbox 1155 1420 1194 1452; x_wconf 88' lang='lat' dir='ltr'>ab</span> <span class='ocrx_word' id='word_1_389' title='bbox 1221 1419 1267 1451; x_wconf 89' lang='lat' dir='ltr'>eis</span> <span class='ocrx_word' id='word_1_390' title='bbox 1294 1416 1509 1450; x_wconf 76' lang='lat' dir='ltr'>examinanda</span> <span class='ocrx_word' id='word_1_391' title='bbox 1541 1414 1715 1448; x_wconf 87' lang='lat' dir='ltr'>commissa</span> <span class='ocrx_word' id='word_1_392' title='bbox 1749 1415 1817 1447; x_wconf 88' lang='lat' dir='ltr'>fue-</span> 
     </span>
     <span class='ocr_line' id='line_1_79' title="bbox 1075 1470 1816 1516; baseline -0.008 -10"><span class='ocrx_word' id='word_1_393' title='bbox 1075 1479 1158 1511; x_wconf 85' lang='lat' dir='ltr'>runt,</span> <span class='ocrx_word' id='word_1_394' title='bbox 1185 1482 1333 1516; x_wconf 86' lang='lat' dir='ltr'>quaeque</span> <span class='ocrx_word' id='word_1_395' title='bbox 1353 1471 1397 1503; x_wconf 88' lang='lat' dir='ltr'>sic</span> <span class='ocrx_word' id='word_1_396' title='bbox 1418 1470 1598 1509; x_wconf 87' lang='lat' dir='ltr'>commissa,</span> <span class='ocrx_word' id='word_1_397' title='bbox 1622 1474 1654 1501; x_wconf 90' lang='lat' dir='ltr'>ct</span> <span class='ocrx_word' id='word_1_398' title='bbox 1679 1478 1736 1511; x_wconf 90' lang='lat' dir='ltr'>per</span> <span class='ocrx_word' id='word_1_399' title='bbox 1761 1478 1816 1500; x_wconf 87' lang='lat' dir='ltr'>eos</span> 
     </span>
     <span class='ocr_line' id='line_1_80' title="bbox 1074 1520 1815 1563; baseline -0.009 -4"><span class='ocrx_word' id='word_1_400' title='bbox 1074 1526 1279 1563; x_wconf 80' lang='lat' dir='ltr'>examinata,</span> <span class='ocrx_word' id='word_1_401' title='bbox 1310 1524 1520 1556; x_wconf 85' lang='lat' dir='ltr'>concedenda</span> <span class='ocrx_word' id='word_1_402' title='bbox 1546 1521 1706 1554; x_wconf 81' lang='lat' dir='ltr'>sancitum</span> <span class='ocrx_word' id='word_1_403' title='bbox 1732 1520 1815 1559; x_wconf 84' lang='lat' dir='ltr'>fuit,</span> 
     </span>
     <span class='ocr_line' id='line_1_81' title="bbox 1075 1575 1818 1622; baseline -0.009 -10"><span class='ocrx_word' id='word_1_404' title='bbox 1075 1586 1162 1612; x_wconf 89' lang='lat' dir='ltr'>motu</span> <span class='ocrx_word' id='word_1_405' title='bbox 1181 1578 1316 1622; x_wconf 87' lang='lat' dir='ltr'>proprio</span> <span class='ocrx_word' id='word_1_406' title='bbox 1335 1583 1366 1610; x_wconf 86' lang='lat' dir='ltr'>et</span> <span class='ocrx_word' id='word_1_407' title='bbox 1383 1588 1419 1609; x_wconf 79' lang='lat' dir='ltr'>ex</span> <span class='ocrx_word' id='word_1_408' title='bbox 1437 1579 1525 1609; x_wconf 74' lang='lat' dir='ltr'>certa</span> <span class='ocrx_word' id='word_1_409' title='bbox 1542 1575 1676 1607; x_wconf 73' lang='lat' dir='ltr'>scientia</span> <span class='ocrx_word' id='word_1_410' title='bbox 1694 1579 1726 1607; x_wconf 88' lang='lat' dir='ltr'>et</span> <span class='ocrx_word' id='word_1_411' title='bbox 1743 1584 1818 1617; x_wconf 91' lang='lat' dir='ltr'>apo-</span> 
     </span>
     <span class='ocr_line' id='line_1_82' title="bbox 1074 1629 1817 1675; baseline -0.008 -9"><span class='ocrx_word' id='word_1_412' title='bbox 1074 1633 1204 1666; x_wconf 81' lang='lat' dir='ltr'>stolicae</span> <span class='ocrx_word' id='word_1_413' title='bbox 1231 1631 1398 1675; x_wconf 82' lang='lat' dir='ltr'>potestatis</span> <span class='ocrx_word' id='word_1_414' title='bbox 1423 1629 1628 1673; x_wconf 87' lang='lat' dir='ltr'>plenitudine</span> <span class='ocrx_word' id='word_1_415' title='bbox 1660 1629 1817 1670; x_wconf 76' lang='lat' dir='ltr'>meraque</span> 
     </span>
     <span class='ocr_line' id='line_1_83' title="bbox 1074 1682 1817 1723; baseline -0.009 -4"><span class='ocrx_word' id='word_1_416' title='bbox 1074 1686 1270 1720; x_wconf 86' lang='lat' dir='ltr'>liberalitate</span> <span class='ocrx_word' id='word_1_417' title='bbox 1296 1684 1433 1723; x_wconf 86' lang='lat' dir='ltr'>nostris,</span> <span class='ocrx_word' id='word_1_418' title='bbox 1462 1683 1662 1716; x_wconf 86' lang='lat' dir='ltr'>erectionem</span> <span class='ocrx_word' id='word_1_419' title='bbox 1689 1686 1719 1714; x_wconf 90' lang='lat' dir='ltr'>et</span> <span class='ocrx_word' id='word_1_420' title='bbox 1750 1682 1817 1712; x_wconf 91' lang='lat' dir='ltr'>fun-</span> 
     </span>
     <span class='ocr_line' id='line_1_84' title="bbox 1075 1734 1820 1776; baseline -0.009 -3"><span class='ocrx_word' id='word_1_421' title='bbox 1075 1740 1239 1773; x_wconf 85' lang='lat' dir='ltr'>dationem</span> <span class='ocrx_word' id='word_1_422' title='bbox 1270 1737 1488 1771; x_wconf 82' lang='lat' dir='ltr'>universitatis</span> <span class='ocrx_word' id='word_1_423' title='bbox 1524 1735 1620 1769; x_wconf 89' lang='lat' dir='ltr'>studii</span> <span class='ocrx_word' id='word_1_424' title='bbox 1657 1734 1820 1776; x_wconf 75' lang='lat' dir='ltr'>generalis</span> 
     </span>
     <span class='ocr_line' id='line_1_85' title="bbox 1074 1787 1818 1835; baseline -0.008 -10"><span class='ocrx_word' id='word_1_425' title='bbox 1074 1793 1106 1825; x_wconf 89' lang='lat' dir='ltr'>in</span> <span class='ocrx_word' id='word_1_426' title='bbox 1133 1793 1278 1835; x_wconf 85' lang='lat' dir='ltr'>praefato</span> <span class='ocrx_word' id='word_1_427' title='bbox 1307 1791 1429 1834; x_wconf 84' lang='lat' dir='ltr'>oppido</span> <span class='ocrx_word' id='word_1_428' title='bbox 1450 1801 1466 1822; x_wconf 88' lang='lat' dir='ltr'>a</span> <span class='ocrx_word' id='word_1_429' title='bbox 1493 1790 1636 1832; x_wconf 83' lang='lat' dir='ltr'>praefato</span> <span class='ocrx_word' id='word_1_430' title='bbox 1666 1787 1818 1829; x_wconf 81' lang='lat' dir='ltr'>Philippo</span> 
     </span>
     <span class='ocr_line' id='line_1_86' title="bbox 1074 1841 1818 1888; baseline -0.009 -10"><span class='ocrx_word' id='word_1_431' title='bbox 1074 1857 1150 1887; x_wconf 79' lang='lat' dir='ltr'>rege</span> <span class='ocrx_word' id='word_1_432' title='bbox 1176 1852 1209 1878; x_wconf 90' lang='lat' dir='ltr'>ut</span> <span class='ocrx_word' id='word_1_433' title='bbox 1235 1845 1417 1888; x_wconf 88' lang='lat' dir='ltr'>praefertur</span> <span class='ocrx_word' id='word_1_434' title='bbox 1453 1848 1581 1875; x_wconf 83' lang='lat' dir='ltr'>erectae</span> <span class='ocrx_word' id='word_1_435' title='bbox 1608 1848 1639 1873; x_wconf 89' lang='lat' dir='ltr'>ct</span> <span class='ocrx_word' id='word_1_436' title='bbox 1666 1841 1818 1873; x_wconf 88' lang='lat' dir='ltr'>fundatae</span> 
     </span>
     <span class='ocr_line' id='line_1_87' title="bbox 1075 1894 1817 1938; baseline -0.009 -6"><span class='ocrx_word' id='word_1_437' title='bbox 1075 1898 1273 1938; x_wconf 83' lang='lat' dir='ltr'>huiusmodi,</span> <span class='ocrx_word' id='word_1_438' title='bbox 1286 1909 1356 1931; x_wconf 91' lang='lat' dir='ltr'>cum</span> <span class='ocrx_word' id='word_1_439' title='bbox 1372 1896 1524 1929; x_wconf 87' lang='lat' dir='ltr'>omnibus</span> <span class='ocrx_word' id='word_1_440' title='bbox 1540 1901 1572 1927; x_wconf 89' lang='lat' dir='ltr'>ct</span> <span class='ocrx_word' id='word_1_441' title='bbox 1585 1894 1725 1936; x_wconf 81' lang='lat' dir='ltr'>singulis</span> <span class='ocrx_word' id='word_1_442' title='bbox 1741 1894 1817 1926; x_wconf 89' lang='lat' dir='ltr'>inde</span> 
     </span>
     <span class='ocr_line' id='line_1_88' title="bbox 1075 1949 1817 1991; baseline -0.009 -6"><span class='ocrx_word' id='word_1_443' title='bbox 1075 1953 1203 1990; x_wconf 79' lang='lat' dir='ltr'>secutis,</span> <span class='ocrx_word' id='word_1_444' title='bbox 1221 1957 1253 1984; x_wconf 87' lang='lat' dir='ltr'>et</span> <span class='ocrx_word' id='word_1_445' title='bbox 1278 1952 1317 1983; x_wconf 86' lang='lat' dir='ltr'>ab</span> <span class='ocrx_word' id='word_1_446' title='bbox 1344 1950 1461 1983; x_wconf 89' lang='lat' dir='ltr'>eodem</span> <span class='ocrx_word' id='word_1_447' title='bbox 1488 1949 1640 1991; x_wconf 85' lang='lat' dir='ltr'>Philippo</span> <span class='ocrx_word' id='word_1_448' title='bbox 1662 1957 1738 1989; x_wconf 77' lang='lat' dir='ltr'>rege</span> <span class='ocrx_word' id='word_1_449' title='bbox 1757 1957 1817 1989; x_wconf 92' lang='lat' dir='ltr'>pro</span> 
     </span>
     <span class='ocr_line' id='line_1_89' title="bbox 1075 2001 1819 2042; baseline -0.009 -4"><span class='ocrx_word' id='word_1_450' title='bbox 1075 2006 1161 2038; x_wconf 87' lang='lat' dir='ltr'>bono</span> <span class='ocrx_word' id='word_1_451' title='bbox 1176 2005 1319 2038; x_wconf 88' lang='lat' dir='ltr'>eiusdem</span> <span class='ocrx_word' id='word_1_452' title='bbox 1335 2001 1554 2035; x_wconf 84' lang='lat' dir='ltr'>universitatis</span> <span class='ocrx_word' id='word_1_453' title='bbox 1572 2002 1612 2033; x_wconf 88' lang='lat' dir='ltr'>ab</span> <span class='ocrx_word' id='word_1_454' title='bbox 1627 2011 1665 2033; x_wconf 85' lang='lat' dir='ltr'>eo</span> <span class='ocrx_word' id='word_1_455' title='bbox 1682 2006 1715 2032; x_wconf 90' lang='lat' dir='ltr'>nt</span> <span class='ocrx_word' id='word_1_456' title='bbox 1730 2009 1819 2042; x_wconf 87' lang='lat' dir='ltr'>prae-</span> 
     </span>
     <span class='ocr_line' id='line_1_90' title="bbox 1076 2052 1816 2091; baseline -0.009 0"><span class='ocrx_word' id='word_1_457' title='bbox 1076 2059 1177 2091; x_wconf 84' lang='lat' dir='ltr'>fertur</span> <span class='ocrx_word' id='word_1_458' title='bbox 1210 2062 1340 2091; x_wconf 85' lang='lat' dir='ltr'>erectae</span> <span class='ocrx_word' id='word_1_459' title='bbox 1366 2062 1398 2089; x_wconf 91' lang='lat' dir='ltr'>et</span> <span class='ocrx_word' id='word_1_460' title='bbox 1424 2056 1575 2088; x_wconf 79' lang='lat' dir='ltr'>fundatae</span> <span class='ocrx_word' id='word_1_461' title='bbox 1608 2052 1816 2091; x_wconf 87' lang='lat' dir='ltr'>huiusmodi,</span> 
     </span>
     <span class='ocr_line' id='line_1_91' title="bbox 1074 2105 1819 2152; baseline -0.009 -8"><span class='ocrx_word' id='word_1_462' title='bbox 1074 2122 1110 2144; x_wconf 87' lang='lat' dir='ltr'>ac</span> <span class='ocrx_word' id='word_1_463' title='bbox 1134 2112 1334 2144; x_wconf 81' lang='lat' dir='ltr'>scholarium</span> <span class='ocrx_word' id='word_1_464' title='bbox 1360 2115 1391 2142; x_wconf 88' lang='lat' dir='ltr'>ct</span> <span class='ocrx_word' id='word_1_465' title='bbox 1417 2113 1692 2152; x_wconf 69' lang='lat' dir='ltr'>praeceptorum,</span> <span class='ocrx_word' id='word_1_466' title='bbox 1718 2105 1819 2147; x_wconf 81' lang='lat' dir='ltr'>magi-</span> 
     </span>
     <span class='ocr_line' id='line_1_92' title="bbox 1075 2159 1818 2203; baseline -0.008 -6"><span class='ocrx_word' id='word_1_467' title='bbox 1075 2170 1227 2203; x_wconf 88' lang='lat' dir='ltr'>strorum,</span> <span class='ocrx_word' id='word_1_468' title='bbox 1245 2164 1425 2200; x_wconf 81' lang='lat' dir='ltr'>doctorum,</span> <span class='ocrx_word' id='word_1_469' title='bbox 1444 2162 1651 2199; x_wconf 87' lang='lat' dir='ltr'>bidellorum,</span> <span class='ocrx_word' id='word_1_470' title='bbox 1669 2159 1818 2191; x_wconf 84' lang='lat' dir='ltr'>aliorum-</span> 
     </span>
     <span class='ocr_line' id='line_1_93' title="bbox 1075 2215 1819 2261; baseline -0.011 -11"><span class='ocrx_word' id='word_1_471' title='bbox 1075 2228 1136 2261; x_wconf 87' lang='lat' dir='ltr'>que</span> <span class='ocrx_word' id='word_1_472' title='bbox 1155 2218 1378 2250; x_wconf 87' lang='lat' dir='ltr'>ministrorum</span> <span class='ocrx_word' id='word_1_473' title='bbox 1397 2215 1429 2247; x_wconf 92' lang='lat' dir='ltr'>in</span> <span class='ocrx_word' id='word_1_474' title='bbox 1447 2218 1485 2247; x_wconf 75' lang='lat' dir='ltr'>ea</span> <span class='ocrx_word' id='word_1_475' title='bbox 1503 2224 1588 2246; x_wconf 90' lang='lat' dir='ltr'>nunc</span> <span class='ocrx_word' id='word_1_476' title='bbox 1606 2218 1637 2245; x_wconf 88' lang='lat' dir='ltr'>et</span> <span class='ocrx_word' id='word_1_477' title='bbox 1663 2223 1721 2254; x_wconf 86' lang='lat' dir='ltr'>pro</span> <span class='ocrx_word' id='word_1_478' title='bbox 1741 2218 1819 2243; x_wconf 89' lang='lat' dir='ltr'>tem-</span> 
     </span>
     <span class='ocr_line' id='line_1_94' title="bbox 1075 2264 1816 2313; baseline -0.011 -10"><span class='ocrx_word' id='word_1_479' title='bbox 1075 2281 1155 2313; x_wconf 87' lang='lat' dir='ltr'>pore</span> <span class='ocrx_word' id='word_1_480' title='bbox 1173 2269 1381 2303; x_wconf 74' lang='lat' dir='ltr'>existentium</span> <span class='ocrx_word' id='word_1_481' title='bbox 1403 2268 1622 2311; x_wconf 85' lang='lat' dir='ltr'>praefatorum</span> <span class='ocrx_word' id='word_1_482' title='bbox 1644 2264 1816 2306; x_wconf 80' lang='lat' dir='ltr'>regimine,</span> 
     </span>
     <span class='ocr_line' id='line_1_95' title="bbox 1074 2316 1817 2366; baseline -0.012 -10"><span class='ocrx_word' id='word_1_483' title='bbox 1074 2323 1248 2366; x_wconf 82' lang='lat' dir='ltr'>gubernio,</span> <span class='ocrx_word' id='word_1_484' title='bbox 1274 2321 1475 2359; x_wconf 88' lang='lat' dir='ltr'>directione,</span> <span class='ocrx_word' id='word_1_485' title='bbox 1503 2330 1539 2351; x_wconf 87' lang='lat' dir='ltr'>ac</span> <span class='ocrx_word' id='word_1_486' title='bbox 1564 2328 1689 2351; x_wconf 89' lang='lat' dir='ltr'>morum</span> <span class='ocrx_word' id='word_1_487' title='bbox 1716 2322 1747 2349; x_wconf 93' lang='lat' dir='ltr'>ct</span> <span class='ocrx_word' id='word_1_488' title='bbox 1772 2316 1817 2348; x_wconf 90' lang='lat' dir='ltr'>di-</span> 
     </span>
     <span class='ocr_line' id='line_1_96' title="bbox 1075 2372 1820 2420; baseline -0.013 -10"><span class='ocrx_word' id='word_1_489' title='bbox 1075 2376 1232 2420; x_wconf 84' lang='lat' dir='ltr'>sciplinae</span> <span class='ocrx_word' id='word_1_490' title='bbox 1268 2374 1423 2408; x_wconf 86' lang='lat' dir='ltr'>laudabili</span> <span class='ocrx_word' id='word_1_491' title='bbox 1458 2373 1543 2405; x_wconf 88' lang='lat' dir='ltr'>cultu</span> <span class='ocrx_word' id='word_1_492' title='bbox 1571 2372 1715 2413; x_wconf 84' lang='lat' dir='ltr'>desuper</span> <span class='ocrx_word' id='word_1_493' title='bbox 1740 2379 1820 2412; x_wconf 88' lang='lat' dir='ltr'>qno-</span> 
     </span>
     <span class='ocr_line' id='line_1_97' title="bbox 1076 2423 1820 2470; baseline -0.011 -8"><span class='ocrx_word' id='word_1_494' title='bbox 1076 2429 1256 2462; x_wconf 86' lang='lat' dir='ltr'>modolibet</span> <span class='ocrx_word' id='word_1_495' title='bbox 1281 2427 1414 2470; x_wconf 86' lang='lat' dir='ltr'>provide</span> <span class='ocrx_word' id='word_1_496' title='bbox 1439 2425 1613 2468; x_wconf 85' lang='lat' dir='ltr'>dispositis,</span> <span class='ocrx_word' id='word_1_497' title='bbox 1636 2423 1762 2455; x_wconf 79' lang='lat' dir='ltr'>statutis</span> <span class='ocrx_word' id='word_1_498' title='bbox 1788 2428 1820 2455; x_wconf 92' lang='lat' dir='ltr'>et</span> 
     </span>
     <span class='ocr_line' id='line_1_98' title="bbox 1077 2477 1821 2521; baseline -0.011 -6"><span class='ocrx_word' id='word_1_499' title='bbox 1077 2483 1238 2521; x_wconf 88' lang='lat' dir='ltr'>decretis,</span> <span class='ocrx_word' id='word_1_500' title='bbox 1268 2490 1396 2513; x_wconf 86' lang='lat' dir='ltr'>necnon</span> <span class='ocrx_word' id='word_1_501' title='bbox 1432 2480 1590 2511; x_wconf 88' lang='lat' dir='ltr'>bonorum</span> <span class='ocrx_word' id='word_1_502' title='bbox 1616 2477 1760 2509; x_wconf 86' lang='lat' dir='ltr'>oumium</span> <span class='ocrx_word' id='word_1_503' title='bbox 1790 2482 1821 2508; x_wconf 87' lang='lat' dir='ltr'>et</span> 
     </span>
     <span class='ocr_line' id='line_1_99' title="bbox 1077 2531 1820 2578; baseline -0.008 -11"><span class='ocrx_word' id='word_1_504' title='bbox 1077 2536 1303 2578; x_wconf 82' lang='lat' dir='ltr'>singulorum,</span> <span class='ocrx_word' id='word_1_505' title='bbox 1339 2544 1355 2566; x_wconf 88' lang='lat' dir='ltr'>a</span> <span class='ocrx_word' id='word_1_506' title='bbox 1384 2532 1531 2575; x_wconf 84' lang='lat' dir='ltr'>praefato</span> <span class='ocrx_word' id='word_1_507' title='bbox 1567 2531 1719 2573; x_wconf 83' lang='lat' dir='ltr'>Philippo</span> <span class='ocrx_word' id='word_1_508' title='bbox 1745 2539 1820 2571; x_wconf 81' lang='lat' dir='ltr'>rege</span> 
     </span>
     <span class='ocr_line' id='line_1_100' title="bbox 1078 2582 1822 2626; baseline -0.011 -5"><span class='ocrx_word' id='word_1_509' title='bbox 1078 2588 1184 2622; x_wconf 83' lang='lat' dir='ltr'>cidem</span> <span class='ocrx_word' id='word_1_510' title='bbox 1217 2586 1417 2619; x_wconf 86' lang='lat' dir='ltr'>universitati</span> <span class='ocrx_word' id='word_1_511' title='bbox 1444 2585 1483 2617; x_wconf 85' lang='lat' dir='ltr'>ab</span> <span class='ocrx_word' id='word_1_512' title='bbox 1509 2595 1546 2617; x_wconf 85' lang='lat' dir='ltr'>eo</span> <span class='ocrx_word' id='word_1_513' title='bbox 1573 2589 1606 2617; x_wconf 92' lang='lat' dir='ltr'>ut</span> <span class='ocrx_word' id='word_1_514' title='bbox 1637 2582 1822 2626; x_wconf 85' lang='lat' dir='ltr'>praefertur</span> 
     </span>
    </p>
   </div>
   <div class='ocr_carea' id='block_1_10' title="bbox 1820 202 2013 230">
    <p class='ocr_par' dir='ltr' id='par_1_11' title="bbox 1820 202 2013 230">
     <span class='ocr_line' id='line_1_101' title="bbox 1820 202 2013 230; baseline 0.005 -2"><span class='ocrx_word' id='word_1_515' title='bbox 1820 203 1872 229; x_wconf 82' lang='lat' dir='ltr'>An.</span> <span class='ocrx_word' id='word_1_516' title='bbox 1889 202 1918 229; x_wconf 90' lang='lat' dir='ltr'>C.</span> <span class='ocrx_word' id='word_1_517' title='bbox 1942 203 2013 230; x_wconf 73' lang='lat'>¹730</span> 
     </span>
    </p>
   </div>
  </div>
 </body>
</html>
