2182 3137
250 214 297 239 An.
314 212 342 239 C.
367 212 433 239 ¹733

275 1606 395 1627 Clausulas.

275 2406 430 2428 Contrariorum

249 2432 365 2459 derogatio.

478 202 542 237 502

442 261 502 293 niri
521 271 725 305 summopere
744 262 924 296 desideret:
945 273 1014 302 nos,
1030 264 1178 296 eumdem

442 313 614 357 Ioseplium
639 314 769 348 Mariam
795 316 991 360 specialibus
1017 315 1179 349 favoribus

442 372 474 399 et
498 367 608 410 gratiis
633 369 786 412 prosequi
813 370 982 409 volentes,
1011 375 1043 402 et
1067 380 1085 402 a
1110 370 1179 413 qui-

442 420 550 453 busvis
576 421 930 462 excommunicationis,
955 422 1180 465 suspensionis

443 479 473 506 et
497 473 669 514 interdicti,
698 475 834 518 aliisque
861 475 1086 508 ecclesiasticis
1111 486 1178 508 scn-

444 526 574 566 tentiis,
602 528 747 560 censuris
773 533 804 561 et
828 528 963 571 poenis,
995 540 1012 562 a
1038 529 1105 562 iure
1131 531 1178 562 vel

442 581 481 612 ab
507 580 649 621 bomine,
676 582 789 624 quavis
815 582 986 616 occasione
1010 583 1059 615 vel
1086 585 1180 616 causa

442 634 527 671 latis,
554 634 578 667 si
601 635 718 678 quibus
739 636 988 679 quomodolibet
1006 636 1179 670 innodatus

443 689 568 729 existit,
594 689 633 721 ad
660 689 811 723 effectum
837 691 1061 734 praesentium
1089 692 1177 724 dum-

443 746 526 774 taxat
551 743 814 786 consequendum
831 770 839 784 ‚
867 743 982 776 harum
1016 744 1099 777 serie
1125 744 1179 777 ab·

441 795 604 828 solventes
629 801 660 828 et
684 796 865 829 absolutum
892 797 960 830 sore
986 802 1177 836 censentes,

442 848 734 892 supplicationibus
759 849 827 882 eius
853 849 982 883 nomine
1008 850 1102 882 nobis
1128 861 1179 882 sn-

442 911 501 944 per
535 901 596 935 hoc
631 902 798 935 humiliter
823 903 982 945 porrectis
1008 902 1177 941 inclinati,

443 955 632 988 divisionem
656 955 842 999 provinciae
867 956 1016 989 Barensis
1041 956 1073 988 in
1099 956 1177 989 duas

442 1013 536 1052 atquc
561 1009 757 1042 erectionem
783 1019 884 1042 novae
909 1008 1096 1052 provinciae
1134 1009 1179 1041 Li-

442 1062 558 1095 ciensis
585 1062 623 1095 ab
649 1063 765 1096 eodem
790 1063 932 1106 Iosepho
954 1062 1051 1095 Maria
1069 1062 1176 1102 factas,

442 1115 525 1149 sicut
539 1115 769 1159 praemittitur,
787 1116 1021 1160 expeditusque
1039 1116 1179 1160 desuper

441 1173 588 1213 patentes
614 1169 682 1202 eius
709 1169 832 1202 litteras
852 1169 1086 1213 praeinsertas,
1105 1180 1177 1202 cum

441 1222 589 1256 omnibus
604 1222 634 1255 in
650 1222 695 1255 eis
710 1222 880 1263 contentis,
896 1223 1085 1256 auctoritate
1102 1233 1178 1266 apo-

441 1276 562 1316 stolica,
577 1281 691 1309 tenore
706 1277 938 1320 praesentium,
952 1276 1176 1310 confirmamus

442 1335 473 1363 et
499 1330 742 1374 approbamus,
772 1330 901 1374 illisque
933 1336 1110 1374 perpetuae
1143 1341 1179 1364 ac

442 1383 640 1416 inviolabilis
665 1384 864 1427 apostolicae
889 1383 1048 1417 firmitatis
1078 1385 1179 1417 robur

442 1437 625 1477 adficimus,
640 1448 768 1471 necnon
787 1448 900 1471 omnes
919 1443 949 1470 et
967 1437 1112 1481 singulos
1131 1438 1179 1471 iu-

441 1490 485 1523 ris
504 1495 535 1523 et
551 1490 624 1523 sacti
644 1491 806 1532 desectus,
825 1491 849 1524 si
867 1490 921 1535 qui
940 1491 972 1524 in
990 1491 1178 1534 praemissis

442 1545 686 1588 quomodolibet
701 1544 958 1585 intervenerunt,
977 1546 1176 1589 supplemus

486 1598 500 1641 ἓ
524 1597 556 1631 3.
583 1598 814 1638 DecernenteS,
838 1599 966 1631 easdem
988 1604 1177 1642 praesentes

440 1651 566 1685 litteras
601 1661 728 1695 semper
763 1650 873 1684 firmas
897 1651 1019 1685 validas
1057 1657 1088 1685 et
1112 1652 1178 1685 effi·

441 1715 534 1739 caces
560 1705 698 1738 existere
724 1710 754 1738 et
778 1705 867 1745 sore,
894 1715 1038 1748 suosque
1062 1706 1177 1749 plena-

441 1758 504 1792 rios
530 1763 561 1792 et
585 1758 729 1802 integros
753 1757 885 1792 effectus
911 1759 1020 1792 sortiri
1047 1764 1078 1792 et
1095 1759 1178 1792 obti-

440 1822 540 1852 nerc;
566 1822 602 1845 ac
627 1811 703 1852 illis,
728 1812 767 1845 ad
794 1822 875 1855 quos
902 1816 1037 1856 spectat,
1064 1817 1096 1846 et
1120 1823 1177 1856 pro

441 1870 587 1908 tempore
624 1865 900 1909 quandocumque
936 1866 1119 1909 spectabit,
1145 1866 1177 1899 in

440 1918 589 1952 omnibus
615 1923 646 1952 et
670 1928 728 1961 per
753 1918 861 1952 omnia
893 1918 1082 1962 plenissime
1115 1919 1179 1952 sus-

440 1972 577 2015 sragari,
605 1976 637 2005 ct
661 1971 700 2004 ab
726 1971 772 2005 eis
799 1972 977 2015 respective
1010 1972 1179 2006 inviolabi—

439 2025 514 2059 liter
534 2025 716 2067 observari,
735 2025 846 2069 sicque
864 2026 897 2058 in
914 2026 1101 2070 praemissis
1119 2037 1178 2070 per

440 2090 665 2126 quoscumque
690 2079 811 2113 iudices
837 2079 1019 2113 ordinarios
1040 2085 1072 2113 et
1093 2080 1179 2113 dele-

440 2137 540 2176 gatos,
566 2133 662 2166 etiam
686 2143 853 2166 causarum
879 2132 988 2176 palatii
1006 2134 1177 2177 apostolici

440 2187 614 2226 auditores,
640 2186 774 2219 iudicari
793 2191 825 2219 et
842 2186 968 2219 definiri
991 2186 1121 2228 debere,
1141 2198 1178 2221 ac

441 2239 565 2273 irritum
580 2245 612 2273 et
629 2240 724 2273 inane
740 2239 895 2283 quidquid
912 2250 1002 2273 secus
1015 2250 1114 2283 super
1130 2240 1179 2274 his

441 2304 458 2326 a
475 2304 656 2337 quoquam,
681 2293 792 2338 quavis
817 2294 1021 2335 auctoritate,
1038 2294 1179 2332 scienter

440 2348 491 2381 vel
515 2347 720 2391 ignoranter,
747 2347 921 2390 contigerit
944 2348 1109 2381 attentari.

485 2401 499 2445 ἓ
523 2401 556 2434 4.
579 2400 648 2434 Non
667 2401 872 2434 obstantibus
891 2401 1176 2435 constitutionibus

442 2460 474 2487 et
508 2454 768 2488 ordinationibus
801 2454 1016 2497 apostolicis,
1049 2465 1178 2489 necnon

442 2507 581 2549 Ordinis,
606 2508 793 2552 provinciae
811 2513 843 2548 et
859 2513 1075 2542 conventuum
1088 2519 1178 2553 prae-

442 2560 599 2594 dictorum
617 2587 625 2602 ,
649 2561 761 2595 aliisve
787 2561 954 2605 quibusvis
969 2588 977 2603 ,
1003 2562 1100 2596 etiam
1132 2562 1178 2596 iu-

443 2619 609 2657 ramento,
635 2613 878 2649 confirmatione
902 2615 1101 2659 apostolica,
1127 2617 1176 2650 vel

1023 213 1203 238 BULLARIUM
1227 214 1382 239 ROMANUM

1225 264 1335 308 quavis
1360 263 1509 296 firmitate
1535 263 1596 296 alia
1622 262 1804 304 roboratis,
1831 263 1957 296 statutis

1225 323 1256 350 et
1280 316 1590 356 consuetudinitms,
1617 316 1794 360 privilegiis
1819 326 1958 360 quoque,

1225 370 1359 404 indultis
1385 376 1416 403 ct
1440 370 1556 403 litteris
1573 369 1759 413 apostolicis
1780 369 1811 402 in
1832 374 1959 403 contra·

1225 424 1305 456 rium
1332 423 1583 467 praemissorum
1612 422 1857 467 quomodolibet
1882 432 1959 455 con-

1224 477 1331 516 cessis,
1359 476 1555 510 confirmatis
1582 482 1611 509 et
1639 476 1814 516 innovatis,
1840 475 1958 519 quibus

1223 530 1375 563 omnibus
1413 535 1444 562 et
1481 529 1632 572 singulis,
1665 529 1794 562 illorum
1832 535 1959 562 tenores

1224 583 1451 627 praesentibus
1476 576 1541 626 *pro
1573 583 1670 626 plene
1701 588 1732 615 et
1762 582 1960 615 sufficienter

1224 636 1384 679 expressis
1416 646 1451 669 ac
1482 636 1520 669 de
1551 637 1651 669 verbo
1685 636 1724 669 ad
1753 636 1887 669 verbum
1912 635 1960 668 in-

1223 689 1317 723 sertis
1343 690 1510 729 habentos,
1529 689 1593 722 illis
1619 688 1698 722 alias
1724 689 1757 721 in
1782 699 1840 722 suo
1866 689 1960 722 robo-

1224 754 1257 777 re
1283 743 1515 787 permansuris,
1540 743 1578 776 ad
1604 742 1858 786 praemissorum
1884 741 1961 776 effe-

1223 802 1319 836 ctum,
1343 796 1403 830 hac
1427 796 1494 829 vice
1519 796 1697 837 dumtaxat,
1723 796 1909 840 specialiter
1928 801 1960 830 et

1224 861 1377 894 expresse
1398 850 1607 892 derogamus;
1628 850 1811 894 ceterisque
1833 854 1960 883 eontra-

1223 904 1279 935 riis
1305 904 1577 947 quibuscumque.

1266 956 1378 989 Datum
1403 957 1534 997 Romae,
1556 957 1641 1000 apud
1662 957 1693 991 S.
1717 957 1848 991 Mariam
1869 957 1961 990 Maio-

1222 1019 1302 1049 rem,
1316 1009 1374 1043 sub
1389 1010 1509 1042 annulo
1522 1009 1704 1051 Piscatoris,
1717 1010 1768 1044 die
1781 1020 1876 1044 xxvul
1886 1010 1960 1043 maii

1222 1072 1419 1104 tinccxxxiu,
1436 1062 1645 1106 pontificatus
1670 1063 1772 1097 nostri
1798 1074 1883 1098 anno
1909 1073 1958 1098 111.

1258 1125 1314 1152 Dat.
1337 1125 1380 1153 die
1399 1125 1433 1152 28
1454 1124 1516 1152 maii
1539 1125 1617 1159 1733,
1637 1126 1732 1161 pontif.
1753 1134 1824 1154 anno
1844 1133 1883 1154 111.

1547 1179 1580 1212 F.
1606 1179 1693 1214 card.
1719 1179 1903 1214 Omvssmus.

1548 1332 1636 1366 XCV.

1221 1401 1388 1435 Slalutum
1413 1402 1497 1435 circa
1518 1403 1626 1446 officia
1644 1403 1810 1447 qeneralia
1827 1402 1961 1437 Ordinis

1264 1456 1409 1499 fratrum
1433 1456 1597 1489 Minorum
1623 1457 1728 1490 sancti
1740 1456 1910 1490 Francisci
1925 1456 1962 1490 de

1267 1509 1488 1550 observantia,
1515 1513 1548 1543 ut
1572 1510 1669 1543 nulla
1684 1512 1894 1554 imposterum
1911 1520 1962 1544 ne-

1265 1565 1403 1596 cessaria
1417 1563 1446 1596 si
1450 1567 1460 1596 ι
1475 1564 1626 1607 temporis
1639 1565 1765 1597 vacatio
1781 1564 1814 1597 iu
1828 1573 1962 1597 ascensu

1264 1616 1302 1650 ab
1328 1617 1480 1661 inferiori
1503 1617 1546 1650 ad
1570 1618 1768 1661 superiorem
1793 1617 1934 1661 yraclum
1947 1628 1959 1658 ;

1265 1669 1301 1703 iu
1326 1670 1478 1704 descensu
1501 1681 1574 1704 vero
1599 1681 1618 1704 a
1642 1671 1806 1714 superiori
1823 1669 1866 1704 acl
1882 1670 1961 1713 infe-

1264 1724 1380 1757 riorem
1396 1752 1406 1765 ,
1432 1724 1482 1757 vel
1507 1724 1651 1758 transitu
1686 1724 1729 1757 acl
1765 1723 1959 1768 aequalem,

1265 1778 1391 1811 vacatio
1414 1778 1604 1822 requiratur
1638 1788 1696 1822 per
1721 1784 1845 1822 tempus
1874 1777 1958 1811 duo-

1264 1842 1336 1864 rum
1350 1831 1572 1876 capitulorum
1584 1831 1789 1876 ycueralium
1801 1831 1867 1865 sire
1882 1830 1960 1865 duo-

1264 1885 1366 1919 decim
1386 1895 1560 1919 annorum.

1428 1967 1561 1994 clemens
1582 1966 1665 2001 Papa
1689 1966 1751 1998 ΧΠ,

1363 2011 1400 2038 ad
1420 2011 1559 2039 futuram
1578 2011 1624 2039 rei
1643 2010 1828 2039 memoriam.

1265 2081 1279 2125 ἓ
1305 2081 1335 2115 1.
1363 2081 1486 2126 Exponi
1510 2082 1605 2116 nohis
1631 2093 1738 2127 nuper
1772 2082 1847 2116 fecit
1879 2081 1960 2116 dile-

1220 2140 1289 2168 ctus
1325 2135 1409 2168 iilius
1445 2135 1594 2170 minister
1629 2135 1792 2179 generalis
1828 2135 1957 2169 Ordinis

1221 2188 1354 2222 fratrum
1390 2188 1548 2222 Minornm
1584 2189 1688 2223 sancti
1724 2189 1887 2222 Francisci
1919 2189 1959 2223 de

1221 2241 1430 2275 Observantia
1455 2248 1727 2286 nuncupatorum,
1754 2243 1840 2286 quod
1861 2242 1894 2275 in
1911 2243 1960 2276 ul-

1222 2295 1298 2329 timo
1324 2295 1465 2338 capitulo
1491 2295 1635 2337 generali
1654 2295 1797 2329 eiusdem
1814 2295 1958 2338 Ordinis,

1221 2348 1392 2382 Mediolani
1430 2349 1616 2389 celebrato,
1641 2349 1726 2382 inter
1751 2349 1835 2390 alia,
1861 2349 1958 2384 totius

1220 2401 1348 2434 Ordinis
1369 2401 1505 2445 praefati
1524 2412 1688 2435 consensu
1707 2402 1873 2436 decretum
1891 2402 1958 2443 suit,

1220 2454 1354 2488 Sanctae
1372 2455 1447 2488 Sedi
1464 2455 1713 2499 supplicandum
1731 2456 1800 2489 sore
1817 2466 1877 2500 pro
1895 2466 1960 2489 mo-

1221 2508 1388 2542 deratione
1413 2508 1601 2549 vacationis,
1628 2519 1711 2552 quae
1736 2508 1824 2542 iuxta
1842 2509 1960 2542 consti-

1221 2562 1363 2595 tutiones
1384 2561 1577 2606 apostolicas
1603 2562 1806 2605 intercedere
1825 2562 1960 2596 deberet

1220 2626 1237 2650 a
1261 2615 1440 2650 minoribus
1465 2616 1503 2650 ad
1529 2616 1654 2650 maiora
1670 2616 1775 2651 officia
1793 2616 1959 2660 generalia

1967 214 2016 240 Αη.
2033 214 2060 242 C.
2079 214 2145 245 1733

2175 822 2182 922 nv:
2171 688 2182 808 ——2<.=-.-‹:v
2174 595 2182 673 :2³22
2175 561 2182 577 ἴ
2180 543 2182 547 Δ

2005 2087 2075 2109 Causa
2090 2087 2150 2110 eden·

2152 1004 2173 1200 *nan-1³²&
2158 987 2160 990 ·
2165 971 2167 974 ‡
2150 954 2151 957 ‘

1970 2113 2010 2135 dae
2025 2113 2088 2136 huius
2103 2120 2151 2137 con-
2176 2124 2182 2144 ς,

1969 2142 2093 2163 stitutionis.
