2182 3137
184 170 231 193 An.
256 167 375 194 c.1730
420 159 485 193 196

380 228 412 247 ac
433 219 516 247 etiam
537 227 620 256 snper
643 218 696 255 lais,
720 228 789 257 quae
807 223 869 257 post
891 228 969 248 suam
990 219 1128 248 visitatio⁸

380 277 440 296 nem
462 268 639 305 contigerint,
663 269 813 296 summarie
842 271 891 296 aut
920 277 972 306 per
993 269 1125 306 cognitio-

381 326 439 344 nem
471 315 630 354 plenariam
661 316 834 353 informare,
856 319 936 354 atque
965 320 993 344 ut
1016 316 1124 354 expedit

377 364 534 403 providere.
559 363 675 393 Possunt
696 363 878 394 nihilominus
897 366 939 393 uti
967 364 1124 393 huiusmodi

377 416 520 451 potestate,
544 413 665 441 triennio
693 412 810 441 durante
829 412 980 451 praedicto,
1004 412 1125 451 quando-

377 470 493 499 cumque
508 471 560 500 per
575 461 697 500 priorem
720 465 767 490 aut
789 462 920 490 maiorem
933 465 1041 500 partem
1063 470 1124 490 con-

380 515 474 539 ventus
496 509 616 540 alicuius
637 511 796 540 monasterii
819 520 901 550 snper
922 510 1061 549 aliquibus
1078 520 1124 539 ne-

375 559 478 596 gatils,
502 560 560 588 sive
592 563 655 588 ante
687 560 823 598 inceptam
855 569 933 588 suam
967 559 1122 596 qeneralem

378 608 578 646 visitationem,
602 609 658 638 sive
687 614 746 648 post
777 618 835 638 eam
864 609 993 647 finitam,
1016 609 1122 646 suerint

378 658 482 686 evocati
493 669 504 691 ,·
520 659 643 696 quamvis
666 658 695 687 in
717 659 890 687 monasteriis
912 667 1023 686 suarum
1048 657 1123 686 habi-

381 707 516 735 tatianum
538 707 696 741 resideant:
723 707 789 736 dum
816 711 905 735 tamen
935 705 1123 745 personaliter

377 755 507 784 accedant
528 755 562 784 ad
579 755 698 792 domum,
715 757 752 784 ad
767 765 858 793 quam,
876 759 904 784 ut
918 755 1120 793 praemittitur,

376 808 569 833 convocantur.
593 803 740 842 Alioquin,
761 808 905 843 postquam
927 804 1035 832 domum
1057 814 1073 832 a
1095 813 1121 832 se

378 852 515 881 visitatam
543 853 682 886 exierint,
706 852 738 881 de
759 853 848 891 ipsius
880 853 1052 887 visitatione,
1079 851 1121 881 vel

377 901 451 930 circa
473 900 563 939 illam,
586 911 613 930 sc
635 901 794 930 nullatenus
815 901 1010 930 intromittant.
1044 900 1121 929 l'ote-

376 953 442 978 runt
464 953 567 983 tamen,
592 958 756 988 quamquam
777 949 899 979 absentes
920 959 937 977 a
959 950 1120 977 monasterio

379 998 499 1035 visitato,
524 997 618 1035 dubia,
641 1000 665 1026 si
686 1008 739 1036 qua
760 1008 843 1036 super
858 998 998 1035 dispositis
1011 1007 1061 1035 per
1077 1007 1120 1025 eos

377 1047 405 1075 in
428 1048 478 1075 sua
500 1047 654 1075 visitatione
675 1047 857 1084 occurrerint,
881 1045 1033 1075 declarare.
1065 1046 1119 1074 Ea·-

374 1104 474 1133 pensas
496 1104 566 1127 vero,
585 1104 652 1133 quas
666 1095 821 1123 visitatores
842 1095 961 1133 faciunt,
979 1104 994 1122 a
1012 1103 1120 1122 monas—

377 1143 455 1171 teriis
476 1143 613 1181 recipiant
634 1143 765 1180 visitatis,
783 1152 878 1171 earum
900 1142 1004 1171 scilicet
1027 1143 1118 1171 omnia
1139 1169 1140 1178 ,

378 1191 450 1220 inter
482 1191 553 1219 dicta
586 1191 752 1220 monasteria
780 1191 926 1230 partiendo
939 1202 949 1224 ,·
980 1191 1018 1219 ila
1050 1191 1119 1228 quod

378 1240 587 1278 unumquodque
621 1241 834 1273 monasterium,
864 1240 1013 1268 secundum
1050 1240 1119 1278 quod

376 1289 507 1317 remotius
528 1289 628 1326 suerit,
652 1288 773 1327 amplius
801 1289 832 1317 in
860 1289 967 1318 ratione
995 1290 1119 1327 conferat

373 1345 556 1375 expensarum
572 1348 583 1371 ,·
616 1338 672 1366 nisi
703 1337 861 1376 aliquorum
891 1338 1119 1366 monasteriorum

368 1390 523 1424 paupertas
544 1390 569 1415 et
597 1386 717 1415 aliorum
746 1386 915 1416 abundantia
943 1386 1026 1415 aliter
1054 1396 1118 1415 sua-

374 1435 454 1471 deat,
478 1436 585 1465 servata
618 1439 708 1464 tamen
731 1435 861 1465 modestia
876 1459 884 1473 ,
907 1435 1116 1474 disponendum.

376 1481 452 1517 Quod
484 1484 578 1522 utique
609 1483 789 1521 intelliyimus
820 1484 852 1513 de
883 1483 942 1513 illis
972 1485 1116 1522 expensis,

375 1541 442 1569 quas
468 1541 520 1570 pro
549 1532 712 1562 victualibus
741 1534 810 1570 suis,
834 1537 859 1562 et
887 1533 1064 1562 servientium
1093 1537 1119 1562 et

372 1581 566 1615 iumentorum,
590 1590 622 1609 ac
642 1590 693 1619 pro
713 1581 956 1610 calceamentorum
979 1585 1004 1609 et
1024 1582 1116 1619 ferra-

372 1632 526 1658 mentorum
552 1629 682 1659 similiter
702 1631 877 1668 reparatione
890 1654 896 1664 ,
920 1639 947 1658 se
970 1631 1066 1668 fecisse
1087 1631 1117 1659 in

373 1677 472 1707 itinere
498 1678 632 1714 diccerint,
662 1678 703 1706 vel
733 1688 789 1706 esse
816 1680 940 1716 facturos
952 1691 963 1712 ,·
986 1679 1116 1708 modestia

372 1729 460 1754 tamen
494 1730 520 1755 et
552 1727 690 1756 honestate
722 1726 820 1765 ubique
851 1730 967 1756 servata.
1001 1726 1117 1757 Possunt

372 1783 486 1813 quoque,
503 1775 527 1804 si
541 1774 638 1810 velint,
654 1784 705 1814 pro
721 1784 879 1814 unoquoque
894 1776 1014 1805 iumento
1031 1786 1117 1805 unum

372 1823 508 1860 florenum
530 1824 561 1852 de
576 1824 720 1861 Aragonia
742 1825 770 1853 in
795 1825 912 1863 quolibet
934 1835 1024 1854 mense
1045 1826 1117 1855 reci-

370 1881 447 1910 pere,
466 1873 495 1901 in
517 1873 767 1911 recompensatione
788 1874 892 1909 damni,
910 1874 980 1912 quod
1001 1875 1116 1903 sustinet

372 1921 468 1949 domus
482 1931 532 1950 sua
546 1926 659 1960 propter
675 1922 793 1950 iumenti
807 1924 969 1951 carentiam.
989 1922 1115 1952 Ceterum

371 1970 539 2004 vestimenta,
554 1971 733 2008 equitaturas,
751 1975 830 2009 atque
845 1971 1030 2000 iumentorum
1047 1976 1116 2001 stra-

372 2023 463 2047 menta
478 2028 532 2047 non
546 2018 640 2047 debent
655 2019 686 2047 de
708 2019 861 2057 sumptibus
884 2020 1047 2049 visitationis
1069 2022 1116 2049 ha<

371 2066 445 2104 bere,
462 2067 517 2095 nisi
531 2067 667 2104 continyat
689 2076 753 2095 casu
767 2069 827 2095 sinc
844 2067 927 2106 culpa
941 2069 1116 2098 visitatorum

371 2115 476 2153 aliquid
497 2125 531 2144 ex
552 2115 686 2153 vestibus,
710 2116 852 2154 iumentis,
876 2116 917 2146 vel
938 2117 1018 2146 rebus
1040 2117 1114 2154 aliis,

375 2174 442 2202 quas
464 2173 555 2193 secum
576 2164 608 2192 da
633 2164 755 2194 domibus
781 2166 838 2194 suis
864 2166 1057 2204 adduxerant,
1087 2178 1116 2196 a·

372 2214 485 2242 missum
506 2222 562 2241 esse
583 2212 627 2241 vel
653 2215 758 2251 sactum
790 2214 899 2244 inutile.
936 2215 1011 2244 Tunc
1042 2217 1115 2245 enim

371 2262 483 2291 emendo
505 2270 563 2289 rem
585 2261 670 2290 aliam
692 2263 762 2291 tanti
774 2263 871 2301 pretii,
888 2264 984 2301 quanti
999 2274 1042 2293 res
1057 2269 1115 2294 erat

372 2311 493 2344 amissa,
528 2310 618 2339 eodem
648 2312 740 2348 pretio
762 2321 777 2340 a
804 2311 885 2341 dictis
917 2314 1112 2351 monasteriis,

373 2363 401 2386 ut
413 2360 587 2397 praefertur,
611 2361 714 2395 exacto,
737 2359 868 2388 damnum
886 2369 985 2398 passus
1006 2370 1115 2390 servare

371 2416 399 2435 se
420 2406 520 2436 valebit
541 2407 707 2436 indemnem.
739 2407 859 2437 Caveant
887 2412 978 2438 autem
1006 2418 1039 2437 ne
1061 2410 1115 2447 ipsi

370 2459 419 2484 aut
447 2456 595 2486 servitores
616 2465 709 2485 eorum
730 2466 846 2486 munera
872 2458 930 2486 sive
950 2458 1116 2487 munuscula

959 169 1141 193 BULLARIUM
1168 171 1321 197 ROMANUM

1166 220 1281 250 sitamve
1303 230 1473 260 quacumque
1494 222 1714 252 dissimulatione
1737 233 1908 262 personam,·

1166 268 1326 307 spiritualia
1348 271 1430 299 etiam
1452 270 1580 310 beneficia
1603 272 1714 310 exigere
1744 282 1797 301 non
1828 282 1910 312 prae-

1165 322 1285 347 sumant.
1322 318 1470 348 Attendant
1506 329 1609 359 quoque
1646 321 1807 355 visitatores,
1841 323 1911 361 quod

1166 366 1273 405 qualem
1302 372 1405 397 cartam
1434 372 1557 407 apertam
1580 369 1610 398 in
1637 379 1806 408 quacumque
1834 371 1910 401 domo

1168 417 1277 445 visitata
1299 417 1452 455 dimittunt,
1476 417 1569 453 talem,
1594 428 1676 457 quam
1703 419 1755 448 cito
1776 420 1911 449 commode

1163 468 1302 503 poterunt,
1333 466 1409 503 patri
1438 465 1563 503 generali
1594 468 1722 505 eaepensis
1750 468 1910 498 monasterii

1166 513 1268 542 visitati
1289 514 1487 544 transmittant.
1507 514 1604 545 Cartas
1625 525 1687 544 vero
1708 516 1905 551 visitationum,

1166 571 1232 599 quas
1252 566 1332 601 pater
1352 563 1489 600 generalis
1511 564 1656 602 receperit,
1675 567 1703 592 ut
1730 567 1905 604 praefertur,

1165 609 1312 648 diligenter
1335 615 1484 648 conservet,
1508 615 1537 640 ut
1558 612 1582 640 si
1605 614 1759 650 oportuerit
1785 613 1909 651 definito-

1165 658 1241 687 ribus
1263 658 1381 697 capituli
1411 659 1549 696 generalis
1581 659 1646 689 illas
1678 661 1808 689 ostendat.
1832 660 1909 690 Post-

1165 716 1246 744 quam
1269 717 1332 736 vero
1353 707 1424 736 alias
1447 717 1529 736 novas
1559 712 1649 737 cartas
1677 710 1813 746 sequentis
1840 709 1910 738 visi-

1164 756 1276 784 tationis
1298 757 1444 794 receperit,
1476 756 1584 794 primas
1610 760 1700 785 cartas
1721 756 1909 795 praecedentis

1165 804 1326 832 visitationis
1348 804 1495 842 discerpat,
1520 805 1558 833 ita
1580 804 1648 842 quod
1671 804 1783 833 ultimae
1802 807 1908 834 tantum

1141 847 1143 865 '¹
1163 852 1328 881 visitationis
1349 856 1439 881 cartas
1460 854 1588 881 retineat.
1619 852 1726 881 Rursus
1755 854 1908 883 visitatores

1163 901 1318 939 scripturas
1339 906 1456 930 secretas
1478 902 1666 931 visitationum
1689 911 1803 931 suarum
1832 902 1908 932 clau-

1162 958 1205 977 sas
1227 953 1252 977 et
1273 949 1406 987 sigillatas
1429 950 1458 978 in
1481 949 1546 978 locis
1568 951 1678 979 secretis
1701 954 1781 989 atque
1799 951 1904 980 securis

1139 1008 1141 1031 ς
1162 1001 1240 1026 caute
1260 999 1426 1033 custodiant,
1455 1008 1521 1036 quas
1546 999 1674 1037 deferant
1696 1000 1730 1028 ad
1752 999 1905 1038 capitulum

1159 1046 1309 1083 generale,
1343 1056 1397 1075 non
1430 1048 1523 1085 utique
1555 1051 1583 1076 ut
1616 1048 1804 1086 definitoribus
1832 1049 1907 1087 ipsas

1161 1095 1323 1131 ostendant,
1357 1095 1402 1123 sed
1425 1099 1472 1133 ut,
1496 1100 1628 1133 quantum
1660 1105 1765 1125 necesse
1796 1097 1905 1135 fuerit,

1159 1143 1269 1181 plenam
1301 1144 1340 1172 eis
1371 1143 1475 1181 saciant
1505 1143 1667 1173 relationem
1699 1144 1731 1173 de
1763 1144 1792 1173 lt'
1837 1154 1906 1184 quae

1161 1192 1194 1220 ad
1214 1192 1355 1231 faciendas
1376 1193 1582 1222 misericordias
1603 1202 1664 1222 cum
1684 1193 1776 1232 priori
1830 1217 1836 1228 ,
1859 1198 1906 1223 aut

1161 1242 1195 1269 ud
1224 1241 1410 1280 provisionem
1441 1242 1499 1270 sive
1532 1242 1653 1270 remedia
1684 1242 1825 1271 domorum
1857 1247 1905 1272 aut

1158 1299 1340 1328 personarum
1362 1300 1427 1319 suae
1448 1291 1613 1320 visitationis
1635 1292 1819 1320 tantummodo
1840 1301 1905 1330 per-

1161 1339 1292 1368 tinebunt.
1319 1339 1526 1378 Teneanturque
1549 1339 1729 1369 nibilominus
1751 1344 1807 1369 tam
1826 1342 1906 1379 pater

1159 1387 1297 1425 ‚qeneralis
1319 1398 1400 1427 quam
1421 1389 1578 1427 definitores
1600 1398 1631 1418 ac
1652 1389 1808 1418 visitatores
1821 1398 1903 1427 prae-

1160 1437 1214 1474 fati
1234 1436 1282 1465 sub
1303 1441 1403 1466 secreto
1425 1436 1516 1474 siyillo
1538 1437 1632 1466 clausa
1661 1441 1752 1466 tenere
1768 1440 1910 1476 perpetuo

1160 1489 1258 1514 cuncta
1288 1495 1356 1523 quae
1387 1489 1532 1524 praetextu
1564 1495 1679 1514 suarum
1710 1485 1878 1524 definitionis
1895 1509 1904 1523 ‚

1160 1533 1350 1571 inquisitionis
1371 1538 1419 1563 aut
1439 1534 1604 1563 visitationis
1633 1535 1804 1572 aqnoverint,
1837 1544 1905 1573 quae

1160 1582 1265 1611 utilitas
1287 1583 1382 1620 erigit,
1407 1583 1583 1622 honestasque
1611 1584 1706 1612 suadet
1728 1583 1793 1612 aliis
1821 1583 1905 1612 inini-

1160 1640 1201 1659 me
1223 1630 1358 1660 revelare.

1200 1679 1331 1717 Denique,
1355 1680 1432 1718 sinito
1452 1679 1577 1717 venerati
1597 1679 1730 1718 capitulo,
1759 1683 1904 1709 teneantur

1159 1728 1241 1757 iidem
1278 1729 1431 1758 visitatores
1468 1728 1515 1756 sub
1548 1728 1714 1757 obedientiae
1746 1732 1903 1766 praecepto,

1159 1786 1210 1814 quo
1231 1786 1273 1805 eos
1295 1777 1491 1814 adstrinqz‘nms
1514 1778 1543 1806 in
1566 1777 1613 1806 boe
1641 1786 1715 1810 casu,
1744 1777 1903 1815 praedictas

1158 1826 1311 1864 scripturus
1342 1825 1510 1861 comburere,
1542 1826 1584 1855 vel
1614 1827 1725 1865 penitus
1745 1832 1903 1859 resecare,-

1158 1883 1208 1902 nee
1228 1873 1349 1912 amplius
1370 1883 1453 1912 super
1476 1874 1528 1911 his,
1548 1884 1616 1912 quae
1633 1876 1660 1903 in
1677 1875 1727 1902 sua
1749 1874 1904 1903 visitatione

1157 1923 1293 1959 fecerunt,
1317 1932 1332 1950 a
1356 1931 1490 1960 quoquam
1510 1922 1680 1960 proclamari
1700 1921 1822 1957 valeant,
1854 1926 1900 1950 aut

1158 1970 1353 2009 quomodolibet
1376 1970 1525 2000 molestari.

1406 2055 1667 2076 Ex'rRAVAGANTES.

1199 2125 1217 2147 1.
1249 2117 1399 2146 Monemus
1433 2121 1548 2147 nostros
1580 2116 1747 2146 visitatores
1780 2125 1902 2154 genera-

1158 2165 1201 2195 los
1223 2169 1273 2196 aut
1295 2165 1448 2204 speciales,
1472 2165 1548 2204 quod
1571 2165 1601 2194 in
1624 2165 1720 2195 officio
1742 2174 1812 2195 suae
1834 2165 1901 2195 visi-

1158 2214 1276 2243 tationis
1298 2213 1422 2243 discrete
1444 2223 1475 2243 se
1498 2213 1622 2242 habeant
1644 2213 1698 2242 hac
1721 2213 1830 2252 forma,
1859 2214 1901 2243 vi-

1157 2262 1281 2292 delicet:
1305 2262 1383 2300 quod
1406 2262 1564 2300 diligenter
1587 2261 1845 2300 animadvertant,
1868 2266 1901 2292 ut

1157 2311 1274 2350 quando
1296 2310 1403 2349 aliquis
1420 2311 1578 2340 monachus
1602 2310 1636 2340 de
1659 2320 1711 2341 suo
1733 2311 1830 2350 priore
1852 2316 1901 2341 aut

1156 2359 1193 2388 de
1211 2368 1264 2388 suo
1286 2359 1376 2389 fratre
1398 2358 1509 2398 aliquid
1528 2359 1586 2389 tale
1608 2359 1717 2389 dixerit
1739 2359 1815 2399 quod
1837 2368 1901 2389 cor-

1157 2407 1317 2438 rectionem
1342 2408 1501 2437 fraternam
1532 2408 1705 2438 servandam
1729 2408 1901 2447 praerequi-

1157 2461 1212 2495 rat,
1236 2456 1272 2486 ab
1294 2456 1366 2495 ipsis
1389 2456 1609 2495 interrogetur,
1633 2466 1670 2486 an
1691 2456 1721 2486 id
1744 2457 1826 2496 prius
1846 2466 1900 2487 suo

369 2505 565 2543 cuiuscumque
586 2506 748 2543 quantitatis
762 2510 810 2535 aut
828 2506 915 2545 pretii
936 2506 1024 2536 oblata
1044 2508 1116 2537 reci·
1156 2506 1248 2545 priori
1281 2505 1453 2536 charitative
1486 2505 1739 2543 manifestaverit,
1763 2506 1898 2535 fratrem-

369 2553 460 2591 piant,
486 2552 528 2581 vet
550 2554 661 2591 exigant
684 2564 735 2583 non
758 2554 846 2584 oblata
872 2564 924 2593 per
945 2565 973 2585 se
994 2555 1115 2594 interpo-
1156 2564 1212 2595 que
1234 2564 1318 2585 suum
1340 2555 1472 2585 fraternis
1503 2555 1685 2586 correctione
1708 2554 1897 2585 emendatum

1918 175 1967 201 An.
1984 175 2109 218 0.]730

1926 2133 2003 2153 Forma
2016 2133 2095 2154 sacien-

1911 2159 1952 2180 dae
1962 2159 2099 2181 visitationis.
