2182 3137
43 282 92 311 Αη.
112 281 142 310 C.
160 281 228 310 1734

849 283 991 309 CLEMENS
1017 283 1062 308 XII
1086 285 1136 309 PP.

280 330 441 365 Praedicti
466 341 542 365 vero
568 332 803 375 gubernatores
831 338 863 366 et
887 339 980 376 pote-

237 390 346 426 states,
375 395 553 429 eorumque
578 385 773 425 cancellarii,
800 388 978 428 secretarii,

239 437 445 478 tabelliones,
472 444 526 471 aut
550 438 688 471 ministri
713 440 762 472 vel
788 439 976 480 familiares,

237 491 321 524 nibil
347 492 492 532 omnino,
512 503 551 526 ne
573 492 742 525 minimum
762 493 908 536 quidem,
928 503 979 526 oe-

237 544 368 578 casione
402 545 589 589 syndicatus
623 546 819 587 huiusmodi,
844 547 892 579 vel
917 557 977 590 pro

237 599 398 631 sententia
433 599 567 633 serenda
604 605 658 632 aut
691 610 750 643 pro
778 600 894 632 tabella
921 599 976 633 seu

237 651 349 684 libello
368 652 582 693 conficiendo,
600 653 788 693 revidendo,
809 654 855 685 vel
879 653 978 686 licen-

238 705 291 743 tia,
316 710 350 737 ut
374 706 567 748 praefertur,
593 707 810 746 concedenda,
836 707 979 740 subscri-

235 756 351 798 benda,
387 759 436 791 vel
473 760 544 791 taxa
569 759 741 799 facienda,
769 760 976 792 emolumenti

237 816 293 843 aut
311 811 483 853 regalium,
501 822 608 855 neque
628 812 723 845 etiam
741 822 799 856 pro
824 813 977 845 mercede

236 868 290 895 aut
325 864 460 905 labore,
488 864 553 898 sive
589 865 687 906 alias,
713 871 748 898 ut
784 866 976 909 praefertur,

235 917 421 961 percipiant
449 923 481 951 et
505 919 529 951 si
556 919 633 962 quid
649 919 975 963 perceperint‚etiam

236 975 399 1014 tamquam
414 971 511 1004 liuius
531 972 775 1005 constitutionis
792 972 976 1013 violatores,

236 1023 270 1057 in
294 1035 427 1068 poenas,
455 1036 534 1069 quae
561 1026 593 1059 in
620 1027 657 1059 ea
681 1031 758 1058 sunt
783 1026 976 1070 descriptae,

235 1076 307 1121 ipso
332 1078 413 1111 sacto
439 1078 619 1112 incurrant.

280 1131 429 1165 Ceterum
455 1132 607 1165 omnibus
626 1138 657 1165 et
675 1133 811 1175 singulis
837 1144 978 1166 commu-

235 1185 399 1227 nitatibus,
416 1186 683 1219 universitatibus
702 1192 733 1219 et
751 1187 881 1230 populis
900 1198 978 1230 qua-

236 1249 450 1282 rumcumque
489 1239 751 1282 provinciarum,
793 1239 977 1280 civitatum,

237 1297 407 1333 terrarum,
433 1293 642 1336 oppidorum,
670 1299 852 1326 castrorum
879 1298 911 1326 et
937 1294 980 1327 lo-

236 1355 348 1378 corum
369 1345 474 1378 Status
492 1346 594 1378 nostri
619 1347 806 1388 temporalis
825 1346 978 1380 Ecclesia-

235 1399 324 1440 stici,
347 1409 524 1443 earumque
550 1399 690 1440 senatui,
717 1400 874 1441 consiliis,
901 1402 978 1434 adu-

234 1453 355 1486 nantiis
381 1457 413 1485 et
438 1453 754 1496 congregationibus,
785 1454 978 1496 magistrati-

234 1505 295 1538 bus
314 1510 344 1539 et
361 1505 690 1546 administratoribus,
709 1517 887 1550 eorumque
913 1508 978 1540 sin-

237 1559 404 1601 gularibus
418 1559 579 1603 personis,
595 1559 739 1592 districte
756 1560 977 1594 interdicimus

237 1617 269 1645 et
292 1613 524 1656 probibemus,
552 1623 592 1646 ne
617 1613 688 1656 quis
715 1624 825 1646 eorum
850 1616 899 1648 vel
927 1625 978 1648 ca-

236 1676 327 1707 rum,
355 1667 415 1700 sub
448 1667 561 1711 quovis
586 1672 755 1711 praetextu
783 1673 837 1700 aut
861 1670 977 1708 causa,

236 1720 330 1753 etiam
357 1721 486 1763 urgenti
506 1725 538 1753 et
554 1720 746 1759 necessaria,
764 1726 876 1754 contra
902 1732 978 1754 con-

235 1773 436 1807 stitutionem
476 1773 580 1807 felicis
622 1775 858 1808 recordationis
899 1775 976 1808 Sixti

235 1826 341 1870 Papae
362 1827 384 1859 V
409 1827 672 1871 praedecessoris
699 1828 800 1860 nostri
829 1839 910 1871 quae
936 1829 979 1860 in·

235 1879 314 1923 cipit
345 1879 433 1913 Inter
456 1880 567 1913 varias
592 1884 621 1913 et
646 1880 857 1924 multiplices,
883 1892 978 1924 quam

234 1943 295 1966 nos
319 1933 434 1966 harum
468 1933 552 1966 serie
578 1934 819 1977 approbamus,
848 1934 979 1968 innova-

234 1997 306 2019 mus
333 1991 365 2019 et
389 1986 598 2030 ampliamus,
624 1987 709 2020 bona
734 1993 790 2020 aut
822 1987 893 2020 iura
923 1999 978 2021 sua

234 2039 361 2080 vendat,
387 2040 517 2080 alienet,
544 2040 755 2084 liypotliecet‚
782 2046 837 2074 aut
862 2052 978 2074 census

235 2103 334 2137 super
358 2093 422 2127 illis
446 2093 613 2137 imponat,
641 2099 695 2126 aut
728 2105 786 2137 pro
811 2105 863 2135 se,
886 2105 979 2138 prac-

236 2152 382 2190 terquam
410 2157 445 2180 ex
473 2148 566 2179 causa
590 2147 764 2180 locationis
790 2153 913 2180 tantum
939 2149 978 2181 ad

235 2200 400 2234 modicum
438 2205 565 2244 tempus
602 2206 634 2234 et
669 2201 888 2234 solutionibus
913 2212 976 2234 non

236 2253 432 2297 anticipatis,
449 2265 513 2287 non
540 2259 647 2287 autem
675 2255 766 2288 titulo
792 2255 979 2288 conductio-

236 2307 307 2348 nis,
333 2317 393 2341 nec
418 2308 487 2341 ullo
513 2308 611 2341 modo
643 2318 703 2351 pro
740 2307 811 2340 aliis
838 2308 977 2349 obliget,

237 2361 304 2393 sive
330 2371 403 2394 aere
437 2360 544 2394 alieno
577 2371 611 2393 se
644 2360 844 2402 obstringat,
872 2370 977 2403 neque

237 2413 362 2457 legatos
387 2424 443 2447 scu
470 2418 619 2447 oratores
650 2414 687 2446 ad
721 2423 780 2446 nos
806 2418 838 2446 et
862 2413 976 2446 Sedcm

238 2467 456 2510 Apostolicam
483 2467 665 2510 sumptibus
692 2466 834 2509 publicis
861 2470 914 2500 aut
938 2472 979 2499 ct-

237 2519 298 2552 iam
322 2520 456 2564 privatis
489 2525 520 2553 et
549 2519 692 2563 propriis
720 2519 864 2562 ipsorum
891 2520 977 2562 lega-

238 2578 367 2614 torum,
401 2583 508 2617 neque
545 2572 668 2605 etiamsi
703 2572 764 2615 ipsi
797 2578 912 2616 spontc
947 2573 977 2605 id

1023 344 1103 368 neve
1122 334 1188 368 'sub
1213 335 1344 369 nomine
1370 336 1499 379 agentis
1532 340 1585 369 aut
1609 336 1765 379 negocio-

1024 398 1093 420 rum
1132 388 1269 430 gestoris
1307 389 1356 422 vel
1393 390 1637 433 procuratoris,
1663 386 1762 429 alias,

1024 451 1118 483 quarn
1146 442 1184 473 ad
1207 442 1421 474 necessariam
1441 443 1544 475 litium
1564 443 1764 486 prosecutio-

1023 503 1096 525 nem
1123 493 1153 526 in
1175 494 1319 526 Romana
1337 494 1443 534 Curia,
1464 496 1587 538 pariter
1612 495 1763 539 expensis

1023 547 1250 580 communibus
1284 553 1338 579 aut
1369 548 1503 591 privatis
1541 549 1682 581 retinere
1709 555 1765 581 aut

1024 599 1171 639 mittere,
1200 611 1278 633 neve
1306 600 1468 644 quispiam
1496 601 1526 633 id
1553 613 1668 634 munus
1694 612 1764 634 sus—

1023 652 1130 695 cipere
1165 658 1218 684 aut
1254 653 1345 686 obire
1385 654 1520 693 audeat,
1559 655 1621 687 nisi
1655 655 1764 688 habita

1023 705 1111 748 prius
1130 705 1238 749 quoad
1260 706 1476 748 obligationes
1496 712 1527 739 et
1547 707 1763 740 alienationes

1023 759 1155 792 lieentia
1188 760 1276 792 iuxta
1308 761 1495 803 praedictae
1528 761 1604 793 Sixti
1632 763 1766 804 praede-

1023 813 1162 845 cessoris
1202 814 1447 846 constitutionis
1489 820 1657 855 tenorem;
1700 826 1763 858 quo

1024 876 1099 898 vero
1125 867 1163 899 ad
1189 867 1366 900 mittendos
1385 868 1510 910 legatos
1529 878 1584 900 sen
1603 873 1762 907 oratores,

1023 930 1040 952 a
1065 920 1158 952 nobis
1184 921 1232 953 vel
1258 931 1317 964 pro
1352 925 1496 964 tempore
1523 921 1680 954 existente
1705 921 1766 954 Ro-

1023 983 1117 1006 mano
1134 973 1300 1013 Ponffllice,
1319 974 1367 1006 vel
1393 975 1431 1006 ab
1458 985 1496 1007 eo
1524 974 1576 1017 qui
1602 975 1765 1007 consulta-

1025 1026 1166 1060 tionibus
1191 1027 1400 1070 negociorum
1422 1027 1528 1060 Status
1545 1027 1763 1061 Ecclesiastiei

1023 1090 1081 1123 pro
1101 1084 1249 1124 tempore
1269 1080 1423 1123 praeerit,
1442 1081 1608 1113 dumtaxat
1634 1081 1664 1112 in
1687 1082 1765 1113 scri-

1023 1136 1085 1176 ptis
1112 1135 1254 1173 obtenta,
1280 1134 1349 1166 sine
1375 1144 1436 1177 qua
1462 1133 1487 1166 si
1508 1134 1578 1177 quis
1596 1134 1626 1166 id
1647 1144 1764 1167 munus

1023 1187 1190 1230 suscipere
1209 1197 1304 1220 ausus
1323 1187 1430 1226 suerit,
1450 1193 1576 1230 praeter
1603 1187 1682 1220 alias
1704 1197 1764 1230 per

1022 1240 1142 1273 Sixtum
1168 1241 1455 1283 praedecessorem
1478 1240 1614 1273 inflictas
1633 1251 1762 1284 poenas,

1023 1294 1117 1327 etiam
1144 1293 1257 1327 officiis
1281 1304 1342 1337 per
1367 1304 1439 1326 eum
1460 1294 1600 1326 obtentis
1627 1305 1665 1327 eo
1690 1294 1763 1337 ipso

1022 1347 1177 1390 privatus,
1204 1352 1235 1380 et
1260 1347 1298 1380 ad
1325 1347 1379 1380 illa
1399 1352 1429 1379 et
1453 1347 1515 1380 alia
1541 1357 1763 1391 quaecumque

1024 1401 1201 1434 obtinenda
1218 1405 1377 1444 perpetuo
1398 1401 1553 1433 inhabilis
1571 1407 1601 1433 et
1619 1401 1764 1444 incapax,

1023 1465 1149 1488 necnon
1176 1454 1305 1486 infamis
1331 1459 1362 1487 et
1395 1454 1571 1496 ignominia
1597 1460 1693 1497 atque
1720 1454 1765 1487 in-

1023 1509 1119 1541 famia
1143 1513 1268 1541 notatus
1294 1513 1477 1540 censeatur,

1067 1562 1113 1595 Ad
1133 1562 1213 1594 haec
1231 1561 1443 1604 prohibemus
1463 1561 1594 1604 pariter,
1612 1571 1652 1594 ne
1671 1571 1764 1604 prae-

1023 1615 1126 1648 dictae
1163 1614 1422 1654 comi‘nunitates,
1455 1614 1691 1655 universitates,
1718 1625 1764 1648 ea-

1023 1679 1132 1702 rumve
1170 1667 1327 1710 collegia‚
1365 1672 1515 1709 senatus,
1552 1668 1762 1708 adunantiae,

1023 1721 1317 1764 congregationes,
1345 1720 1572 1763 magistratus,
1598 1721 1762 1761 officiales,

1023 1781 1078 1808 aut
1115 1776 1296 1818 singulares
1334 1785 1520 1818 personae,
1558 1776 1625 1808 ullo
1664 1776 1763 1808 modo

1022 1834 1233 1873 praesumant
1270 1839 1307 1861 ex
1339 1828 1520 1868 fructibus,
1547 1828 1707 1861 reditibus
1734 1834 1765 1861 et

1022 1881 1240 1926 proventibus,
1267 1881 1410 1914 collectis
1439 1882 1486 1914 vel
1514 1881 1762 1914 contributioni-

1023 1936 1081 1968 bus
1104 1935 1199 1968 certis
1235 1934 1284 1966 vel
1323 1934 1475 1973 incertis,
1498 1934 1671 1966 ordinariis
1707 1945 1763 1967 seu

1023 1987 1289 2021 extraordinariis
1315 1987 1363 2019 sui
1391 1986 1506 2019 aerarii
1545 1997 1599 2019 seu
1638 1998 1763 2020 massae

1023 2041 1220 2080 communis,
1247 2040 1311 2073 sire
1345 2050 1379 2073 ex
1407 2040 1554 2083 pecuniis
1581 2040 1676 2072 ctiam
1702 2040 1765 2083 pri-

1023 2095 1102 2127 vatis
1117 2099 1145 2126 et
1160 2093 1413 2137 particularibus
1427 2093 1629 2135 singulorum
1648 2093 1764 2126 civium

1022 2158 1081 2191 per
1104 2147 1187 2179 viam
1213 2145 1415 2179 voluntariae
1440 2147 1596 2179 collectae
1616 2157 1673 2179 scu
1693 2156 1766 2179 con-

1024 2200 1207 2233 tributionis
1227 2200 1257 2232 in
1277 2210 1448 2232 commune
1475 2200 1646 2242 congestis,
1666 2200 1763 2233 etiam

1022 2254 1160 2288 cuiusvis
1186 2253 1296 2285 statuti
1333 2263 1388 2285 scu
1416 2253 1681 2293 consuetudinis,
1710 2259 1765 2286 aut

1022 2307 1128 2341 verius
1155 2307 1359 2350 corruptelae
1386 2312 1567 2349 praetextu,
1588 2317 1623 2339 cx
1652 2307 1764 2349 quavis

1022 2363 1139 2400 causa,
1167 2361 1261 2393 etiam
1289 2360 1384 2392 solita
1410 2365 1440 2392 et
1466 2360 1673 2399 rationabili,
1701 2371 1764 2393 mu-

1022 2425 1097 2447 nera
1116 2420 1168 2446 aut
1186 2414 1269 2446 dona
1288 2423 1509 2456 quaecumque
1529 2413 1627 2445 cuivis
1643 2413 1761 2456 legato,

1024 2467 1210 2509 vicelegam,
1230 2466 1457 2508 gubernatori,
1478 2466 1667 2509 protectori,
1687 2466 1765 2499 vicc-

1022 2519 1210 2563 protectori‚
1239 2518 1392 2562 praesidi,
1422 2518 1548 2551 officiali
1576 2525 1630 2551 aut
1656 2530 1765 2562 perso-

1022 2583 1093 2613 nae,
1110 2573 1205 2605 etiam
1222 2570 1330 2614 quavis
1346 2576 1408 2603 tam
1424 2571 1651 2613 ecclesiastica,
1667 2572 1763 2604 etiam

237 2637 354 2660 munus
379 2626 544 2670 suscipere
571 2631 602 2660 et
627 2626 665 2659 dc
683 2636 741 2659 suo
768 2626 903 2669 proprio
925 2626 980 2658 im·
1022 2625 1213 2669 pontificati,
1231 2630 1285 2657 aut
1303 2624 1363 2657 alia
1382 2624 1509 2665 maiori,
1528 2625 1624 2658 etiam
1645 2625 1763 2659 S.R.E.

236 2690 355 2726 pensas
382 2679 490 2713 subire
516 2679 636 2722 velint,
664 2673 806 2723 unquam
832 2679 977 2721 mittant,
1024 2679 1267 2719 cardinalatus,
1293 2688 1385 2724 quam
1407 2678 1569 2713 mundana
1606 2678 1763 2723 dignitate

1665 274 1728 311 587
1775 285 1824 312 An.
1845 283 1961 313 &1734
